time_exchange;time_coinpai;guid;price;base_amount;taker_side
2016-04-03T00:32:57.000000;2016-04-03T00:32:57.197000;f2ff3218-fc18-4670-b475-2f32b8f927e4;11.61;0.1;SELL
2016-04-03T00:34:59.000000;2016-04-03T00:34:59.763000;215d37ee-0975-408b-b34a-e2d0e253cb94;11.608;0.1;SELL
2016-04-03T00:34:59.000000;2016-04-03T00:34:59.770000;b8383c2c-879c-4c57-800c-1ba4b7e76507;11.608;0.148908;SELL
2016-04-03T00:35:02.000000;2016-04-03T00:35:02.727000;05c417ec-3361-400f-b8d9-f7caae0b769d;11.607;0.15256;BUY
2016-04-03T00:35:12.000000;2016-04-03T00:35:12.683000;5f2f63ac-846e-4f1f-b624-bc1b503012bd;11.604;0.155462;BUY
2016-04-03T00:35:18.000000;2016-04-03T00:35:18.893000;063c90f2-a7c1-4d8e-a35f-e2ea6fabeb0a;11.6;1.0;SELL
2016-04-03T00:35:20.000000;2016-04-03T00:35:20.567000;06e55605-49d5-4866-8c60-c4aa5fbc4838;11.598;0.158274;BUY
2016-04-03T00:35:26.000000;2016-04-03T00:35:27.497000;72ddbc24-9404-4aec-957f-79a0ac0f2a92;11.576;0.1;SELL
2016-04-03T00:35:26.000000;2016-04-03T00:35:27.510000;6442992c-eb65-440d-af97-80b2688409f7;11.575;2.33273;SELL
2016-04-03T00:35:26.000000;2016-04-03T00:35:27.533000;9361bcf5-72e5-4bfc-ae30-90719067451f;11.564;0.1;SELL
2016-04-03T00:35:26.000000;2016-04-03T00:35:27.540000;311147d3-5bad-4395-a726-03e72a2fd34e;11.562;0.1;SELL
2016-04-03T00:35:26.000000;2016-04-03T00:35:27.543000;f3ba8166-c188-4807-bb7a-900bb9605b48;11.559;0.1;SELL
2016-04-03T00:35:26.000000;2016-04-03T00:35:27.570000;6bc4f5b0-83cd-44d0-ad27-b5123927562a;11.557;0.1;SELL
2016-04-03T00:35:26.000000;2016-04-03T00:35:27.573000;5dedfc1c-adb2-4dd3-99ba-611fd7713794;11.553;0.1;SELL
2016-04-03T00:35:26.000000;2016-04-03T00:35:27.573000;78deabbc-8110-4c5b-badf-45af0f49789e;11.55;0.1;SELL
2016-04-03T00:35:26.000000;2016-04-03T00:35:27.573000;95323ae9-6a2b-4e91-ab76-e882603e094f;11.541;0.1;SELL
2016-04-03T00:35:26.000000;2016-04-03T00:35:27.573000;b1ad00f6-72b7-40be-8694-9c7da2bbcf3d;11.541;0.1;SELL
2016-04-03T00:35:26.000000;2016-04-03T00:35:27.587000;1b409414-145a-4e87-9f1e-d4b289796504;11.522;0.1;SELL
2016-04-03T00:35:26.000000;2016-04-03T00:35:27.603000;076300d3-cfc8-4355-8793-d0c2a9f61ae6;11.521;2.44609933;SELL
2016-04-03T00:35:26.000000;2016-04-03T00:35:27.603000;b73f22ef-d1ca-4caf-ba6d-b66eaaddd242;11.52;2.6713839;SELL
2016-04-03T00:42:52.000000;2016-04-03T00:42:52.817000;39bb7a1f-d608-4fc9-a686-dc5c938a541e;11.606;0.156437;BUY
2016-04-03T00:50:37.000000;2016-04-03T00:50:37.227000;b7c8d999-85a0-4c2e-8d40-2583f6f28458;11.596;0.152156;BUY
2016-04-03T00:51:33.000000;2016-04-03T00:51:33.263000;5cd11ca3-1c83-46f4-8837-68c479d91bac;11.596;0.149612;BUY
2016-04-03T00:51:39.000000;2016-04-03T00:51:39.723000;1e0e0651-1011-46c5-bdec-79680472dd0c;11.596;0.1529;BUY
2016-04-03T00:51:49.000000;2016-04-03T00:51:49.270000;8f70f200-4f00-4fd2-9e9d-5b2831a13e1d;11.596;0.159608;BUY
2016-04-03T00:51:53.000000;2016-04-03T00:51:53.243000;4a8dcc98-e066-4b19-bb61-5793368bf96b;11.596;0.154612;BUY
2016-04-03T00:52:06.000000;2016-04-03T00:52:06.093000;25c63489-d1ea-4000-8160-374cf174624d;11.596;0.150883;BUY
2016-04-03T00:52:15.000000;2016-04-03T00:52:15.830000;e40e08f8-a241-4a25-9caf-a305e3a3ff70;11.596;0.151771;BUY
2016-04-03T00:52:25.000000;2016-04-03T00:52:25.257000;e2dd5217-df7d-4b6d-8a14-e4c2a97971b4;11.596;0.158338;BUY
2016-04-03T00:57:29.000000;2016-04-03T00:57:29.850000;e8566499-c307-4c99-b1d4-023fbb32c400;11.592;1.0;BUY
2016-04-03T00:57:38.000000;2016-04-03T00:57:38.063000;3f63e7ad-bf52-4efe-8cb8-0a79e0363fdd;11.592;10.0;BUY
2016-04-03T00:59:52.000000;2016-04-03T00:59:52.300000;50e71664-d723-4b57-b96c-c87fab19325e;11.592;0.158932;BUY
2016-04-03T00:59:58.000000;2016-04-03T00:59:58.830000;49476051-1c98-4847-a47e-06381e2385e8;11.592;0.156083;BUY
2016-04-03T01:00:58.000000;2016-04-03T01:00:58.963000;db6d4871-522c-45c4-93b7-5d50a633d778;11.592;0.154797;BUY
2016-04-03T01:01:04.000000;2016-04-03T01:01:04.267000;2b3bc575-80c3-4fd7-9ff5-2e432aae16fb;11.592;0.152904;BUY
2016-04-03T01:01:12.000000;2016-04-03T01:01:12.360000;c936aa2c-178f-4448-bae5-b007aa88d697;11.592;0.152953;BUY
2016-04-03T01:01:16.000000;2016-04-03T01:01:16.260000;3f46d531-e3cd-4c27-a5d4-6f92f31eb0c8;11.592;0.138737;BUY
2016-04-03T01:01:28.000000;2016-04-03T01:01:28.620000;26cb26d6-0294-4de5-bcda-6b5ba4db2125;11.592;0.155076;BUY
2016-04-03T01:01:40.000000;2016-04-03T01:01:40.553000;ed47a07b-b4be-4502-abed-3ea7045d7daf;11.592;0.154475;BUY
2016-04-03T01:09:15.000000;2016-04-03T01:09:15.987000;18707f90-0d99-423a-b11d-228b55b0b40b;11.59;0.157846;BUY
2016-04-03T01:16:49.000000;2016-04-03T01:16:49.703000;cd0c39c9-97ac-486f-9537-4916730ce945;11.565;0.155633;BUY
2016-04-03T01:16:50.000000;2016-04-03T01:16:50.117000;152e932a-35f9-4542-b2e3-c7177b944e63;11.564;0.154489;SELL
2016-04-03T01:17:01.000000;2016-04-03T01:17:01.727000;5cd87eec-9f21-4507-a052-a7f4be2e7003;11.56;0.154695;BUY
2016-04-03T01:17:13.000000;2016-04-03T01:17:13.830000;cb17b582-d496-43b4-adaf-6fee4db2c75e;11.565;0.150896;BUY
2016-04-03T01:17:23.000000;2016-04-03T01:17:23.430000;8844365d-c2d9-49f7-a851-72aad2927bac;11.561;0.149591;BUY
2016-04-03T01:17:31.000000;2016-04-03T01:17:31.357000;1c69cc05-a519-4845-a2c2-bd5a64541cd0;11.558;0.150513;SELL
2016-04-03T01:17:37.000000;2016-04-03T01:17:37.603000;2352ddee-7afa-4dee-b381-7e80ed1b62fa;11.57;0.14844;SELL
2016-04-03T01:17:47.000000;2016-04-03T01:17:47.410000;79f4f169-e9bc-4558-9e23-78a8c59df85b;11.57;0.15548;BUY
2016-04-03T01:17:56.000000;2016-04-03T01:17:56.827000;6e1a173d-3ef4-4a89-ae8e-21cd8cbaed57;11.568;0.158215;SELL
2016-04-03T01:18:09.000000;2016-04-03T01:18:09.200000;2b5a2418-cda5-4a3e-8e95-257cbec34940;11.57;0.156873;BUY
2016-04-03T01:18:15.000000;2016-04-03T01:18:15.507000;920871b9-a5e9-4d4b-a29e-5d8434ea64a8;11.571;0.151572;BUY
2016-04-03T01:24:58.000000;2016-04-03T01:24:58.187000;8f737934-950e-4f88-944c-bbd4ee52b889;11.557;0.152635;SELL
2016-04-03T01:25:35.000000;2016-04-03T01:25:35.360000;30d8b35f-80b4-45d3-b265-8a2688b4366a;11.557;0.148583;BUY
2016-04-03T01:25:35.000000;2016-04-03T01:25:35.630000;71767974-6adb-4fa5-9d3c-5cac1ade989a;11.556;0.15239;SELL
2016-04-03T01:26:15.000000;2016-04-03T01:26:15.360000;9d6c206a-5bd0-4230-bfe9-6112158a784b;11.568;0.151724;BUY
2016-04-03T01:26:20.000000;2016-04-03T01:26:20.350000;79888f4a-d7b4-4007-a344-214f8b297199;11.565;0.145996;BUY
2016-04-03T01:26:33.000000;2016-04-03T01:26:33.147000;860b87b2-dd58-4b7b-811a-a514e5e9b9a7;11.56;0.154839;BUY
2016-04-03T01:26:50.000000;2016-04-03T01:26:50.547000;8006d211-2a81-4b03-a773-2b8725d29db8;11.55;0.153721;BUY
2016-04-03T01:27:01.000000;2016-04-03T01:27:01.147000;65f76ca7-9e79-4f1b-b07c-e603f9c9a333;11.55;0.151678;BUY
2016-04-03T01:27:13.000000;2016-04-03T01:27:13.167000;fcb5c6e5-e15a-45d4-976f-ebae3bba65cd;11.55;0.155165;BUY
2016-04-03T01:29:34.000000;2016-04-03T01:29:34.663000;b2e9a757-d0d2-4d01-b43d-680ac66a50f9;11.55;0.28;BUY
2016-04-03T01:33:26.000000;2016-04-03T01:33:26.747000;6b7b6db4-1f97-49cb-a4b2-18ab08a4edc4;11.549;0.151904;SELL
2016-04-03T01:34:21.000000;2016-04-03T01:34:21.713000;ee639d05-4f5a-460e-926e-6ee5faab68ef;11.55;0.149584;BUY
2016-04-03T01:34:33.000000;2016-04-03T01:34:33.983000;2e07b23f-c81e-4176-b9db-7d0b601d2db9;11.55;0.139667;BUY
2016-04-03T01:35:07.000000;2016-04-03T01:35:07.740000;9e4e3186-10a1-49d2-a7d1-414df4350b83;11.55;0.154135;BUY
2016-04-03T01:42:06.000000;2016-04-03T01:42:06.190000;39c620aa-bdcd-451b-924e-a6f4a9dcede7;11.55;0.13527;BUY
2016-04-03T01:42:24.000000;2016-04-03T01:42:25.013000;81c2a92f-72a8-46b1-b7d7-e3c78d74b3b3;11.55;0.153858;BUY
2016-04-03T01:42:31.000000;2016-04-03T01:42:31.640000;95fba7a4-a618-4a22-a870-b5a463123379;11.55;0.147819;BUY
2016-04-03T01:42:39.000000;2016-04-03T01:42:39.733000;9046da90-87db-4641-b229-c95633ceb91b;11.55;0.141599;BUY
2016-04-03T01:50:14.000000;2016-04-03T01:50:15.040000;faeaaa42-6c28-4d25-9106-b2964c3881d7;11.55;0.142467;BUY
2016-04-03T01:50:26.000000;2016-04-03T01:50:26.857000;aaae0df3-7e71-4689-b1be-af0f93d85f30;11.548;0.147966;BUY
2016-04-03T01:50:31.000000;2016-04-03T01:50:31.673000;905ec872-7252-4bd5-a9bb-88822fce0f36;11.548;0.149947;BUY
2016-04-03T01:57:49.000000;2016-04-03T01:57:49.430000;82f59caf-460f-455a-bffa-a57439b8ac1b;11.55;0.14562;BUY
2016-04-03T01:59:07.000000;2016-04-03T01:59:07.773000;da078f8e-75db-45e0-be2e-8157280fb5ac;11.55;0.150195;BUY
2016-04-03T01:59:18.000000;2016-04-03T01:59:18.963000;2f947fc6-ca92-49f9-8f61-cb2cf39bd12a;11.55;0.14999;BUY
2016-04-03T01:59:29.000000;2016-04-03T01:59:30.000000;facef451-d85c-4e00-938b-6b1194aa5798;11.55;0.141026;BUY
2016-04-03T01:59:35.000000;2016-04-03T01:59:35.767000;4a6ab154-1b43-40c9-846e-148ebeebc26c;11.55;0.142438;BUY
2016-04-03T01:59:50.000000;2016-04-03T01:59:50.853000;1852efb3-9a7f-4fb6-8f9c-c7e159cf74b3;11.55;0.132957;BUY
2016-04-03T02:00:03.000000;2016-04-03T02:00:03.660000;04f88201-8023-4296-b24a-36efcc06b293;11.55;0.143145;BUY
2016-04-03T02:04:20.000000;2016-04-03T02:04:20.750000;f5f593a4-d28c-435e-9618-5c63b05fef92;11.546;0.148776;SELL
2016-04-03T02:04:20.000000;2016-04-03T02:04:20.753000;f76b223c-7b48-472c-ae48-54988fc8200b;11.52;0.8522161;SELL
2016-04-03T02:04:26.000000;2016-04-03T02:04:26.450000;5b70d0ae-83a9-498a-a8e9-ab892c9012f3;11.546;0.141172;SELL
2016-04-03T02:04:39.000000;2016-04-03T02:04:39.497000;a94802f8-ebf1-4cec-8844-6402dabbcd6a;11.539;0.151636;SELL
2016-04-03T02:04:39.000000;2016-04-03T02:04:39.910000;80c36317-a377-4b4c-9289-fc027a3c5eb9;11.49;0.1;SELL
2016-04-03T02:04:39.000000;2016-04-03T02:04:39.923000;65736128-de2e-4411-a818-bb56b98b6bcd;11.485;0.5;SELL
2016-04-03T02:04:39.000000;2016-04-03T02:04:39.950000;9310a93c-11e4-4fee-9c46-cafb848faacf;11.484;0.1081841;SELL
2016-04-03T02:04:40.000000;2016-04-03T02:04:40.237000;164e2ada-d7cd-4d13-8ea2-62e9f4a713a3;11.484;0.7081841;SELL
2016-04-03T02:04:40.000000;2016-04-03T02:04:40.840000;1758d896-1e8c-4de3-acee-935165e143c2;11.484;0.7081841;SELL
2016-04-03T02:06:30.000000;2016-04-03T02:06:30.093000;dd555f15-270f-4a06-bf90-cb2d6ca47d72;11.542;0.148996;SELL
2016-04-03T02:06:41.000000;2016-04-03T02:06:41.907000;744e8bf7-9743-48d9-81c2-d85f77a744ea;11.54;0.143249;SELL
2016-04-03T02:06:46.000000;2016-04-03T02:06:46.610000;4f705ba6-9e64-4f21-b40b-b0a33497f26c;11.54;0.149506;BUY
2016-04-03T02:07:03.000000;2016-04-03T02:07:03.943000;36cc4f0a-e02b-4590-b9f1-4e5c3577902d;11.54;0.151601;BUY
2016-04-03T02:07:14.000000;2016-04-03T02:07:14.697000;dcf505e5-6de8-4708-8eb4-523b5facb624;11.541;0.13681;BUY
2016-04-03T02:07:57.000000;2016-04-03T02:07:57.427000;5bb52dbd-fd54-4762-bbdf-84073c4aa798;11.539;0.146298;BUY
2016-04-03T02:08:37.000000;2016-04-03T02:08:37.157000;a2f94acd-aac1-4385-a574-4125e3930794;11.539;0.143206;BUY
2016-04-03T02:08:44.000000;2016-04-03T02:08:44.353000;43d9a3bf-964c-47f3-9421-aa45be8febd7;11.537;0.149919;BUY
2016-04-03T02:08:56.000000;2016-04-03T02:08:56.343000;324d1b2e-ed49-4965-8fe3-8a596549a59b;11.535;0.149796;BUY
2016-04-03T02:09:06.000000;2016-04-03T02:09:06.903000;a9f9142f-a3c7-45dd-b90b-2926cd8cf008;11.535;0.151394;BUY
2016-04-03T02:09:16.000000;2016-04-03T02:09:16.383000;683e99e7-60ab-41ca-8ea1-e932f29c59d9;11.535;0.151465;BUY
2016-04-03T02:09:22.000000;2016-04-03T02:09:22.383000;96f8350c-0916-427b-babf-904147e3620f;11.535;0.145528;BUY
2016-04-03T02:16:24.000000;2016-04-03T02:16:24.847000;e392bdcc-994e-4921-8baf-62bd2a20e6b8;11.523;0.136895;BUY
2016-04-03T02:16:35.000000;2016-04-03T02:16:35.230000;9f3b0fc0-a153-4fb7-b55e-f9ea0b789db4;11.523;0.145995;BUY
2016-04-03T02:18:00.000000;2016-04-03T02:18:00.127000;8f9c4524-cb01-4d11-a500-12e9b0758a6d;11.523;0.142449;BUY
2016-04-03T02:18:09.000000;2016-04-03T02:18:09.700000;2705bf64-ea4b-4270-9717-b6fa90b14b58;11.523;0.147676;BUY
2016-04-03T02:18:16.000000;2016-04-03T02:18:16.917000;1894d740-d4a7-4154-ae39-7d5945597daf;11.523;0.148347;BUY
2016-04-03T02:18:29.000000;2016-04-03T02:18:29.783000;af850928-806d-4c28-8ff7-0b93c4e61dbd;11.523;0.131447;BUY
2016-04-03T02:18:37.000000;2016-04-03T02:18:37.790000;cdba01cf-a5b3-44a8-882b-69df4525c4d7;11.523;0.132576;BUY
2016-04-03T02:18:45.000000;2016-04-03T02:18:45.790000;2c8a782d-5a1f-4bf2-8555-d6264fc8d152;11.523;0.149716;BUY
2016-04-03T02:25:47.000000;2016-04-03T02:25:47.240000;dc44d592-c834-48ec-8c14-532c8f162897;11.544;0.147761;BUY
2016-04-03T02:32:47.000000;2016-04-03T02:32:47.840000;02d4074b-6ec5-45ac-ad05-d54abb8c5816;11.533;0.146488;BUY
2016-04-03T02:32:55.000000;2016-04-03T02:32:55.683000;423aadb9-346e-4220-9896-d222b501f258;11.533;0.131376;BUY
2016-04-03T02:40:40.000000;2016-04-03T02:40:40.383000;1d8afe02-6e1e-4b1a-940c-3f224943b2ca;11.533;0.145879;BUY
2016-04-03T02:42:13.000000;2016-04-03T02:42:13.100000;80435c6b-2280-4663-8e99-2bcd8a848e67;11.533;0.148639;BUY
2016-04-03T02:42:17.000000;2016-04-03T02:42:17.573000;e75ed20b-2f90-476b-a76e-4e5228f265b4;11.533;0.134216;BUY
2016-04-03T02:42:25.000000;2016-04-03T02:42:25.567000;2dc09ffe-f4de-4300-84a2-2294af698bc3;11.533;0.143972;BUY
2016-04-03T02:42:33.000000;2016-04-03T02:42:33.810000;1ff0b37f-7137-454c-a33f-96f0ba699c18;11.533;0.126012;BUY
2016-04-03T02:42:41.000000;2016-04-03T02:42:41.607000;e692b61a-52d5-4865-9931-51d7e957bda6;11.533;0.134983;BUY
2016-04-03T02:42:51.000000;2016-04-03T02:42:51.967000;062ca782-c242-4834-a328-84822d83bbb1;11.533;0.135166;BUY
2016-04-03T02:42:57.000000;2016-04-03T02:42:57.580000;df7037b4-d4fc-41e6-a6cc-137c20104920;11.533;0.133803;BUY
2016-04-03T02:50:03.000000;2016-04-03T02:50:03.980000;6a00e622-8058-48d1-bd4c-31dee1fb2b8c;11.533;0.134751;BUY
2016-04-03T02:50:30.000000;2016-04-03T02:50:30.527000;533337a7-0897-4056-b948-a09aa6a064a1;11.533;10.0;BUY
2016-04-03T02:57:46.000000;2016-04-03T02:57:46.807000;4e7da154-66e3-4edf-8fd9-3561c6180367;11.549;0.135859;BUY
2016-04-03T03:05:24.000000;2016-04-03T03:05:24.983000;021589d4-c807-4fc7-9a2c-7e47e911ab07;11.549;0.145495;BUY
2016-04-03T03:12:36.000000;2016-04-03T03:12:36.983000;fddbc5cc-b1ef-446b-a569-83953993d334;11.549;0.138127;BUY
2016-04-03T03:12:42.000000;2016-04-03T03:12:42.197000;7371c532-c78e-44a1-a603-77e83b8daa8f;11.549;0.143454;BUY
2016-04-03T03:20:04.000000;2016-04-03T03:20:04.710000;2e366b9f-7cc6-47a8-a762-8a553f552b13;11.549;0.142682;BUY
2016-04-03T03:27:18.000000;2016-04-03T03:27:19.003000;235293b8-8c73-425e-bdba-bed31ea66575;11.549;0.13681;BUY
2016-04-03T03:27:58.000000;2016-04-03T03:27:58.210000;7daa106e-0f42-416b-818d-040ff5ca356f;11.55;0.139011;BUY
2016-04-03T03:28:07.000000;2016-04-03T03:28:07.680000;14d4d8e5-bfbf-4b1c-9e44-682b64c88caf;11.549;0.141465;BUY
2016-04-03T03:35:11.000000;2016-04-03T03:35:11.143000;061d661e-aa21-4b86-b1ec-40c98114db68;11.549;0.143758;BUY
2016-04-03T03:37:08.000000;2016-04-03T03:37:08.757000;e2407660-aac7-4243-ade4-c92a021b6876;11.536;0.14257;SELL
2016-04-03T03:38:20.000000;2016-04-03T03:38:20.973000;a0a33b4e-ac0b-460b-9d5e-57cad42fddd5;11.525;0.141799;SELL
2016-04-03T03:38:20.000000;2016-04-03T03:38:20.987000;b436135b-8a1c-41f3-b844-a820916756f1;11.501;1.71986511;SELL
2016-04-03T03:43:53.000000;2016-04-03T03:43:53.333000;fb294d49-86c8-4bbd-b0c3-ad39cd68d071;11.55;29.68968969;BUY
2016-04-03T03:45:03.000000;2016-04-03T03:45:03.367000;d139d555-5552-4e31-82e5-0d1b6567507c;11.55;0.144553;BUY
2016-04-03T03:45:11.000000;2016-04-03T03:45:11.310000;e19e39ca-4f29-48b7-854f-e4332ed5c116;11.55;0.1433;BUY
2016-04-03T03:49:20.000000;2016-04-03T03:49:20.630000;75bdd16d-da8f-4fc0-9d86-d1e4fe134280;11.55;10.9731123;BUY
2016-04-03T03:52:40.000000;2016-04-03T03:52:40.923000;f47a3129-1676-41c1-9070-94c7e7311257;11.609;0.133366;SELL
2016-04-03T03:52:45.000000;2016-04-03T03:52:46.007000;37e3bda0-8d55-45f3-993e-0e9f17aec420;11.608;0.139747;BUY
2016-04-03T03:53:02.000000;2016-04-03T03:53:02.117000;53b0b6ba-c0fe-425d-88b9-0bf5a169246f;11.604;0.145523;BUY
2016-04-03T03:53:10.000000;2016-04-03T03:53:10.263000;34dbd553-c8c6-4c43-99b8-b563c3a1c5c4;11.604;0.142636;BUY
2016-04-03T03:53:33.000000;2016-04-03T03:53:33.593000;db5fd094-36bb-4f15-8ee3-097cb021909a;11.606;0.142017;SELL
2016-04-03T04:07:09.000000;2016-04-03T04:07:09.083000;3476d7cf-81df-4b89-9846-ccbb9c5fb73c;11.591;0.13101;SELL
2016-04-03T04:14:13.000000;2016-04-03T04:14:14.053000;84b6b3d5-6f75-4af5-bb2f-c8e0ef5dab6c;11.58;0.142807;BUY
2016-04-03T04:21:13.000000;2016-04-03T04:21:13.183000;e12d018b-50cb-4033-82ae-f8ec27253e37;11.58;0.144465;BUY
2016-04-03T04:21:33.000000;2016-04-03T04:21:33.923000;2015e9c6-9951-47cf-8e8d-229949339e1d;11.577;0.134892;BUY
2016-04-03T04:28:15.000000;2016-04-03T04:28:15.253000;dff82afb-ea65-468c-a6eb-f13a851213fe;11.567;0.133473;BUY
2016-04-03T04:28:43.000000;2016-04-03T04:28:43.543000;f05965c2-b7dd-431b-a28f-de0ae48cbc6e;11.566;0.140292;BUY
2016-04-03T04:28:55.000000;2016-04-03T04:28:55.577000;7a621cff-55ab-4182-86bc-47847df4f65d;11.56;0.132126;BUY
2016-04-03T04:29:48.000000;2016-04-03T04:29:48.250000;a7aa0670-fedd-49cf-9ddc-54428e1d4107;11.549;0.141854;BUY
2016-04-03T04:30:28.000000;2016-04-03T04:30:28.237000;640c8f5f-25fc-4e10-9a17-a104816a8e8c;11.549;0.142527;BUY
2016-04-03T04:30:35.000000;2016-04-03T04:30:35.453000;2b7837e4-2a4c-4c9f-839d-1e77ee9c3688;11.549;0.141397;BUY
2016-04-03T04:30:51.000000;2016-04-03T04:30:51.530000;e6bd3f50-5bf5-41fb-9c91-d9cbc2be6f99;11.549;0.130877;BUY
2016-04-03T04:31:03.000000;2016-04-03T04:31:04.007000;540c8e58-b1bb-44f6-ad97-9aee04baa42e;11.549;0.144913;BUY
2016-04-03T04:31:10.000000;2016-04-03T04:31:10.263000;7e367325-955a-4574-899b-8c97e155285b;11.549;0.14333;BUY
2016-04-03T04:31:21.000000;2016-04-03T04:31:21.613000;c317fe2e-a4a7-424a-b4e6-98a459cd01f2;11.548;0.145477;BUY
2016-04-03T04:36:22.000000;2016-04-03T04:36:22.687000;6b32cf9e-a678-4afb-b468-676785e6057c;11.523;0.139637;BUY
2016-04-03T04:38:07.000000;2016-04-03T04:38:07.647000;aa17f924-f3dc-40df-a994-610a452987f9;11.521;0.142716;SELL
2016-04-03T04:38:07.000000;2016-04-03T04:38:07.663000;d5e00287-0526-4a12-90f7-179bb809eb3e;11.521;0.140927;BUY
2016-04-03T04:38:19.000000;2016-04-03T04:38:19.673000;be8cfef2-efe4-4c0b-ad3d-961599472834;11.52;0.12171;BUY
2016-04-03T04:45:37.000000;2016-04-03T04:45:37.867000;a22be2da-f5bc-423a-95a8-9809351dafdf;11.52;0.141979;BUY
2016-04-03T04:47:23.000000;2016-04-03T04:47:23.247000;60d94690-bcf6-4fb5-af74-654ce925ab03;11.52;0.134272;BUY
2016-04-03T04:47:35.000000;2016-04-03T04:47:35.230000;a61b1f6e-004e-49c4-bf6f-7aaadf9908d3;11.52;0.135353;BUY
2016-04-03T04:47:43.000000;2016-04-03T04:47:44.027000;c52469f6-6ed6-4a4b-8b3e-a29d152fcdf6;11.52;0.132921;BUY
2016-04-03T04:47:51.000000;2016-04-03T04:47:51.273000;3397664d-640f-48b6-8b05-cbc981d36f38;11.52;0.140073;BUY
2016-04-03T04:47:59.000000;2016-04-03T04:47:59.357000;a83fc453-0fb4-4009-a0d0-6507fe18e57b;11.52;0.137181;BUY
2016-04-03T04:54:38.000000;2016-04-03T04:54:38.473000;8cfd3e4b-b20c-4aad-b8a0-af20f74e6892;11.52;0.141861;BUY
2016-04-03T04:54:42.000000;2016-04-03T04:54:42.433000;e7ee7370-ea5f-474d-ac65-7b38cb949274;11.52;0.141905;BUY
2016-04-03T04:54:52.000000;2016-04-03T04:54:52.233000;7f28262b-e2a6-4eb2-b078-a904a2af09c9;11.52;0.142108;BUY
2016-04-03T05:02:03.000000;2016-04-03T05:02:03.083000;65370b24-acc8-4092-9c0d-dcc08b1cb637;11.52;0.132272;BUY
2016-04-03T05:02:13.000000;2016-04-03T05:02:13.610000;5fa81b49-f510-42db-a3cf-83a74e867f91;11.52;0.13288;BUY
2016-04-03T05:02:46.000000;2016-04-03T05:02:46.623000;c9f61641-e578-47b9-b326-6b905063894a;11.591;0.136648;BUY
2016-04-03T05:09:41.000000;2016-04-03T05:09:41.607000;1a923bab-2870-4fb7-bd94-45b81a6fea2b;11.534;0.136207;BUY
2016-04-03T05:09:45.000000;2016-04-03T05:09:45.833000;cd42d5f8-a1d7-4887-87bc-9aba995b8a8e;11.534;0.133445;BUY
2016-04-03T05:11:28.000000;2016-04-03T05:11:28.223000;832d9c13-0326-4ca9-b174-342f7d6f880a;11.534;0.139551;BUY
2016-04-03T05:11:36.000000;2016-04-03T05:11:36.493000;ab6c607e-3cbc-417f-b83c-23ff0a2e94cd;11.497;0.1;SELL
2016-04-03T05:11:36.000000;2016-04-03T05:11:36.507000;0b91f1c5-a124-474d-a1f0-882e18ab2790;11.48;17.29954066;SELL
2016-04-03T05:11:41.000000;2016-04-03T05:11:41.983000;b0d8f2da-898e-4eff-9966-dbb87822f658;11.534;0.137392;BUY
2016-04-03T05:18:29.000000;2016-04-03T05:18:29.100000;65abd331-d62f-4871-99c2-8c605e740548;11.534;0.141118;BUY
2016-04-03T05:18:37.000000;2016-04-03T05:18:37.093000;2a64746d-f336-48cd-b732-6bdd81cff2f2;11.534;0.137533;BUY
2016-04-03T05:20:18.000000;2016-04-03T05:20:18.787000;5c859863-29cb-4223-94fa-3eb7c3c1e015;11.534;0.141545;BUY
2016-04-03T05:20:32.000000;2016-04-03T05:20:32.430000;a667be3b-d7e8-4d55-b9e4-2d83537b502a;11.534;0.137042;BUY
2016-04-03T05:20:48.000000;2016-04-03T05:20:48.397000;75c23db1-7c44-4b98-831f-8e05a2db6f5c;11.534;0.138297;BUY
2016-04-03T05:20:57.000000;2016-04-03T05:20:57.207000;38964af0-a3a8-4e7b-96f7-d47f18d33d37;11.534;0.137624;BUY
2016-04-03T05:37:12.000000;2016-04-03T05:37:12.707000;69db76c3-40c5-4436-b9f9-082a69294fdc;11.534;0.136853;BUY
2016-04-03T05:41:22.000000;2016-04-03T05:41:22.913000;82591c2a-cc34-4337-b814-6687b7d39521;11.534;50.195593;BUY
2016-04-03T05:42:33.000000;2016-04-03T05:42:33.190000;51fb1e3a-40bc-4777-bb92-34824bc5cc56;11.558;68.415;BUY
2016-04-03T05:44:26.000000;2016-04-03T05:44:26.913000;795cf109-6dd7-4f63-9bc2-8e1363bedfca;11.558;0.139849;BUY
2016-04-03T05:51:36.000000;2016-04-03T05:51:37.007000;83915248-5a5c-4922-85fb-36b6d95edca9;11.558;0.139338;BUY
2016-04-03T05:51:43.000000;2016-04-03T05:51:43.527000;c3d91707-5acc-489a-8cf7-5d7f70ca0027;11.558;0.132732;BUY
2016-04-03T06:02:29.000000;2016-04-03T06:02:30.030000;a89f84d0-1053-4011-9b2d-ff1127fc3d54;11.558;0.13898;BUY
2016-04-03T06:10:32.000000;2016-04-03T06:10:32.353000;b67393bc-e2c5-4ff6-b67e-89f54ec5f11c;11.558;0.138058;BUY
2016-04-03T06:17:45.000000;2016-04-03T06:17:45.953000;aaf0f51f-bc89-4da5-a48c-f45a7d7f2981;11.558;0.139773;BUY
2016-04-03T06:24:34.000000;2016-04-03T06:24:34.437000;9509012d-85cb-485b-80ab-de4064006038;11.555;0.134462;BUY
2016-04-03T06:31:28.000000;2016-04-03T06:31:28.293000;ff14e9a3-045a-43a3-ac6e-d868f7a7e55a;11.545;0.127708;BUY
2016-04-03T06:38:20.000000;2016-04-03T06:38:20.810000;72813175-9d25-4f55-be49-4ce196bad891;11.532;0.124072;BUY
2016-04-03T06:38:31.000000;2016-04-03T06:38:31.203000;076117d9-3882-4140-95b5-c03c26b18177;11.532;0.137334;BUY
2016-04-03T06:47:02.000000;2016-04-03T06:47:02.627000;fb0d4aa6-f4fe-41b7-834c-b36c1b02ce46;11.513;0.140987;BUY
2016-04-03T06:47:06.000000;2016-04-03T06:47:06.577000;a7cea778-c161-4064-95a8-6d06bf4c80e7;11.513;0.13128;BUY
2016-04-03T07:03:41.000000;2016-04-03T07:03:41.567000;81502b01-aeb9-4750-a945-ee502b146c7a;11.554;0.140155;BUY
2016-04-03T07:10:38.000000;2016-04-03T07:10:38.197000;ea189555-6b5d-4638-89e8-b59291149196;11.554;0.127846;SELL
2016-04-03T07:10:38.000000;2016-04-03T07:10:38.213000;8e13d436-dbbc-4e9c-9e4b-7918ebaf09d7;11.554;0.128912;SELL
2016-04-03T07:17:59.000000;2016-04-03T07:17:59.393000;fdcd700e-5a25-4ae4-b49d-41e6d466e37f;11.549;0.140778;BUY
2016-04-03T07:25:02.000000;2016-04-03T07:25:02.390000;2f20ae74-e133-422f-aa15-addc4ba5d0d5;11.549;0.129791;BUY
2016-04-03T07:32:13.000000;2016-04-03T07:32:13.887000;c57eda3a-1ebc-49cf-8458-5b5536bc4dda;11.548;0.133877;BUY
2016-04-03T07:39:33.000000;2016-04-03T07:39:33.763000;50db6dfc-3423-4890-b245-7faa0b3fea43;11.549;0.133744;BUY
2016-04-03T07:47:01.000000;2016-04-03T07:47:01.567000;a7a9d623-ac8f-4783-b968-6e2d742e5421;11.549;0.137533;BUY
2016-04-03T07:47:10.000000;2016-04-03T07:47:10.990000;4f8650dc-9ed1-421c-b888-e0633fa3fb2b;11.549;0.126008;BUY
2016-04-03T07:56:03.000000;2016-04-03T07:56:03.463000;b67e4847-256c-451d-9164-ef8a39c970fa;11.549;0.125719;BUY
2016-04-03T08:03:45.000000;2016-04-03T08:03:45.633000;6b9d4f12-29e8-414b-a44a-eb6dc365931f;11.544;0.134721;SELL
2016-04-03T08:10:30.000000;2016-04-03T08:10:30.720000;864334f3-4046-4bbf-b767-ea04707ef0a7;11.525;0.127402;BUY
2016-04-03T08:11:24.000000;2016-04-03T08:11:24.280000;380d895f-a3fa-4236-8072-686aae7f035f;11.478;2.5;SELL
2016-04-03T08:11:24.000000;2016-04-03T08:11:24.293000;196f18ab-79a0-4822-9719-8b6a66be8dbf;11.476;3.16272374;SELL
2016-04-03T08:11:24.000000;2016-04-03T08:11:24.317000;cae1c3d7-3a2e-4ded-90e0-20611e2e661e;11.475;4.403;SELL
2016-04-03T08:11:24.000000;2016-04-03T08:11:24.317000;df802d5f-fb28-4ef2-a001-aeaf7b0c51ee;11.472;11.23239963;SELL
2016-04-03T08:17:26.000000;2016-04-03T08:17:26.253000;058efe95-7c59-451f-8ebc-b61f84763d4a;11.52;51.9259;BUY
2016-04-03T08:17:26.000000;2016-04-03T08:17:26.263000;b2ae3552-66ed-4599-8a21-83fad756ddfd;11.549;0.0741;BUY
2016-04-03T08:17:33.000000;2016-04-03T08:17:33.457000;cd412328-64f5-4d30-8cf3-bf96542bc7cf;11.548;30.71126925;BUY
2016-04-03T08:17:33.000000;2016-04-03T08:17:33.467000;f99fb35d-15f7-401f-9b2c-17bd55c4dc42;11.549;2.4259;BUY
2016-04-03T08:17:33.000000;2016-04-03T08:17:33.487000;1926de10-bcb9-488f-b428-f66d379ce638;11.55;5.86283075;BUY
2016-04-03T08:17:39.000000;2016-04-03T08:17:39.687000;1829ebbe-952f-450b-a716-420b3edb70c0;11.55;0.03716925;BUY
2016-04-03T08:17:52.000000;2016-04-03T08:17:52.757000;c5041952-bcee-4c57-aec6-a6fb75c48ef8;11.553;0.130431;SELL
2016-04-03T08:17:55.000000;2016-04-03T08:17:55.740000;a401ea69-ed85-41e7-a73f-c058aad3e71c;11.552;0.126523;BUY
2016-04-03T08:18:16.000000;2016-04-03T08:18:16.470000;61740a69-16f3-4e83-98fb-8c7c751e9d6e;11.553;0.133022;BUY
2016-04-03T08:34:24.000000;2016-04-03T08:34:24.923000;7fcf1a95-f28b-48ba-be65-34f6d16ecd0c;11.553;0.139322;BUY
2016-04-03T08:42:05.000000;2016-04-03T08:42:05.463000;09d6158c-97b4-40fd-b065-f726c362a98b;11.553;0.135674;BUY
2016-04-03T08:51:14.000000;2016-04-03T08:51:14.170000;b3090851-7372-4936-8a91-ebb8dc7bc82c;11.553;0.129129;BUY
2016-04-03T08:58:11.000000;2016-04-03T08:58:11.387000;fe8eab8d-c93a-47ef-ba72-b72c460c0b7c;11.553;0.13477;BUY
2016-04-03T09:05:34.000000;2016-04-03T09:05:34.370000;9048f2b2-ce15-4924-8dd7-9cfc0c83295b;11.553;0.139234;BUY
2016-04-03T09:13:36.000000;2016-04-03T09:13:36.103000;83d335f2-430c-4a0c-b4f6-2301320a04cb;11.553;0.140553;BUY
2016-04-03T09:21:25.000000;2016-04-03T09:21:25.517000;2a8db193-478d-4f5b-a023-3993193e6381;11.553;0.140335;BUY
2016-04-03T09:21:34.000000;2016-04-03T09:21:34.483000;3a8dabc7-577c-4825-b83f-59ece04e24d8;11.553;0.133759;BUY
2016-04-03T09:23:09.000000;2016-04-03T09:23:09.547000;636f9738-1acd-4d9f-a153-f47d7a57c913;11.553;0.138688;BUY
2016-04-03T09:23:21.000000;2016-04-03T09:23:21.527000;e0bb670d-c35a-4892-9b7f-e44ad0d57ed6;11.553;0.135822;BUY
2016-04-03T09:23:29.000000;2016-04-03T09:23:29.567000;73ec4c43-3322-4ca0-8bf6-275d1c2ec131;11.553;0.132968;BUY
2016-04-03T09:23:37.000000;2016-04-03T09:23:37.520000;30f3d4e2-7736-41c4-8da6-bbb06eb9f950;11.553;0.139529;BUY
2016-04-03T09:23:50.000000;2016-04-03T09:23:50.227000;97cd377c-9af3-4698-bb00-3cafd8f3145f;11.553;0.140356;BUY
2016-04-03T09:23:54.000000;2016-04-03T09:23:54.213000;9028638d-44da-4c3f-8aba-6eb66313e577;11.553;0.140275;BUY
2016-04-03T10:08:05.000000;2016-04-03T10:08:05.887000;32a11543-77c0-4795-b93d-0aea8f0c4e36;11.554;0.36241128;BUY
2016-04-03T10:08:05.000000;2016-04-03T10:08:05.893000;2e148dd4-6486-42b9-8114-57ccd8307f26;11.554;0.67618872;BUY
2016-04-03T11:10:36.000000;2016-04-03T11:10:36.313000;1e7bfc22-4ea7-429b-81b3-46f82bb697f8;11.535;1.10730641;BUY
2016-04-03T11:10:36.000000;2016-04-03T11:10:36.330000;4ebb4353-92dc-42b0-8245-2638a2615e9f;11.553;4.40300021;BUY
2016-04-03T11:10:36.000000;2016-04-03T11:10:36.340000;f14ad864-eb4e-4b0a-9631-f57841782d0c;11.555;25.18247906;BUY
2016-04-03T11:20:18.000000;2016-04-03T11:20:18.087000;d511e406-51d3-4ab8-8f3d-d34372ca72eb;11.555;407.97305894;BUY
2016-04-03T11:20:18.000000;2016-04-03T11:20:18.100000;41f4468e-d117-43c6-a550-5a15fb2df865;11.577;0.1;BUY
2016-04-03T11:20:18.000000;2016-04-03T11:20:18.110000;82faa9ec-d3c8-4b91-b53a-d4ec126922b4;11.577;0.1;BUY
2016-04-03T11:20:18.000000;2016-04-03T11:20:18.140000;f6162ce2-dd89-4d46-8710-a5e0abbb7381;11.577;0.1;BUY
2016-04-03T11:20:18.000000;2016-04-03T11:20:18.140000;12f00d5a-7b5c-4e9b-851c-3d21d8b3ec91;11.578;0.1;BUY
2016-04-03T11:20:18.000000;2016-04-03T11:20:18.140000;1637fd85-9cef-4dc7-ad8a-8246d64016c4;11.583;0.1;BUY
2016-04-03T11:20:18.000000;2016-04-03T11:20:18.140000;ff90bc62-b6a7-4450-9be9-fe9e747858b0;11.583;0.1;BUY
2016-04-03T11:20:18.000000;2016-04-03T11:20:18.140000;8d78175b-30f9-46a3-92d2-3bbc45840dd8;11.594;30.58947178;BUY
2016-04-03T11:20:18.000000;2016-04-03T11:20:18.140000;506421c3-83f5-4611-8f5e-e3645ba8dab3;11.594;7.328337;BUY
2016-04-03T11:20:18.000000;2016-04-03T11:20:18.143000;2eb985e0-cae0-4c6c-bbe2-013907556de2;11.594;92.721313;BUY
2016-04-03T11:20:18.000000;2016-04-03T11:20:18.177000;5e124d47-95fb-497e-bc35-09aa8d562a04;11.595;30.58683361;BUY
2016-04-03T11:20:18.000000;2016-04-03T11:20:18.177000;d7ce74c6-e7fb-4f21-9c35-dc663ae9acb4;11.595;30.20098567;BUY
2016-04-03T11:35:03.000000;2016-04-03T11:35:03.323000;f4e9b04a-28de-453b-a56a-962084d8392f;11.595;23.07251375;BUY
2016-04-03T11:35:04.000000;2016-04-03T11:35:04.947000;45a956f4-3662-43f3-b820-ec8f307fa491;11.595;7.49433669;BUY
2016-04-03T11:35:05.000000;2016-04-03T11:35:06.007000;e69a9234-8933-4d90-bfe4-546a034f0937;11.595;7.49433669;BUY
2016-04-03T11:35:10.000000;2016-04-03T11:35:10.043000;b46761a3-ae76-495e-b343-40453706cdab;11.595;30.58690285;BUY
2016-04-03T11:35:14.000000;2016-04-03T11:35:14.697000;05494063-d51d-4b26-a505-5153a6a91de4;11.595;5.82345335;BUY
2016-04-03T11:35:25.000000;2016-04-03T11:35:25.523000;6f388641-132d-4879-abe8-dbbe4c33e9dd;11.605;24.73709285;BUY
2016-04-03T11:35:29.000000;2016-04-03T11:35:29.490000;273b29c2-0d24-47be-9002-14c522bec08f;11.605;5.82345302;BUY
2016-04-03T11:35:29.000000;2016-04-03T11:35:30.020000;1934f8dd-5979-45b3-b88f-b3e19165ed4f;11.623;0.85;BUY
2016-04-03T11:35:30.000000;2016-04-03T11:35:30.413000;0cffb2e3-8af1-4b5d-9659-a18fc2ab05a7;11.628;0.1;BUY
2016-04-03T11:35:30.000000;2016-04-03T11:35:30.417000;b8de7d69-c834-4c35-9280-44c8c4a8e53c;11.629;17.96363983;BUY
2016-04-03T11:37:26.000000;2016-04-03T11:37:26.667000;866f7acb-9b68-4ccd-b5a7-4a27401ef175;11.629;12.53383511;BUY
2016-04-03T11:46:42.000000;2016-04-03T11:46:42.987000;eb0fb16e-5046-4144-bea6-34a1ef26832a;11.617;0.3;SELL
2016-04-03T11:46:42.000000;2016-04-03T11:46:43.000000;e1de1fd1-6b08-4320-82ed-ec6156c92c67;11.616;49.7;SELL
2016-04-03T11:47:49.000000;2016-04-03T11:47:49.550000;89b4b000-bba3-4e6e-b097-67b74ca82dcf;11.633;0.1;BUY
2016-04-03T11:47:49.000000;2016-04-03T11:47:49.557000;1c2cfe28-144c-4f53-9ad0-c093830d4deb;11.646;0.1;BUY
2016-04-03T11:47:49.000000;2016-04-03T11:47:49.563000;8d00509d-761e-47e0-abf7-980969fe4ca6;11.646;0.1;BUY
2016-04-03T11:47:49.000000;2016-04-03T11:47:49.593000;531a961e-e047-413c-a353-0bd20172d28f;11.646;0.1;BUY
2016-04-03T11:47:49.000000;2016-04-03T11:47:49.593000;55995a0d-5d10-42f1-9088-b454ee63176f;11.655;0.1;BUY
2016-04-03T11:47:49.000000;2016-04-03T11:47:49.593000;c1ffb023-711d-47c5-bddd-21f87f8874d4;11.659;0.5;BUY
2016-04-03T11:47:54.000000;2016-04-03T11:47:54.263000;a46d4445-28eb-468b-8eea-6f18e0c548f7;11.659;0.35;BUY
2016-04-03T11:48:01.000000;2016-04-03T11:48:01.353000;edf8e43f-245e-4466-a977-2f415e8ff0b3;11.69;0.1;BUY
2016-04-03T11:48:01.000000;2016-04-03T11:48:01.363000;98a6fc2c-afe4-407d-ac09-2cf57ca01d08;11.717;0.9;BUY
2016-04-03T11:48:42.000000;2016-04-03T11:48:42.913000;7635b38c-2c5c-4016-a82f-6b046b3fb5d4;11.588;10.0;SELL
2016-04-03T11:48:53.000000;2016-04-03T11:48:53.077000;250fd500-d0d0-45d6-b9f8-405cf9c4454c;11.593;10.0;SELL
2016-04-03T11:48:59.000000;2016-04-03T11:48:59.677000;fffdc739-c462-4d35-8c4c-cc20f1c9f3c6;11.597;10.0;SELL
2016-04-03T11:49:06.000000;2016-04-03T11:49:06.063000;c31c2824-33b9-41df-9de5-4503bf0b0ac9;11.6;20.38247923;SELL
2016-04-03T11:49:06.000000;2016-04-03T11:49:06.073000;7d50ddfa-660e-4aa6-9f72-8ebd5f0c6352;11.6;9.61752077;SELL
2016-04-03T11:49:12.000000;2016-04-03T11:49:13.037000;767aec58-b392-440a-a47a-43f7833a46c0;11.603;30.0;SELL
2016-04-03T11:49:17.000000;2016-04-03T11:49:17.167000;2e913167-e755-4725-8d13-42b9d7fe8716;11.605;30.0;SELL
2016-04-03T11:49:22.000000;2016-04-03T11:49:22.303000;55e7f7fe-aae9-40da-ae9e-6d6bcc57bff7;11.607;30.0;SELL
2016-04-03T11:49:54.000000;2016-04-03T11:49:54.987000;38acc56b-ae6b-49cd-a1d0-a8ffe9058b8e;11.63;0.36091143;BUY
2016-04-03T11:49:55.000000;2016-04-03T11:49:55.143000;f43f6163-c673-437b-b8d7-76e9d91d7e5c;11.63;0.36091143;BUY
2016-04-03T11:49:56.000000;2016-04-03T11:49:56.880000;a5d0b676-7837-4640-bb7e-2c878e723bb0;11.63;0.36091143;BUY
2016-04-03T11:49:57.000000;2016-04-03T11:49:57.427000;7a73a6e5-4edc-4dd3-86f1-ee0092d15fd3;11.63;0.36091143;BUY
2016-04-03T11:49:57.000000;2016-04-03T11:49:57.820000;90727f24-72a9-493a-8d00-c037a3d187b1;11.63;0.36091143;BUY
2016-04-03T11:49:58.000000;2016-04-03T11:49:58.780000;f5cf3fa9-847a-4d49-98db-66f2e8f65d8f;11.63;0.36091143;BUY
2016-04-03T11:49:58.000000;2016-04-03T11:49:58.810000;db5e3577-9468-4847-8a24-9b2978a5e543;11.63;0.36091143;BUY
2016-04-03T11:51:32.000000;2016-04-03T11:51:32.700000;7bdc1568-8e5f-4d22-93e3-8652ec55b4aa;11.688;0.3;BUY
2016-04-03T11:51:32.000000;2016-04-03T11:51:32.713000;730246e7-81be-448b-ab5c-58e6e8fcbd04;11.689;51.3841;BUY
2016-04-03T11:51:32.000000;2016-04-03T11:51:32.717000;c74669d3-6747-4e9b-8443-60cbbfb45a20;11.75;0.3159;BUY
2016-04-03T11:51:42.000000;2016-04-03T11:51:42.260000;ee3de966-dd6e-42a6-a265-81a2f42024a2;11.75;52.0;BUY
2016-04-03T11:54:20.000000;2016-04-03T11:54:21.017000;5b65fad5-6e3f-493d-8ca0-f82f1156f507;11.617;50.6;SELL
2016-04-03T11:54:43.000000;2016-04-03T11:54:44.183000;63b08108-8bfd-4ec8-9ba7-8094d7317b44;11.614;50.6;SELL
2016-04-03T11:54:53.000000;2016-04-03T11:54:54.027000;5ec952ee-b931-467d-8069-15240afe1a44;11.615;50.6;SELL
2016-04-03T11:55:24.000000;2016-04-03T11:55:24.047000;ba73ed65-db79-49aa-8e03-87f8e34fb881;11.695;2.0;BUY
2016-04-03T11:56:00.000000;2016-04-03T11:56:00.557000;15600acd-7f2b-4a80-8524-cb67da368bb3;11.693;51.1255;BUY
2016-04-03T11:56:00.000000;2016-04-03T11:56:00.563000;ab829d1b-d81a-4a99-883d-d035d210a44f;11.759;87.32;BUY
2016-04-03T11:56:00.000000;2016-04-03T11:56:00.573000;fc8f60b7-2798-4744-b248-884923fd72bb;11.759;11.5545;BUY
2016-04-03T11:56:08.000000;2016-04-03T11:56:08.630000;f16c3a0e-480e-4658-9e9e-c674272249c9;11.758;78.63;BUY
2016-04-03T11:56:08.000000;2016-04-03T11:56:08.637000;4720e425-bd80-48a5-a757-81e9c05e5ce8;11.76;71.37;BUY
2016-04-03T12:03:13.000000;2016-04-03T12:03:13.150000;5f0de2cf-82de-4497-87e1-9a5fd31092d0;11.73;1.0;BUY
2016-04-03T12:03:22.000000;2016-04-03T12:03:22.900000;2161876a-d485-4c73-9cf9-a3fbce157dd9;11.726;3.0;BUY
2016-04-03T12:03:51.000000;2016-04-03T12:03:51.660000;37c593ae-6d0e-4394-868b-10828d822b67;11.719;50.0;BUY
2016-04-03T12:06:55.000000;2016-04-03T12:06:55.660000;b71b5735-6a36-4076-845f-24ae85477f41;11.696;50.9486;BUY
2016-04-03T12:06:55.000000;2016-04-03T12:06:55.803000;90c5127b-3101-4015-8ed4-c6000358939f;11.697;30.32017934;BUY
2016-04-03T12:06:55.000000;2016-04-03T12:06:55.810000;a56a62e2-5d02-462e-acfa-9e45f2e09cb5;11.732;30.22972534;BUY
2016-04-03T12:06:55.000000;2016-04-03T12:06:55.843000;69b558f3-81f3-48a2-bcbf-e84107336a42;11.732;63.6395;BUY
2016-04-03T12:06:55.000000;2016-04-03T12:06:55.890000;e73bc3c4-0e70-4641-bbf8-4de375645aa5;11.756;0.3503;BUY
2016-04-03T12:06:55.000000;2016-04-03T12:06:55.890000;339489a9-4af9-452a-aa6a-9a16a467a29b;11.759;14.92880886;BUY
2016-04-03T12:08:00.000000;2016-04-03T12:08:00.047000;6d59565c-95e5-44f1-9a8c-ae616d8954d6;11.66;12.0;SELL
2016-04-03T12:08:00.000000;2016-04-03T12:08:00.063000;c86f10c6-246d-44f3-95ca-38d2210a425f;11.66;8.29789293;SELL
2016-04-03T12:08:07.000000;2016-04-03T12:08:07.180000;43fa8bfa-5872-421a-a509-8a8fdb53f58c;11.66;11.70210707;SELL
2016-04-03T12:08:09.000000;2016-04-03T12:08:09.333000;8141d0d7-e538-40e8-b045-0b8ff39e11d9;11.65;2.0;SELL
2016-04-03T12:08:12.000000;2016-04-03T12:08:12.947000;b68ec560-6348-4e5b-95d4-29b95a52d7d7;11.641;6.59578586;SELL
2016-04-03T12:08:28.000000;2016-04-03T12:08:29.067000;df70de60-0384-4b3d-909b-555e7a773882;11.736;51.0056;BUY
2016-04-03T12:08:28.000000;2016-04-03T12:08:29.107000;4e53d39b-19cb-4d67-8116-e949779aeabb;11.759;8.9944;BUY
2016-04-03T12:10:34.000000;2016-04-03T12:10:34.370000;528d84ef-45c4-4ac8-a43c-db4233a3b924;11.641;10.0;SELL
2016-04-03T12:11:51.000000;2016-04-03T12:11:51.407000;b16c0fdf-fee7-4e7a-bb6c-e823df659640;11.691;1.0;BUY
2016-04-03T12:12:46.000000;2016-04-03T12:12:46.807000;7bfa9f3c-c8b1-45ea-95c1-f0037cfe381e;11.673;51.0508;BUY
2016-04-03T12:12:48.000000;2016-04-03T12:12:49.017000;6971177c-5896-419d-b8dc-1063af236e5e;11.71;5.56968067;SELL
2016-04-03T12:12:49.000000;2016-04-03T12:12:49.203000;07e37da8-2009-4149-b425-e31f71a6762f;11.71;0.72648009;SELL
2016-04-03T12:12:49.000000;2016-04-03T12:12:49.367000;deed9bae-dcd4-4dca-a617-e650e10f245d;11.71;0.11484624;SELL
2016-04-03T12:12:49.000000;2016-04-03T12:12:49.603000;fcf3afe5-8748-40b0-9d2a-933c92042972;11.71;1.5057798;SELL
2016-04-03T12:12:49.000000;2016-04-03T12:12:49.620000;fc545d79-abe1-44a6-bfa7-2e17df40d6f0;11.71;1.0324132;SELL
2016-04-03T12:12:53.000000;2016-04-03T12:12:53.317000;eddd0177-481e-43c3-843f-a567dfba4069;11.641;8.35744553;SELL
2016-04-03T12:12:54.000000;2016-04-03T12:12:54.457000;1ea3527e-3558-4891-a319-500aeffb640e;11.641;30.36151157;SELL
2016-04-03T12:16:14.000000;2016-04-03T12:16:14.960000;3308e0bb-f118-4fdc-bb86-db3b2ede821a;11.62;52.0;SELL
2016-04-03T12:16:26.000000;2016-04-03T12:16:26.243000;bbbf1380-ec22-40fe-8932-92f11d94fab5;11.715;0.11484624;BUY
2016-04-03T12:16:26.000000;2016-04-03T12:16:26.250000;c401e844-bad3-4bb4-919a-0f80340e30d3;11.715;8.35744553;BUY
2016-04-03T12:16:26.000000;2016-04-03T12:16:26.253000;eb0a2e1d-4f37-4b5c-a7ca-75da5d7920e9;11.716;3.52770823;BUY
2016-04-03T12:18:57.000000;2016-04-03T12:18:57.963000;1563de98-344c-43d4-9e5a-cef844aabfc9;11.716;2.0;BUY
2016-04-03T12:19:10.000000;2016-04-03T12:19:10.950000;ce37dd35-242a-4db5-8633-cb6eb53bdccb;11.716;2.0;BUY
2016-04-03T12:19:17.000000;2016-04-03T12:19:17.717000;b0fd9df7-a8c7-427e-9525-f2398c348e6a;11.716;2.0;BUY
2016-04-03T12:50:54.000000;2016-04-03T12:50:54.403000;ce196eb2-a913-429c-af23-92e36d0cc14b;11.715;10.0;BUY
2016-04-03T13:09:22.000000;2016-04-03T13:09:22.940000;3354b0ee-8c01-44d3-a224-a6bb680234b5;11.622;51.1932;SELL
2016-04-03T13:09:22.000000;2016-04-03T13:09:22.943000;0ee9ea44-5faf-4055-9929-27721ddd3104;11.619;0.1;SELL
2016-04-03T13:09:22.000000;2016-04-03T13:09:22.977000;f91acfae-0028-4cf2-a0e2-54366d73d384;11.607;0.1;SELL
2016-04-03T13:09:22.000000;2016-04-03T13:09:22.977000;dfa42ebf-bf38-4003-8f9a-2578ea03fc8c;11.595;0.1;SELL
2016-04-03T13:09:22.000000;2016-04-03T13:09:22.977000;f7360347-a2b1-476e-a553-aff1a57d79dc;11.594;0.1;SELL
2016-04-03T13:09:22.000000;2016-04-03T13:09:22.977000;dcc20106-51bb-4cc5-a463-340b553ded98;11.56;0.1;SELL
2016-04-03T13:09:22.000000;2016-04-03T13:09:22.980000;a3fe2b1c-1122-4828-a4f4-2e69c0f20039;11.533;8.3068;SELL
2016-04-03T13:12:03.000000;2016-04-03T13:12:03.353000;8d7e655c-01f0-495d-9540-cecd11e9fd85;11.616;50.0;SELL
2016-04-03T13:12:46.000000;2016-04-03T13:12:46.457000;7517e404-61a3-4c36-b5d7-f76c7d153506;11.615;50.0;SELL
2016-04-03T13:12:58.000000;2016-04-03T13:12:58.750000;9571b48f-0dfc-4085-a023-7c43d56d932a;11.607;50.0;SELL
2016-04-03T13:13:12.000000;2016-04-03T13:13:12.243000;acb00884-8497-4fa1-bf59-1061927c0c88;11.607;20.37018687;SELL
2016-04-03T13:13:12.000000;2016-04-03T13:13:12.253000;4973b1cd-ae28-4855-9086-081ba73b9ea5;11.606;49.62981313;SELL
2016-04-03T13:13:21.000000;2016-04-03T13:13:21.577000;442e9f4f-83e9-40af-865b-86552eb88def;11.603;51.4412;SELL
2016-04-03T13:13:21.000000;2016-04-03T13:13:21.583000;f8be1e7f-6290-4313-95fe-f13244ab7f5b;11.602;18.5588;SELL
2016-04-03T13:13:37.000000;2016-04-03T13:13:37.253000;6d9384b9-3c74-42b2-ac0a-cefda80c34ad;11.603;20.37720926;SELL
2016-04-03T13:13:37.000000;2016-04-03T13:13:37.270000;630aee12-0f88-4f1c-bd1d-6d45e41576c8;11.601;19.62279074;SELL
2016-04-03T13:13:56.000000;2016-04-03T13:13:57.037000;fd1388e5-0319-4b21-9212-83e971caf741;11.602;20.37896561;SELL
2016-04-03T13:13:56.000000;2016-04-03T13:13:57.043000;150a9b53-2a2b-4adb-9410-4527271ba32f;11.601;0.75793153;SELL
2016-04-03T13:13:56.000000;2016-04-03T13:13:57.057000;3416d1d9-82a2-48b6-8cbd-4787e97140f5;11.531;0.12584;SELL
2016-04-03T13:13:56.000000;2016-04-03T13:13:57.080000;88d5ff64-1fc5-4820-a603-fa0ce773f102;11.527;8.73726286;SELL
2016-04-03T13:14:12.000000;2016-04-03T13:14:12.390000;9c31268b-0392-4ee1-b3ba-86798ab44b9b;11.615;30.0;SELL
2016-04-03T13:18:20.000000;2016-04-03T13:18:20.737000;859fe610-c660-4f5a-b97b-7bd5903fa5cd;11.676;0.1;BUY
2016-04-03T13:18:23.000000;2016-04-03T13:18:23.983000;fd4f2615-e2ec-4eed-a8b6-0dc1fcd06378;11.676;0.1;BUY
2016-04-03T13:20:08.000000;2016-04-03T13:20:08.110000;fc408705-aef1-4350-9860-93f3d800704f;11.675;0.1;SELL
2016-04-03T13:20:08.000000;2016-04-03T13:20:08.120000;955e387b-ee3e-42c7-af98-cf10487c4a4c;11.674;0.1;SELL
2016-04-03T13:20:08.000000;2016-04-03T13:20:08.127000;907f490c-cd51-4c81-aa65-e65e60f9c891;11.673;0.1;SELL
2016-04-03T13:20:08.000000;2016-04-03T13:20:08.157000;feb759e3-9d2e-49a0-b44d-f8aa5c8ec257;11.672;0.1;SELL
2016-04-03T13:20:15.000000;2016-04-03T13:20:15.160000;2218fea7-c6c5-4533-bea0-8104828c7547;11.671;0.1;SELL
2016-04-03T13:20:15.000000;2016-04-03T13:20:15.163000;b908ef9f-dfb1-42ee-8859-b5a9ecec40a0;11.67;0.1;SELL
2016-04-03T13:20:15.000000;2016-04-03T13:20:15.173000;6bb3add7-229d-422b-883f-b1cf7f2966c5;11.66;1.0;SELL
2016-04-03T13:20:22.000000;2016-04-03T13:20:22.150000;d32424eb-85fe-4cc7-96c1-497ab58839bb;11.65;2.0;SELL
2016-04-03T13:20:22.000000;2016-04-03T13:20:22.160000;bca3ec3b-2c78-41bd-a86a-b50222e4b822;11.65;1.0;SELL
2016-04-03T13:20:22.000000;2016-04-03T13:20:22.163000;59348cfb-ecb7-490b-8aec-0dc436eed5b3;11.65;1.0;SELL
2016-04-03T13:20:22.000000;2016-04-03T13:20:22.197000;782dde65-5310-4d33-9fe4-84a636143143;11.65;0.1;SELL
2016-04-03T13:20:50.000000;2016-04-03T13:20:50.970000;5b00a03c-a3c7-4c68-8924-361788aace4a;11.64;8.78981029;SELL
2016-04-03T13:20:50.000000;2016-04-03T13:20:50.983000;a01f6a2a-d1e1-43cf-bf02-ea8f106fa851;11.64;1.14649699;SELL
2016-04-03T13:20:51.000000;2016-04-03T13:20:51.567000;9a8eb6b3-b5ed-4334-b92e-79cc5f2f8c8e;11.64;8.78981005;SELL
2016-04-03T13:20:51.000000;2016-04-03T13:20:51.603000;4cecaa78-729b-45c3-bcdc-2a214abcaf75;11.64;1.14977657;SELL
2016-04-03T13:20:52.000000;2016-04-03T13:20:52.603000;891c8438-1c7e-4fd4-8bf6-90cec8a04c4d;11.64;1.01412819;SELL
2016-04-03T13:20:52.000000;2016-04-03T13:20:52.770000;4599eb71-e0e9-49fc-a12c-85df03ecfe4c;11.64;7.77498285;SELL
2016-04-03T13:20:53.000000;2016-04-03T13:20:53.033000;e495e8dc-e059-432e-9d17-2be04d6c8847;11.64;1.12980473;SELL
2016-04-03T13:20:53.000000;2016-04-03T13:20:54.043000;9dbb41fc-45f2-48b6-b8fe-a611d77c40ca;11.64;8.76289327;SELL
2016-04-03T13:20:54.000000;2016-04-03T13:20:54.173000;aae8eecb-ff6d-4619-9e76-75c5890c6432;11.64;1.14298607;SELL
2016-04-03T13:20:54.000000;2016-04-03T13:20:54.683000;b66675db-3ce3-45e2-9a1e-43f64a871cc7;11.64;2.00837097;SELL
2016-04-03T13:20:54.000000;2016-04-03T13:20:54.693000;61840890-5fa4-4286-971b-ba9557147847;11.64;15.39751082;SELL
2016-04-03T13:20:55.000000;2016-04-03T13:20:55.607000;563b692f-300e-4a30-859a-e7a400b77c43;11.64;8.75175834;SELL
2016-04-03T13:20:55.000000;2016-04-03T13:20:55.863000;c7dd3923-dd68-4e72-9006-c581164f350b;11.64;1.14153369;SELL
2016-04-03T13:20:55.000000;2016-04-03T13:20:55.957000;f4d36215-bd45-4b22-b870-3370f3bdc956;11.64;0.86567473;SELL
2016-04-03T13:20:55.000000;2016-04-03T13:20:56.020000;808366b0-6771-46bf-8931-d9c74e93ca7a;11.64;6.63683966;SELL
2016-04-03T13:20:56.000000;2016-04-03T13:20:56.737000;46b2b69e-0d4f-4d03-9f0e-91417bdaa111;11.64;9.57890797;SELL
2016-04-03T13:20:56.000000;2016-04-03T13:20:56.767000;f63d4006-377e-4f49-946b-ebd9662dde3d;11.64;1.24942278;SELL
2016-04-03T13:20:57.000000;2016-04-03T13:20:57.563000;22a911ab-70da-479e-9096-9c6794360eb9;11.64;0.4805355;SELL
2016-04-03T13:20:57.000000;2016-04-03T13:20:57.590000;39dadfce-9df6-46e6-8878-463ad09f0fcb;11.64;3.68410554;SELL
2016-04-03T13:20:58.000000;2016-04-03T13:20:58.170000;dcebec2c-7304-4e7f-b355-54a9fde98e57;11.64;1.71325743;SELL
2016-04-03T13:20:58.000000;2016-04-03T13:20:58.493000;b96f39e6-7584-4b0e-9d6b-1bf594a47624;11.64;3.68779333;SELL
2016-04-03T13:20:59.000000;2016-04-03T13:20:59.283000;ee5e0a11-df3b-4115-8c9f-6141ad1ea8f2;11.64;1.2232205;SELL
2016-04-03T13:21:00.000000;2016-04-03T13:21:00.217000;86b99144-d2ba-44fb-8db2-2d98a0f7688a;11.64;3.88037973;SELL
2016-04-03T13:21:00.000000;2016-04-03T13:21:00.230000;b5e894f3-9296-413a-9c9e-04408c71ea82;11.64;0.1;SELL
2016-04-03T13:21:00.000000;2016-04-03T13:21:01.217000;13eddd51-7f40-4365-b24c-5a03a617e301;11.63;1.22444494;SELL
2016-04-03T13:21:01.000000;2016-04-03T13:21:01.520000;6f25ae6e-586f-494d-a8e9-e622daf8c447;11.63;1.2232205;SELL
2016-04-03T13:21:01.000000;2016-04-03T13:21:01.690000;a26fe143-a0b0-4d5a-a003-86ca351ad428;11.63;3.68779333;SELL
2016-04-03T13:21:01.000000;2016-04-03T13:21:01.703000;3cf24a6a-b4ad-4fcf-b8f3-4ae02756fd61;11.63;1.22444494;SELL
2016-04-03T13:21:02.000000;2016-04-03T13:21:02.423000;32072d28-037c-4dd4-8ef0-3e570cce545a;11.63;19.77023135;SELL
2016-04-03T13:21:02.000000;2016-04-03T13:21:02.447000;e9e2c834-9a0c-4937-91e1-e6fac4e492d5;11.63;27.01328309;SELL
2016-04-03T13:21:02.000000;2016-04-03T13:21:02.457000;e4938549-b0cc-47ae-b2a6-ee8c755313a9;11.63;31.51303405;SELL
2016-04-03T13:21:04.000000;2016-04-03T13:21:04.233000;f392d1b0-9e57-4c7a-ae29-fd345816acf4;11.63;3.68779333;SELL
2016-04-03T13:21:07.000000;2016-04-03T13:21:07.057000;6caeb00a-38d5-4ceb-81ca-2eebdd3de957;11.63;1.22444494;SELL
2016-04-03T13:21:07.000000;2016-04-03T13:21:07.067000;a7ab7bcb-b576-42b2-940a-869eda141346;11.63;1.22444494;SELL
2016-04-03T13:21:08.000000;2016-04-03T13:21:08.470000;12d1fd46-3e88-4ef6-968d-c9463c178c58;11.63;1.22567061;SELL
2016-04-03T13:21:10.000000;2016-04-03T13:21:10.770000;38b2e065-3aab-41a3-bcce-16c186b328f0;11.63;1.22444494;SELL
2016-04-03T13:21:10.000000;2016-04-03T13:21:10.810000;0ad3b2f2-2269-4a7a-8985-8053426a6e69;11.63;1.22444494;SELL
2016-04-03T13:21:10.000000;2016-04-03T13:21:10.953000;d5bdc905-fcf1-4a3b-9b9f-50f31cb7ed50;11.63;1.22567061;SELL
2016-04-03T13:21:11.000000;2016-04-03T13:21:11.217000;9d28986d-af94-404c-a902-6169b37a7495;11.63;3.30663349;SELL
2016-04-03T13:21:11.000000;2016-04-03T13:21:11.240000;c4bc93ff-41bd-42ca-9b45-1a8fc73a4232;11.63;0.1;SELL
2016-04-03T13:21:11.000000;2016-04-03T13:21:11.937000;1d1ee474-a19d-4b7c-99b4-eeb77197ddec;11.62;23.6066496;SELL
2016-04-03T13:22:46.000000;2016-04-03T13:22:46.527000;ec16449e-9e2e-4a10-977a-cf28189950e6;11.62;30.52109596;SELL
2016-04-03T13:22:47.000000;2016-04-03T13:22:47.977000;20f16b23-6d35-40c0-b5d5-51200a84d1a2;11.62;30.52109596;SELL
2016-04-03T13:22:48.000000;2016-04-03T13:22:48.270000;83189582-9d46-480b-87fb-adf3b16383d6;11.62;15.35115848;SELL
2016-04-03T13:22:48.000000;2016-04-03T13:22:48.280000;3762d03c-4719-41d8-a2d1-aa35b09e5b01;11.62;0.1;SELL
2016-04-03T13:22:54.000000;2016-04-03T13:22:54.530000;542c332b-1780-4822-bd3b-b1bd154b82c4;11.61;0.1;SELL
2016-04-03T13:23:21.000000;2016-04-03T13:23:21.367000;bf25103d-99e7-4815-ae27-ab4e74329264;11.6;0.1;SELL
2016-04-03T13:23:21.000000;2016-04-03T13:23:21.377000;cce9f824-52a7-4ccc-9cb4-e4d82c7ad1cf;11.6;14.90048876;SELL
2016-04-03T13:23:25.000000;2016-04-03T13:23:25.550000;37df4dd1-2fa1-4466-a89f-8ccda66f449f;11.6;30.57371854;SELL
2016-04-03T13:23:26.000000;2016-04-03T13:23:26.673000;86b9a353-0d26-4dfb-8751-827185d6e8b3;11.6;4.5257927;SELL
2016-04-03T13:23:31.000000;2016-04-03T13:23:31.297000;5148bc2b-e8d9-4b14-a940-ef6bbc9fba41;11.599;50.0;BUY
2016-04-03T14:06:02.000000;2016-04-03T14:06:02.443000;6b22d811-fef8-49dd-af62-adaee28e48ea;11.58;2.0;BUY
2016-04-03T14:10:33.000000;2016-04-03T14:10:33.120000;a3865fc4-9939-420a-8988-fb5002feffa6;11.58;30.62652319;BUY
2016-04-03T16:06:18.000000;2016-04-03T16:06:18.530000;1af009d9-3c19-449e-8096-3cd44df832b2;11.58;0.150245;BUY
2016-04-03T16:36:32.000000;2016-04-03T16:36:33.010000;624e96e1-0067-42d9-8b5a-a8d24c45ff93;11.578;0.145361;BUY
2016-04-03T16:45:21.000000;2016-04-03T16:45:21.367000;b7d66f00-8268-4c6a-b523-03fa14e16142;11.578;0.142572;BUY
2016-04-03T16:49:17.000000;2016-04-03T16:49:17.197000;3393081f-b66c-4542-b625-1e2b2fbd9def;11.562;0.149951;SELL
2016-04-03T16:54:09.000000;2016-04-03T16:54:09.617000;74a747ad-6bcd-4a59-bca9-fdd2138ec190;11.56;0.150443;BUY
2016-04-03T17:02:45.000000;2016-04-03T17:02:45.240000;855a24a2-e965-44d2-8905-e34bdd0ae980;11.56;0.142044;BUY
2016-04-03T17:02:55.000000;2016-04-03T17:02:55.900000;89cab879-fa9e-4c8c-b16f-8469f68e5a4a;11.56;0.148318;BUY
2016-04-03T17:04:21.000000;2016-04-03T17:04:21.093000;7f4847dc-7d72-495f-86d5-f3b8d2df06a2;11.56;0.148245;BUY
2016-04-03T17:12:25.000000;2016-04-03T17:12:25.047000;59cd4467-a820-448a-b018-98cab9e433a9;11.56;0.15031;SELL
2016-04-03T17:12:25.000000;2016-04-03T17:12:25.517000;b2565feb-e3e8-4fa2-b4f2-90eb5dd8c626;11.55;0.150356;BUY
2016-04-03T17:12:33.000000;2016-04-03T17:12:33.317000;22f63024-d8a2-4822-a166-8f11926050ab;11.549;0.147734;BUY
2016-04-03T17:12:41.000000;2016-04-03T17:12:41.327000;2f9e11c7-6963-4eb6-8371-a6db64ae85ab;11.549;0.144674;BUY
2016-04-03T17:12:53.000000;2016-04-03T17:12:53.457000;c3c8b0ce-bbdd-44e7-97d2-31f80124b1df;11.549;0.141967;BUY
2016-04-03T17:12:59.000000;2016-04-03T17:12:59.457000;99b8a1c6-9d22-4953-9d43-040b1026e1eb;11.524;10.0;SELL
2016-04-03T17:13:07.000000;2016-04-03T17:13:07.253000;63035821-0753-41e6-aee7-c3254f75b682;11.51;0.1403;BUY
2016-04-03T17:20:15.000000;2016-04-03T17:20:15.367000;49196e24-ef41-4a2c-8ba3-b83b1c20ad09;11.51;0.14435;BUY
2016-04-03T17:22:23.000000;2016-04-03T17:22:23.433000;a9b9c3d7-f9b4-4479-ae0b-bdc8ca75a1f6;11.51;4.71765;BUY
2016-04-03T17:22:23.000000;2016-04-03T17:22:23.450000;3b97c75d-3449-430f-9394-5e44e435704d;11.561;0.200349;BUY
2016-04-03T17:22:23.000000;2016-04-03T17:22:23.460000;1dfbe06c-9b70-4660-b796-0997cdac447f;11.579;1.082001;BUY
2016-04-03T17:28:51.000000;2016-04-03T17:28:51.283000;14a18f9d-adb2-4b23-b19f-c702d731f754;11.579;0.143577;BUY
2016-04-03T17:28:58.000000;2016-04-03T17:28:59.033000;29a0a997-da3e-4f88-a662-79e58394903e;11.579;0.145648;BUY
2016-04-03T17:37:58.000000;2016-04-03T17:37:58.953000;6d79eeac-3896-4eb3-9ae4-64e6ddc68cb5;11.579;0.148668;BUY
2016-04-03T17:47:19.000000;2016-04-03T17:47:19.747000;23f7c866-dad0-45c4-8b0c-e24c15295f97;11.578;0.145934;SELL
2016-04-03T17:47:41.000000;2016-04-03T17:47:41.333000;9d096b2d-9e44-410c-bd6c-3cac6719c850;11.578;0.140437;SELL
2016-04-03T17:47:42.000000;2016-04-03T17:47:42.170000;8fe578a0-18db-41b3-9212-f0a16e47fbce;11.52;2.6787;SELL
2016-04-03T17:47:42.000000;2016-04-03T17:47:42.183000;98fc0145-18ee-4047-97ad-391100acdcb5;11.513;51.7509;SELL
2016-04-03T17:47:42.000000;2016-04-03T17:47:42.193000;791a882c-02b6-4588-bf65-8aad523eb949;11.506;2.5;SELL
2016-04-03T17:47:42.000000;2016-04-03T17:47:42.220000;4649ddf1-ebda-4e30-8d57-d0b4ef68d67a;11.505;10.0;SELL
2016-04-03T17:47:42.000000;2016-04-03T17:47:42.220000;7bf6a2fc-ccbc-4693-bbda-b65abc0eaf57;11.48;5.0;SELL
2016-04-03T17:56:09.000000;2016-04-03T17:56:09.543000;7793b9b1-227c-4b9a-b5a8-0496d7900d76;11.565;0.141486;BUY
2016-04-03T18:05:16.000000;2016-04-03T18:05:16.947000;b0ad9d86-8cc0-4cde-992e-cd40d9c391f7;11.565;0.146762;BUY
2016-04-03T18:14:38.000000;2016-04-03T18:14:38.757000;638b873b-ad81-4581-ac85-91b8c5c3fdf0;11.568;0.14798;BUY
2016-04-03T18:14:49.000000;2016-04-03T18:14:49.150000;6f688735-e3c6-479c-8e8c-53800e53c89d;11.568;0.145195;BUY
2016-04-03T18:23:35.000000;2016-04-03T18:23:35.807000;7c482666-7472-425f-8926-803c5040a599;11.577;0.138761;BUY
2016-04-03T18:32:18.000000;2016-04-03T18:32:18.517000;916fce03-5da2-4767-a5f2-3d0d43ecfa30;11.569;0.142121;BUY
2016-04-03T18:41:17.000000;2016-04-03T18:41:17.660000;20880b3f-80fa-4728-812e-e93c326a74c0;11.569;0.139323;BUY
2016-04-03T18:42:53.000000;2016-04-03T18:42:53.807000;67b224f2-4e7c-4e30-93cc-68cb42692039;11.535;0.146467;SELL
2016-04-03T18:42:54.000000;2016-04-03T18:42:54.247000;a1ce6990-417d-4f8b-bc5b-74038457633c;11.533;0.145987;BUY
2016-04-03T18:50:23.000000;2016-04-03T18:50:23.767000;741f386d-2692-44e5-8514-6f9639b2fcab;11.532;0.146216;BUY
2016-04-03T18:50:29.000000;2016-04-03T18:50:29.717000;7f25fbc4-410b-4bc3-b486-8b2ebd6a8d74;11.532;0.147425;BUY
2016-04-03T18:59:02.000000;2016-04-03T18:59:02.833000;6869bda8-aa5e-4841-9cf0-e99caef06e5f;11.532;0.140111;BUY
2016-04-03T19:06:00.000000;2016-04-03T19:06:00.607000;eeb74faa-984c-4717-8ef4-decd733e3f69;11.532;0.132972;BUY
2016-04-03T19:06:07.000000;2016-04-03T19:06:07.320000;538aa65b-f5d6-4edb-ab41-b973ca521886;11.532;0.144375;SELL
2016-04-03T19:06:22.000000;2016-04-03T19:06:22.377000;bae62809-8392-4139-b77d-cc33198cdd83;11.532;0.140571;BUY
2016-04-03T19:06:32.000000;2016-04-03T19:06:32.673000;c9525629-c412-458e-9696-8d7185f2245f;11.532;0.148768;BUY
2016-04-03T19:06:39.000000;2016-04-03T19:06:39.107000;4c1ab1ce-3107-4117-a1b6-97f9bdb38d3d;11.532;0.14307;BUY
2016-04-03T19:06:46.000000;2016-04-03T19:06:46.523000;c4bf56de-8064-4474-8f67-0578cb9eac36;11.532;0.137754;BUY
2016-04-03T19:13:31.000000;2016-04-03T19:13:31.950000;38112417-dbf7-4f20-b04c-1f600dbf7b9b;11.532;0.131466;BUY
2016-04-03T19:13:42.000000;2016-04-03T19:13:42.397000;a96e78ce-4736-4fd2-8464-af681351f2b4;11.532;0.147138;BUY
2016-04-03T19:13:55.000000;2016-04-03T19:13:55.907000;0e00f749-56eb-485e-8ace-ec29b9ced49c;11.532;0.145158;BUY
2016-04-03T19:14:10.000000;2016-04-03T19:14:10.390000;034ade5a-5b05-4a2c-a29b-f0a1001b6032;11.532;0.145982;BUY
2016-04-03T19:14:19.000000;2016-04-03T19:14:19.950000;22a5012c-b64f-4a4b-8c13-b772a537aa35;11.532;0.147653;BUY
2016-04-03T19:14:33.000000;2016-04-03T19:14:33.793000;165a3510-4acf-4917-8c7c-ad3c81226837;11.533;0.143788;BUY
2016-04-03T19:14:45.000000;2016-04-03T19:14:45.703000;705f8356-a989-433e-b70a-f5a5710a7c6e;11.533;0.14331;BUY
2016-04-03T19:17:56.000000;2016-04-03T19:17:56.587000;28bfa03f-3fa8-47a4-9e80-3d9f9c348efa;11.531;0.145665;SELL
2016-04-03T19:17:56.000000;2016-04-03T19:17:56.593000;e3cf1109-9b39-4b4c-a252-45c98a13090f;11.528;10.0;SELL
2016-04-03T19:17:56.000000;2016-04-03T19:17:56.600000;b4fe0be5-dafd-44c9-b76d-192e8bdab276;11.524;0.47725697;SELL
2016-04-03T19:17:56.000000;2016-04-03T19:17:56.630000;96408a33-71df-4326-b161-9b4911fd0a62;11.505;0.148448;SELL
2016-04-03T19:17:56.000000;2016-04-03T19:17:56.630000;ff9141d0-cfe8-4d9f-b6f2-bc10ba502b48;11.474;21.55092233;SELL
2016-04-03T19:19:28.000000;2016-04-03T19:19:28.947000;197c32cb-c071-41da-a03e-8c4f76a81d37;11.525;0.142826;SELL
2016-04-03T19:19:28.000000;2016-04-03T19:19:28.960000;2e448bd3-7819-43fa-923b-7835e9c15eea;11.476;51.3757;SELL
2016-04-03T19:19:28.000000;2016-04-03T19:19:28.963000;0377d5de-fc75-4178-ad55-ebb17a60fa7c;11.476;77.03;SELL
2016-04-03T19:19:28.000000;2016-04-03T19:19:28.997000;8808504f-ca2f-4601-b885-df7786d7fd9c;11.475;6.76793;SELL
2016-04-03T19:19:28.000000;2016-04-03T19:19:28.997000;7d89a8fe-dfe9-4f98-beea-0ddfa878c825;11.472;20.71025148;SELL
2016-04-03T19:19:28.000000;2016-04-03T19:19:28.997000;9c30308f-8c9d-4da8-903a-ed9c6d5e36cd;11.465;1.841;SELL
2016-04-03T19:19:28.000000;2016-04-03T19:19:28.997000;b08b54ea-f140-4eec-995d-7b5aeee6e73f;11.464;0.1;SELL
2016-04-03T19:19:28.000000;2016-04-03T19:19:29.000000;2e224c65-be68-4e91-a03b-0c5cfc8d8f4e;11.464;0.1;SELL
2016-04-03T19:19:28.000000;2016-04-03T19:19:29.033000;b65d5deb-8f97-4727-a941-9ae27f3ce361;11.463;0.1;SELL
2016-04-03T19:19:28.000000;2016-04-03T19:19:29.033000;96884031-777f-4096-a6c0-f6d3b49d6410;11.463;0.1;SELL
2016-04-03T19:19:28.000000;2016-04-03T19:19:29.033000;cdab3ae4-6409-4779-ac8d-797f30adc687;11.463;0.1;SELL
2016-04-03T19:19:28.000000;2016-04-03T19:19:29.033000;8c7726ad-f73e-4cf8-8955-9e629ccad634;11.462;0.1;SELL
2016-04-03T19:19:28.000000;2016-04-03T19:19:29.070000;883bd02e-0b63-4f8b-a312-bb579a1529d3;11.453;0.1;SELL
2016-04-03T19:19:28.000000;2016-04-03T19:19:29.070000;544061ae-d007-4b6c-9b9b-4a09c4eeb3e7;11.453;79.32;SELL
2016-04-03T19:19:28.000000;2016-04-03T19:19:29.070000;b54bed8b-18ba-447f-b75c-9a2fe07cb405;11.452;0.1;SELL
2016-04-03T19:19:28.000000;2016-04-03T19:19:29.070000;92cff4e0-5b61-47b7-934c-61f7cc3cda30;11.451;48.906;SELL
2016-04-03T19:19:28.000000;2016-04-03T19:19:29.070000;f81d6b96-3ad8-4fa1-a763-e0df61b6e76f;11.45;50.0;SELL
2016-04-03T19:19:28.000000;2016-04-03T19:19:29.070000;ad8f3d95-35b2-4b25-a278-c71c03a67743;11.449;0.1;SELL
2016-04-03T19:19:28.000000;2016-04-03T19:19:29.110000;1450c6cc-f4ba-4cb4-82df-5926de5cf578;11.444;0.1;SELL
2016-04-03T19:19:28.000000;2016-04-03T19:19:29.110000;43692fe4-70f2-4ef8-ac02-d01c3d5eeb22;11.42;12.90629252;SELL
2016-04-03T19:19:47.000000;2016-04-03T19:19:47.923000;340bb62f-0408-4cf9-af69-5a506314ac63;11.526;0.142373;SELL
2016-04-03T19:19:47.000000;2016-04-03T19:19:47.937000;16ca3c0b-f7b1-4b86-92f9-a4e5a1442d2c;11.477;7.1;SELL
2016-04-03T19:19:47.000000;2016-04-03T19:19:47.937000;24423353-bdc5-4f35-a7a3-065e60d7d1d3;11.476;13.009166;SELL
2016-04-03T19:19:47.000000;2016-04-03T19:19:47.973000;4c2c7ea7-f9de-4b0f-8b8d-93e0162e49cd;11.425;20.79544902;SELL
2016-04-03T19:19:47.000000;2016-04-03T19:19:47.973000;6130b9fe-e1f7-4110-a52f-30c858d4c926;11.425;24.502;SELL
2016-04-03T19:19:47.000000;2016-04-03T19:19:47.973000;64f9e78a-c7d4-406b-95bd-d65ce1682587;11.424;80.21;SELL
2016-04-03T19:19:47.000000;2016-04-03T19:19:47.973000;3ac126f1-c91c-4dee-86c8-9eab3bb2b0ec;11.42;25.01770748;SELL
2016-04-03T19:19:47.000000;2016-04-03T19:19:47.973000;7c7ef25e-9a34-4262-b1dc-32a2247d1657;11.42;50.0;SELL
2016-04-03T19:19:47.000000;2016-04-03T19:19:48.010000;1785cbe0-0c34-455e-b869-cf8e5741a32d;11.418;0.1;SELL
2016-04-03T19:19:47.000000;2016-04-03T19:19:48.010000;bdf02c3b-0177-4b18-8998-04eb8b3fb98c;11.417;0.1;SELL
2016-04-03T19:19:47.000000;2016-04-03T19:19:48.010000;9949c871-4ee6-435d-a370-777cf465cd29;11.417;0.1;SELL
2016-04-03T19:19:47.000000;2016-04-03T19:19:48.010000;500c000c-a0da-4a69-8e8d-e8d530639724;11.414;4.4789;SELL
2016-04-03T19:19:47.000000;2016-04-03T19:19:48.010000;091ac396-9e2e-44d7-af91-a56381dca69e;11.4;24.4444045;SELL
2016-04-03T19:20:11.000000;2016-04-03T19:20:11.743000;3f61c9ac-e111-4e0a-8fdf-4a90cbc74b46;11.532;1.3;BUY
2016-04-03T19:20:11.000000;2016-04-03T19:20:11.750000;84cad735-9e75-412b-b162-7289c7f257be;11.533;24.420448;BUY
2016-04-03T19:20:11.000000;2016-04-03T19:20:11.760000;9ea7b386-5c85-46f6-9e7d-84e3c90e171e;11.533;51.6702;BUY
2016-04-03T19:20:11.000000;2016-04-03T19:20:11.787000;0a44a744-a05b-4527-94c1-51e9bbb214e8;11.544;5.7;BUY
2016-04-03T19:20:52.000000;2016-04-03T19:20:52.833000;9eea8c26-bacc-451b-af85-5b9e740709b3;11.569;0.145255;SELL
2016-04-03T19:20:52.000000;2016-04-03T19:20:52.953000;9aa5b1ee-b0cf-428f-bd87-1267a648fc14;11.569;0.130506;BUY
2016-04-03T19:21:14.000000;2016-04-03T19:21:14.633000;b7ebed9a-c882-44df-960b-2f26daab6070;11.561;0.146451;SELL
2016-04-03T19:21:14.000000;2016-04-03T19:21:14.643000;4b62e572-86e5-45e9-8cc5-db0491b26ff3;11.459;12.275;SELL
2016-04-03T19:21:14.000000;2016-04-03T19:21:14.647000;edb8a395-f910-4004-9e89-97291fe08ba3;11.459;8.4;SELL
2016-04-03T19:21:14.000000;2016-04-03T19:21:14.683000;70bad051-fe38-44fb-ac92-4700714f9dad;11.458;51.44;SELL
2016-04-03T19:21:14.000000;2016-04-03T19:21:14.687000;2d3d555d-3008-48ac-a820-7b8ef0e09675;11.458;9.063574;SELL
2016-04-03T19:21:14.000000;2016-04-03T19:21:14.720000;9bf2e304-ae3a-41e6-bcb4-c20e0b63a1c5;11.457;76.38;SELL
2016-04-03T19:21:14.000000;2016-04-03T19:21:14.720000;d891ad6b-8ea5-42db-8679-9c5c0d5b526d;11.44;242.294975;SELL
2016-04-03T19:21:57.000000;2016-04-03T19:21:57.607000;ef6721d1-e0b8-41db-8dea-54de40324c30;11.562;0.144937;SELL
2016-04-03T19:21:57.000000;2016-04-03T19:21:57.617000;c4ba5589-a477-4b53-8853-69fbe0c998fb;11.452;51.7749;SELL
2016-04-03T19:21:57.000000;2016-04-03T19:21:57.623000;376beda5-41e0-45ce-b3d9-e8c8f752ab69;11.452;12.551018;SELL
2016-04-03T19:21:57.000000;2016-04-03T19:21:57.657000;b4a6b87f-56aa-424e-8b06-0a6be10cec87;11.45;20.75004411;SELL
2016-04-03T19:21:57.000000;2016-04-03T19:21:57.657000;db9b25e4-2385-4f0b-9fa7-e987b07530f4;11.441;6.15;SELL
2016-04-03T19:21:57.000000;2016-04-03T19:21:57.657000;f15ed98d-af3e-405c-b5a0-038ed3920716;11.44;7.705025;SELL
2016-04-03T19:21:57.000000;2016-04-03T19:21:57.657000;0eb1d072-049e-4802-8ada-c6885f23c82d;11.401;0.92407589;SELL
2016-04-03T19:22:14.000000;2016-04-03T19:22:14.857000;4e6af487-210b-4ea0-95c4-5eb517bffdf5;11.562;0.145746;SELL
2016-04-03T19:22:14.000000;2016-04-03T19:22:14.873000;22bd7772-9125-4985-a9b2-4f6fb36efed8;11.41;11.35566416;SELL
2016-04-03T19:22:14.000000;2016-04-03T19:22:14.883000;d5d631e2-56f3-448c-a3c0-533fa94024e8;11.41;3.081;SELL
2016-04-03T19:22:14.000000;2016-04-03T19:22:14.910000;43ca7038-7b69-4632-9157-74f59b88d0d7;11.409;20.82461259;SELL
2016-04-03T19:22:14.000000;2016-04-03T19:22:14.913000;80d1d46d-ae71-43e8-94f8-1f637bfbd04e;11.408;77.08;SELL
2016-04-03T19:22:14.000000;2016-04-03T19:22:14.947000;078b9f43-91e8-46ef-a27c-9c10c3a36c70;11.408;13.5;SELL
2016-04-03T19:22:14.000000;2016-04-03T19:22:14.947000;59fa251a-f686-48a3-bf3b-d534aec27de7;11.4;74.01297725;SELL
2016-04-03T19:22:27.000000;2016-04-03T19:22:27.953000;65b535ff-7972-41ca-b532-8447ccb30db6;11.562;0.145959;SELL
2016-04-03T19:22:49.000000;2016-04-03T19:22:49.720000;73ea30f0-f691-456a-a945-16622915179d;11.559;51.536;BUY
2016-04-03T19:23:07.000000;2016-04-03T19:23:07.380000;3e866aa2-3f0e-4da8-8e2b-597f05fb41af;11.567;0.144096;BUY
2016-04-03T19:23:32.000000;2016-04-03T19:23:32.220000;65ec5e39-c86d-4710-a0be-f0ffc2e0db7d;11.564;0.138784;BUY
2016-04-03T19:23:32.000000;2016-04-03T19:23:32.577000;d81d0286-4df5-4283-9c3f-aead20c29b85;11.563;0.139146;SELL
2016-04-03T19:32:54.000000;2016-04-03T19:32:54.507000;37de2d8b-7d42-4d51-873a-9ef9fbe5fbac;11.564;0.139762;BUY
2016-04-03T19:33:51.000000;2016-04-03T19:33:51.123000;acbe1e1c-39e8-40dc-8bcb-6501e0c9b84d;11.564;0.142821;BUY
2016-04-03T19:34:01.000000;2016-04-03T19:34:01.760000;9c24338b-68fd-4915-ba35-393c748d8009;11.564;0.140924;BUY
2016-04-03T19:34:08.000000;2016-04-03T19:34:09.187000;017d0d15-42cc-4614-844e-c536a2a0beea;11.564;0.142276;BUY
2016-04-03T19:34:19.000000;2016-04-03T19:34:19.127000;4c1a3de4-9b52-467b-951f-aad031a0dd90;11.565;0.142385;BUY
2016-04-03T19:34:27.000000;2016-04-03T19:34:27.630000;8d86ec9d-d66c-426c-8dcb-d622ff908e83;11.564;0.139811;BUY
2016-04-03T19:42:12.000000;2016-04-03T19:42:12.330000;2c7ea720-b427-4e01-a168-99f67377957f;11.564;0.133033;SELL
2016-04-03T19:42:17.000000;2016-04-03T19:42:17.330000;598485ea-c6b6-4608-b7de-387febb9f94f;11.564;0.139536;BUY
2016-04-03T19:42:28.000000;2016-04-03T19:42:29.030000;0691cfac-bc7a-4d44-a620-2aff019820ff;11.564;0.138806;BUY
2016-04-03T19:42:35.000000;2016-04-03T19:42:35.803000;c6db270b-c430-4292-ac0f-02d1440f4baa;11.564;0.138946;BUY
2016-04-03T19:42:47.000000;2016-04-03T19:42:47.230000;53296c1c-1d3a-4aa6-80f3-616b38f780a4;11.564;0.137992;BUY
2016-04-03T19:44:19.000000;2016-04-03T19:44:19.660000;244cfd9d-e973-4b05-8f62-e10a12166a60;11.521;4.203139;SELL
2016-04-03T19:44:39.000000;2016-04-03T19:44:39.347000;30aa9f4b-976f-4d08-b0eb-fe102dd95b0a;11.564;0.139959;BUY
2016-04-03T19:44:43.000000;2016-04-03T19:44:43.860000;35369bf6-9878-4cf3-a1ac-2f61c224935c;11.565;0.13757;BUY
2016-04-03T19:44:55.000000;2016-04-03T19:44:55.983000;997c0cc2-403a-4bfc-afbf-ca52f30f46fa;11.564;0.139386;BUY
2016-04-03T19:45:05.000000;2016-04-03T19:45:05.410000;65591571-32d6-4f5b-a3eb-23db15597c85;11.564;0.142075;BUY
2016-04-03T19:45:14.000000;2016-04-03T19:45:14.337000;415b3358-bd00-42bb-b9d3-9e63c72622bb;11.564;0.126266;BUY
2016-04-03T19:45:23.000000;2016-04-03T19:45:23.320000;3947f0f8-8247-4eef-8aae-6a52ec849d00;11.565;0.132548;BUY
2016-04-03T19:45:30.000000;2016-04-03T19:45:30.117000;da8ef4ea-09fb-4e37-9722-00ebaa2cb7b0;11.565;0.138993;BUY
2016-04-03T19:53:00.000000;2016-04-03T19:53:00.350000;d7b982ee-1041-4c0e-a332-de448c2cb47c;11.564;0.137834;BUY
2016-04-03T19:53:16.000000;2016-04-03T19:53:16.613000;9e92d028-d6ad-49b1-bb0c-a3be5af07d5f;11.564;0.136302;SELL
2016-04-03T19:53:23.000000;2016-04-03T19:53:23.330000;956bc480-47dc-4eaa-a2fc-b3c07e86786b;11.564;0.139169;BUY
2016-04-03T19:53:32.000000;2016-04-03T19:53:32.317000;1eabd6cd-a8bd-4782-a92c-66b15cfe4931;11.564;0.134175;BUY
2016-04-03T19:53:46.000000;2016-04-03T19:53:46.510000;4a113d2d-a849-4480-8b72-ab361ab4db76;11.564;0.139432;BUY
2016-04-03T19:53:50.000000;2016-04-03T19:53:50.513000;15391524-e7ba-490f-bc2c-f60f0b1ce96c;11.564;0.139017;BUY
2016-04-03T19:53:54.000000;2016-04-03T19:53:54.520000;648bc14d-cbde-4690-a0f8-579022ec78be;11.564;0.136801;BUY
2016-04-03T20:02:01.000000;2016-04-03T20:02:01.643000;6fbcbc87-afe0-41b1-8910-63fcfabb9fa4;11.564;0.135272;SELL
2016-04-03T20:02:11.000000;2016-04-03T20:02:11.173000;862af6d3-c83e-4e28-b0a3-319c296d8fdd;11.564;0.138344;BUY
2016-04-03T20:02:29.000000;2016-04-03T20:02:29.200000;a7d41ffc-2875-4cc3-bfee-f1a3a79b4b27;11.564;0.134171;BUY
2016-04-03T20:02:42.000000;2016-04-03T20:02:42.367000;bbc29618-b55b-415b-b4b5-8377108be4a3;11.564;0.134985;BUY
2016-04-03T20:02:51.000000;2016-04-03T20:02:51.173000;183a9564-e151-4bb1-abe0-115f5bb2c8b4;11.564;0.13815;BUY
2016-04-03T20:02:59.000000;2016-04-03T20:02:59.297000;199f74c7-725d-4c47-b412-8d38cb66238e;11.564;0.137127;BUY
2016-04-03T20:11:02.000000;2016-04-03T20:11:02.873000;c280b6df-a67e-4f9e-a47a-221cf3259e98;11.564;0.137744;BUY
2016-04-03T20:11:08.000000;2016-04-03T20:11:08.787000;8a8298cd-9cf2-41a2-bf8a-9d4321f9276c;11.564;0.136416;BUY
2016-04-03T20:11:28.000000;2016-04-03T20:11:28.180000;472e0c11-2fad-486c-bc6e-d273b98c171f;11.564;0.135834;BUY
2016-04-03T20:14:13.000000;2016-04-03T20:14:13.860000;7aa3d2ca-f8e8-48f5-ba84-3fd929c47c91;11.564;3.3;SELL
2016-04-03T20:14:13.000000;2016-04-03T20:14:13.883000;1ec29dc2-5ecd-4577-ba07-62e15b5ff711;11.564;14.6;SELL
2016-04-03T20:17:05.000000;2016-04-03T20:17:05.360000;3aaa0043-46c7-439e-9d25-493e6db4f5ba;11.578;0.123136;SELL
2016-04-03T20:17:05.000000;2016-04-03T20:17:05.373000;ac6824ae-3c7c-4261-afa6-1547f15fd998;11.564;10.1;SELL
2016-04-03T20:19:31.000000;2016-04-03T20:19:31.610000;cf05fe52-e6a2-45ea-b9c8-980c72db4e06;11.579;0.136908;BUY
2016-04-03T20:19:40.000000;2016-04-03T20:19:40.560000;95d70352-1a2d-4ec1-bcf9-84e76bfc6f1a;11.579;0.125737;BUY
2016-04-03T20:28:16.000000;2016-04-03T20:28:16.853000;ff335c71-4e7b-4162-bc7c-0b877e4c2c27;11.578;0.136575;SELL
2016-04-03T20:28:21.000000;2016-04-03T20:28:21.493000;b2c1fe25-f623-4f23-b5f3-820028e90232;11.576;0.135691;BUY
2016-04-03T20:37:35.000000;2016-04-03T20:37:35.587000;4e34150f-8526-4291-ab28-fa104ede61dd;11.57;0.129966;BUY
2016-04-03T20:45:39.000000;2016-04-03T20:45:40.033000;f7a675d9-36fe-43d8-b921-3e8254d42cb4;11.565;0.13769;SELL
2016-04-03T20:45:46.000000;2016-04-03T20:45:46.853000;aab5dd58-7819-45a7-baae-e4ccae1e1965;11.56;0.137061;BUY
2016-04-03T20:47:08.000000;2016-04-03T20:47:08.470000;c3a9cb9b-b7f1-4886-b69d-a7c5b9a47f11;11.556;0.137568;SELL
2016-04-03T20:47:15.000000;2016-04-03T20:47:15.360000;b79eac3e-6a0a-4f65-9296-94875677a367;11.521;0.137568;SELL
2016-04-03T20:51:11.000000;2016-04-03T20:51:11.767000;81d02505-81dc-4a6f-a9c0-bd27330f13a1;11.56;1.39040039;BUY
2016-04-03T20:51:11.000000;2016-04-03T20:51:11.777000;d558427a-fa22-4384-928e-1ecef875283e;11.57;0.870034;BUY
2016-04-03T20:51:11.000000;2016-04-03T20:51:11.777000;d3c59dc3-7b52-4570-b8a6-a8a460af7ba6;11.579;20.6113;BUY
2016-04-03T20:51:11.000000;2016-04-03T20:51:11.813000;9dd79f93-91fe-422a-bf64-0f53d6c7dae1;11.58;17.22323181;BUY
2016-04-03T20:51:11.000000;2016-04-03T20:51:11.813000;88b38e02-2052-4ff3-bf34-b69a65428d23;11.582;0.47677971;BUY
2016-04-03T20:51:11.000000;2016-04-03T20:51:11.813000;aac2af05-af96-46f9-aa62-c93e1de654c9;11.622;0.1;BUY
2016-04-03T20:51:11.000000;2016-04-03T20:51:11.813000;fd51eb6d-546e-4c85-b699-f1024c4bfe9f;11.636;0.1;BUY
2016-04-03T20:51:11.000000;2016-04-03T20:51:11.813000;433bce09-95fe-407b-8f50-8903630a6931;11.636;0.1;BUY
2016-04-03T20:51:11.000000;2016-04-03T20:51:11.813000;6d002707-ff5d-4f2d-ab5c-33c9f857b614;11.639;0.1;BUY
2016-04-03T20:51:11.000000;2016-04-03T20:51:11.813000;0459fee0-c47a-4e93-9f6a-f9fc21220a29;11.639;0.1;BUY
2016-04-03T20:51:11.000000;2016-04-03T20:51:11.813000;fffde3e4-565b-49de-a1d0-62a2f8babb40;11.651;58.92825409;BUY
2016-04-03T20:51:28.000000;2016-04-03T20:51:28.373000;c9d2b5a4-f120-460f-ac3e-87f51b84ea7c;11.646;21.21188383;BUY
2016-04-03T20:51:28.000000;2016-04-03T20:51:28.377000;aedfd6e9-8df2-4aa8-ab5b-81d2c65691e9;11.647;22.78811617;BUY
2016-04-03T21:07:31.000000;2016-04-03T21:07:31.980000;6a5f77d9-13a4-41e3-beb8-188b7980e349;11.61;0.127016;BUY
2016-04-03T21:07:39.000000;2016-04-03T21:07:40.003000;eb5ea1e4-8b93-47e9-8f86-b1cc985e3929;11.61;0.127342;BUY
2016-04-03T21:10:58.000000;2016-04-03T21:10:58.717000;fe1fb6c2-5eea-4767-b8d5-9430cb98f8c1;11.531;33.2554;SELL
2016-04-03T21:16:05.000000;2016-04-03T21:16:06.003000;a809b8c6-d435-49ff-aeef-cfdd804c9306;11.609;0.135647;BUY
2016-04-03T21:21:53.000000;2016-04-03T21:21:53.837000;a7177655-6b15-4f74-a425-b6df4dcebb70;11.609;0.2235;BUY
2016-04-03T21:24:23.000000;2016-04-03T21:24:23.343000;19159aca-4ffd-4476-90e9-647faa2d763a;11.609;0.13703;BUY
2016-04-03T21:32:38.000000;2016-04-03T21:32:38.700000;12e2a066-3216-434b-8916-e5015d80d589;11.609;0.135609;BUY
2016-04-03T21:32:48.000000;2016-04-03T21:32:48.260000;748ecc2e-5536-403a-848c-8fe961ca3062;11.609;0.134438;BUY
2016-04-03T21:42:29.000000;2016-04-03T21:42:29.163000;4b1b87b4-0c57-4167-a353-ba1228acc127;11.609;32.631276;BUY
2016-04-03T21:42:29.000000;2016-04-03T21:42:29.180000;96d050b2-dc92-4705-8ea3-f3e9a82aeda6;11.61;32.955142;BUY
2016-04-03T21:42:29.000000;2016-04-03T21:42:29.183000;7c5c0474-52ae-4078-afeb-d7a03f44f01e;11.647;0.1;BUY
2016-04-03T21:42:29.000000;2016-04-03T21:42:29.217000;0fa154c1-6e13-4acc-b916-c737914fc644;11.655;102.123123;BUY
2016-04-03T21:42:29.000000;2016-04-03T21:42:29.217000;95b72ff1-ea24-40eb-89a3-4d4d28a88030;11.655;6.896676;BUY
2016-04-03T21:42:29.000000;2016-04-03T21:42:29.217000;1c6079fe-2b5d-4b75-8119-1b303e4f07f8;11.655;121.602751;BUY
2016-04-03T21:42:29.000000;2016-04-03T21:42:29.217000;26f4e3ee-2820-4a2c-a109-43e3e6ebdcb5;11.669;0.1;BUY
2016-04-03T21:42:29.000000;2016-04-03T21:42:29.217000;0aaebc20-11ec-4aff-a893-85ee1b908e17;11.676;0.1;BUY
2016-04-03T21:42:29.000000;2016-04-03T21:42:29.217000;085f28c4-e35b-4d8f-a7a7-b5e50cef4b31;11.676;0.1;BUY
2016-04-03T21:42:29.000000;2016-04-03T21:42:29.217000;2d93adc7-3cdb-4406-9442-e40534e71957;11.678;0.1;BUY
2016-04-03T21:42:29.000000;2016-04-03T21:42:29.217000;9d060fe4-1305-40c0-9532-1de7d71eb3e7;11.68;0.1;BUY
2016-04-03T21:42:29.000000;2016-04-03T21:42:29.220000;f8bc61a2-da43-481f-81ef-956dde919569;11.693;0.1;BUY
2016-04-03T21:42:29.000000;2016-04-03T21:42:29.253000;51979a57-7007-4355-b63f-6cd2c94a5959;11.719;0.1;BUY
2016-04-03T21:42:29.000000;2016-04-03T21:42:29.253000;e458f009-04b6-44e9-bba0-51b3f240df09;11.722;0.1;BUY
2016-04-03T21:42:29.000000;2016-04-03T21:42:29.253000;5cb40669-4921-4fd2-8eb2-bbbce778143c;11.749;2.891032;BUY
2016-04-03T23:33:34.000000;2016-04-03T23:33:35.020000;23914ad1-ba8f-4f36-878c-878d367d39fd;11.61;0.1;SELL
2016-04-03T23:33:58.000000;2016-04-03T23:33:58.220000;1033a667-678c-444b-b66f-d8c4131ed540;11.61;0.139828;BUY
2016-04-03T23:34:08.000000;2016-04-03T23:34:08.847000;7c87197e-c570-4ab2-b570-f4bb821e457a;11.61;0.134885;BUY
2016-04-03T23:34:22.000000;2016-04-03T23:34:22.233000;e6294e29-7be0-4c0a-b588-3d127671583a;11.61;0.136512;BUY
2016-04-03T23:34:26.000000;2016-04-03T23:34:26.510000;48abcc47-655f-4ba5-b94c-cc5b87eb0641;11.61;0.127615;BUY
2016-04-03T23:41:44.000000;2016-04-03T23:41:44.883000;7a83f5a3-be23-4eb2-b2f6-c12b044d93e5;11.61;0.13515;BUY
2016-04-03T23:41:55.000000;2016-04-03T23:41:55.087000;3ba107ba-c433-4088-a207-9aa047d5aa4b;11.61;0.139528;BUY
2016-04-03T23:49:03.000000;2016-04-03T23:49:03.787000;ee46d218-bc7b-48ca-b723-8c04d1b36ef8;11.61;0.137831;BUY
2016-04-03T23:49:12.000000;2016-04-03T23:49:12.500000;9cfd20a3-1686-405f-b1c2-2304972b7e08;11.61;0.138008;BUY
2016-04-03T23:49:23.000000;2016-04-03T23:49:23.703000;e96148d1-00c3-43c8-a304-ef0425e4baa0;11.61;0.124379;BUY
2016-04-03T23:49:30.000000;2016-04-03T23:49:30.247000;ad01c8a9-58d7-4cea-9dcb-a4673eea37df;11.61;0.118636;BUY
2016-04-03T23:56:42.000000;2016-04-03T23:56:42.933000;f01e6712-a163-45f3-955d-2df0446d6353;11.61;0.137377;BUY
2016-04-03T23:56:49.000000;2016-04-03T23:56:49.600000;9636e35b-4617-4d20-80c9-48f63a6f2e8c;11.61;0.136326;BUY
2016-04-03T23:56:56.000000;2016-04-03T23:56:56.767000;dbcd7be5-60f9-4dc5-9dd2-f33b00e63115;11.61;0.13776;BUY
2016-04-03T23:57:14.000000;2016-04-03T23:57:14.143000;83f3ea01-9575-4e21-bee8-57b0205f1031;11.61;0.134245;BUY
2016-04-03T23:57:23.000000;2016-04-03T23:57:23.937000;a8111669-55ee-4c4d-8cc6-ac6845abe97d;11.61;0.138404;BUY
2016-04-03T23:57:30.000000;2016-04-03T23:57:30.507000;b67d5e96-0152-4a4e-964b-41a93dcdc60e;11.61;0.135724;BUY
