time_exchange;time_coinpai;guid;price;base_amount;taker_side
2016-04-03T00:00:02.000000;2016-04-03T00:00:02.000000;dbe81cc6-3b7e-4423-a9f0-3d2f9de965b2;419.95;0.23722;UNKNOWN
2016-04-03T00:00:26.000000;2016-04-03T00:00:26.000000;d6fbd446-0263-4644-8d78-2da7bd24a26a;419.94;0.04;UNKNOWN
2016-04-03T00:00:31.000000;2016-04-03T00:00:31.000000;03267f76-10b1-4097-95ed-66e7da9f6026;419.95;0.52626;UNKNOWN
2016-04-03T00:01:01.000000;2016-04-03T00:01:01.000000;07993b8f-be83-49b5-88fa-f9195fc4b303;419.95;0.30727;UNKNOWN
2016-04-03T00:01:34.000000;2016-04-03T00:01:34.000000;339e2b82-c2d3-46c1-a30d-2a3e03823ccf;419.9;0.01;UNKNOWN
2016-04-03T00:02:01.000000;2016-04-03T00:02:01.000000;fa9b1eb5-64ae-4fa9-8fec-0ebfdb7c91cb;419.9;0.11788;UNKNOWN
2016-04-03T00:02:31.000000;2016-04-03T00:02:31.000000;92a78bf3-600b-4704-9abb-d24f202e836b;419.84;0.12581;UNKNOWN
2016-04-03T00:03:01.000000;2016-04-03T00:03:01.000000;98729bdd-9c5a-4a61-80dd-09f120979f0e;419.9;2.33436;UNKNOWN
2016-04-03T00:03:31.000000;2016-04-03T00:03:31.000000;b46bb7af-4bed-4461-8f68-8c64a47ef7ae;419.95;0.08697;UNKNOWN
2016-04-03T00:03:39.000000;2016-04-03T00:03:39.000000;a710bdfa-ef0a-4024-ac78-6e2b6f28d01b;419.95;0.14;UNKNOWN
2016-04-03T00:03:39.000000;2016-04-03T00:03:39.000000;84483ee7-8c23-4156-bd58-8cf42c3c1126;419.95;0.06439141;UNKNOWN
2016-04-03T00:03:39.000000;2016-04-03T00:03:39.000000;3470ca50-2d84-4a63-9b38-427dd39d57ac;419.95;0.02542753;UNKNOWN
2016-04-03T00:04:01.000000;2016-04-03T00:04:01.000000;cf6eb040-0f66-41bb-856c-e4ac3b7eeea1;419.84;0.01042;UNKNOWN
2016-04-03T00:05:01.000000;2016-04-03T00:05:01.000000;e4284ab2-b3f1-4767-9079-5161cfdc97c6;419.94;0.14395;UNKNOWN
2016-04-03T00:05:31.000000;2016-04-03T00:05:31.000000;297c987d-d8ee-40a7-a0c4-d35f64972c3c;419.95;0.47976806;UNKNOWN
2016-04-03T00:05:31.000000;2016-04-03T00:05:31.000000;a074b59e-cd07-429c-a843-11fa3812965e;419.95;0.01;UNKNOWN
2016-04-03T00:05:31.000000;2016-04-03T00:05:31.000000;0c73fdbc-8d54-4711-9170-1168f07bae27;419.98;0.01;UNKNOWN
2016-04-03T00:05:31.000000;2016-04-03T00:05:31.000000;117c949e-e6d9-4b2e-a3a2-06e7c35f98bb;419.95;0.05414029;UNKNOWN
2016-04-03T00:05:31.000000;2016-04-03T00:05:31.000000;8d079cd4-5e8c-4b27-b638-b25e1b6795aa;419.95;0.02;UNKNOWN
2016-04-03T00:05:31.000000;2016-04-03T00:05:31.000000;25ab4636-9586-4d3b-ac5e-fc70f1052d9b;419.95;0.01;UNKNOWN
2016-04-03T00:05:31.000000;2016-04-03T00:05:31.000000;7c272089-cd0b-4653-8869-eef66044d084;419.99;1.0;UNKNOWN
2016-04-03T00:05:31.000000;2016-04-03T00:05:31.000000;90b3f182-7600-4faa-9e51-461bf8fc432f;419.98;0.34272;UNKNOWN
2016-04-03T00:05:31.000000;2016-04-03T00:05:31.000000;6b0720bb-8cb2-4db6-8b4c-ea525f9345c8;419.98;0.3;UNKNOWN
2016-04-03T00:05:31.000000;2016-04-03T00:05:31.000000;e01cc399-3973-4295-907e-d34283e77849;419.99;0.01;UNKNOWN
2016-04-03T00:05:31.000000;2016-04-03T00:05:31.000000;29590ebb-1d55-4b6e-b35b-c1a2b73eb92f;419.99;3.9;UNKNOWN
2016-04-03T00:05:31.000000;2016-04-03T00:05:31.000000;472dba93-e28e-470b-ba00-185d7080f9bd;419.99;1.87880165;UNKNOWN
2016-04-03T00:06:01.000000;2016-04-03T00:06:01.000000;abde12f8-965a-46f8-b297-e2dacc86baf7;419.99;0.0943;UNKNOWN
2016-04-03T00:06:35.000000;2016-04-03T00:06:35.000000;17b80bd0-3896-4dd3-a1ff-d002f0c2b61e;419.99;0.22383;UNKNOWN
2016-04-03T00:07:01.000000;2016-04-03T00:07:01.000000;9d89d4cc-3eda-4e8a-92bb-5074d8f9a89c;419.99;1.76901165;UNKNOWN
2016-04-03T00:07:01.000000;2016-04-03T00:07:01.000000;e6caeff8-3d1e-4842-bd61-975a98701259;419.99;0.2;UNKNOWN
2016-04-03T00:07:01.000000;2016-04-03T00:07:01.000000;435b14eb-b9b1-45b3-a243-2bcbb452b704;419.99;0.06782835;UNKNOWN
2016-04-03T00:07:31.000000;2016-04-03T00:07:31.000000;19925521-3f42-46ce-bfee-fe91ad648e7e;419.98;0.02077;UNKNOWN
2016-04-03T00:08:02.000000;2016-04-03T00:08:02.000000;916c1be3-2a33-4c3d-8522-bb52ccf366cb;419.99;0.01611;UNKNOWN
2016-04-03T00:08:02.000000;2016-04-03T00:08:02.000000;c94a72b7-c09f-4bcd-879a-2e846c8aeec0;419.99;0.45538;UNKNOWN
2016-04-03T00:09:01.000000;2016-04-03T00:09:01.000000;ee82228d-3d27-45d6-8558-7a946afbb0c7;419.99;3.69296;UNKNOWN
2016-04-03T00:09:31.000000;2016-04-03T00:09:31.000000;6cff4531-2659-4b14-ab1b-ff1accd4b64f;419.99;0.17;UNKNOWN
2016-04-03T00:09:31.000000;2016-04-03T00:09:31.000000;4cd9c947-38be-47b6-bb59-11c664390240;419.98;1.74;UNKNOWN
2016-04-03T00:09:42.000000;2016-04-03T00:09:42.000000;624f82a8-24af-4b8b-a8dc-a15baa0ff993;420.0;0.09882509;UNKNOWN
2016-04-03T00:09:42.000000;2016-04-03T00:09:42.000000;5fd6a884-d96e-4be1-9e71-84bc6cfee8a3;420.0;0.01117491;UNKNOWN
2016-04-03T00:09:42.000000;2016-04-03T00:09:42.000000;62f77aeb-d65a-4152-a494-24de60594b2b;420.0;0.02;UNKNOWN
2016-04-03T00:10:31.000000;2016-04-03T00:10:31.000000;2cf1e4fd-2d17-4245-bc8d-754a83e3f34e;420.0;0.04097509;UNKNOWN
2016-04-03T00:10:31.000000;2016-04-03T00:10:31.000000;23e8c310-d1f8-40fc-9050-7a596ca743aa;420.0;0.05;UNKNOWN
2016-04-03T00:10:31.000000;2016-04-03T00:10:31.000000;f09e02a4-1ea8-40b6-a7bf-374ee48ef824;420.0;0.1;UNKNOWN
2016-04-03T00:10:31.000000;2016-04-03T00:10:31.000000;1691aaf2-d3b7-401c-9883-be09132fa69e;420.0;0.09317491;UNKNOWN
2016-04-03T00:11:01.000000;2016-04-03T00:11:01.000000;7780be5c-deb1-4471-8eeb-5ef6ad0efdf2;420.0;0.23574;UNKNOWN
2016-04-03T00:11:31.000000;2016-04-03T00:11:31.000000;f9c7fb4a-f491-4dc0-b538-2f0255a79d6e;420.0;0.01;UNKNOWN
2016-04-03T00:11:31.000000;2016-04-03T00:11:31.000000;54876684-e8d7-4e91-abcb-a68c1528402a;420.0;0.01;UNKNOWN
2016-04-03T00:11:31.000000;2016-04-03T00:11:31.000000;71ac3d4f-c8b3-4a5a-9528-20bad834ef25;420.0;0.22328491;UNKNOWN
2016-04-03T00:11:31.000000;2016-04-03T00:11:31.000000;31ce676c-5a1f-4313-b31c-6347c1057d2f;420.0;0.089;UNKNOWN
2016-04-03T00:11:31.000000;2016-04-03T00:11:31.000000;b265e0cd-835e-49c4-a3e1-088d0bb48d26;420.0;0.01;UNKNOWN
2016-04-03T00:11:31.000000;2016-04-03T00:11:31.000000;9440548a-48f7-4af2-8daf-a78271f28910;420.0;0.01;UNKNOWN
2016-04-03T00:11:31.000000;2016-04-03T00:11:31.000000;ea60da03-a811-49a3-97a6-47170c546666;420.0;0.06024509;UNKNOWN
2016-04-03T00:12:01.000000;2016-04-03T00:12:01.000000;3d98357b-3906-4c70-9d39-8001f65aad03;420.0;10.42895372;UNKNOWN
2016-04-03T00:12:01.000000;2016-04-03T00:12:01.000000;2e22e2dc-266f-479f-9803-23cdabad41bf;420.0;0.02376137;UNKNOWN
2016-04-03T00:12:01.000000;2016-04-03T00:12:01.000000;3ba320fd-ef44-46c0-ad5f-de9159390d4c;420.0;0.05;UNKNOWN
2016-04-03T00:12:01.000000;2016-04-03T00:12:01.000000;0e84652a-d497-463f-b34d-9b8ce0e9e1b9;420.0;1.43975491;UNKNOWN
2016-04-03T00:12:31.000000;2016-04-03T00:12:31.000000;d5b1ed68-a262-45c4-9729-a0d57f9591e4;419.95;4.27578;UNKNOWN
2016-04-03T00:12:31.000000;2016-04-03T00:12:31.000000;901dc69f-2407-4d83-a1a6-8aeddadac56b;419.99;0.2;UNKNOWN
2016-04-03T00:12:31.000000;2016-04-03T00:12:31.000000;3b57df55-4c9d-4222-af72-e7bc11c219f6;419.98;0.23923;UNKNOWN
2016-04-03T00:12:31.000000;2016-04-03T00:12:31.000000;e6ef3fa5-c696-4d50-9106-d6c2ad9fe68a;419.95;0.0115;UNKNOWN
2016-04-03T00:12:31.000000;2016-04-03T00:12:31.000000;80762660-ac20-428e-a3bf-f5e22c37b6aa;419.99;0.01;UNKNOWN
2016-04-03T00:12:31.000000;2016-04-03T00:12:31.000000;65ef8943-f9ed-43a7-b064-0c684e8de043;419.99;0.09;UNKNOWN
2016-04-03T00:13:01.000000;2016-04-03T00:13:01.000000;7b8314ec-1c37-4d79-8ac8-04e72a86cd5c;419.92;0.01;UNKNOWN
2016-04-03T00:13:01.000000;2016-04-03T00:13:01.000000;4f3199cf-014e-4d07-b31c-8b7d7b15b762;419.9;0.01;UNKNOWN
2016-04-03T00:13:01.000000;2016-04-03T00:13:01.000000;2ab15939-3fe0-4576-95fd-ef5001113ddc;419.93;0.01;UNKNOWN
2016-04-03T00:13:01.000000;2016-04-03T00:13:01.000000;6299de1f-d935-433e-8a3a-c8a0dd9f822f;419.89;0.01;UNKNOWN
2016-04-03T00:13:01.000000;2016-04-03T00:13:01.000000;141139e9-4c44-47be-8738-30df1c9789b2;419.9;0.0115;UNKNOWN
2016-04-03T00:13:01.000000;2016-04-03T00:13:01.000000;db1628de-efa4-49fd-8a91-314619a80de6;419.94;0.01;UNKNOWN
2016-04-03T00:13:01.000000;2016-04-03T00:13:01.000000;5616746d-4372-4724-b7ed-93591f0b5808;419.86;0.01;UNKNOWN
2016-04-03T00:13:01.000000;2016-04-03T00:13:01.000000;bf21aa1f-8904-4dca-8144-edf9d2ccea7e;419.87;0.01;UNKNOWN
2016-04-03T00:13:01.000000;2016-04-03T00:13:01.000000;867e8613-a433-414d-9ae4-c45e194baf79;419.88;0.01;UNKNOWN
2016-04-03T00:13:01.000000;2016-04-03T00:13:01.000000;9111478e-8e4e-49c6-8929-c9d28ea592b8;419.88;0.3;UNKNOWN
2016-04-03T00:13:01.000000;2016-04-03T00:13:01.000000;7709a399-8344-4879-bb32-4f0a2e647a04;419.95;0.01;UNKNOWN
2016-04-03T00:13:01.000000;2016-04-03T00:13:01.000000;a63283ba-6ab5-408f-8d75-91766ec53591;419.95;3.86422;UNKNOWN
2016-04-03T00:13:01.000000;2016-04-03T00:13:01.000000;ab2dd4b3-ad40-4064-8468-82cfcc298dbd;419.86;0.3709;UNKNOWN
2016-04-03T00:13:01.000000;2016-04-03T00:13:01.000000;806c125b-05b6-44e7-9d78-57d60c08ae34;419.94;1.85605;UNKNOWN
2016-04-03T00:13:01.000000;2016-04-03T00:13:01.000000;f839447d-4552-4fb8-bd70-c37afe8726d7;419.91;0.01;UNKNOWN
2016-04-03T00:13:31.000000;2016-04-03T00:13:31.000000;a29db383-eda2-49ad-9ef5-12a1f4234f88;419.91;0.55977;UNKNOWN
2016-04-03T00:13:31.000000;2016-04-03T00:13:31.000000;6264229b-fe08-465e-bbd9-70442542f2e2;419.9;0.01;UNKNOWN
2016-04-03T00:13:31.000000;2016-04-03T00:13:31.000000;a5362c87-82be-4362-aeca-3728f5d64ff9;419.9;0.01;UNKNOWN
2016-04-03T00:13:31.000000;2016-04-03T00:13:31.000000;896fe639-ffef-4736-82a6-e51be52af475;419.89;0.01;UNKNOWN
2016-04-03T00:13:31.000000;2016-04-03T00:13:31.000000;0e99bb96-3401-4469-b140-75756cefe29b;419.88;0.01;UNKNOWN
2016-04-03T00:13:58.000000;2016-04-03T00:13:58.000000;2c95b54c-9c4c-4045-8696-f7bb0d30cae2;419.9;1.173e-05;UNKNOWN
2016-04-03T00:14:01.000000;2016-04-03T00:14:01.000000;94648964-fbc2-4764-801c-22b92867f17b;419.9;0.01274;UNKNOWN
2016-04-03T00:14:53.000000;2016-04-03T00:14:53.000000;f53432f6-0cc1-48f0-b866-0e7e50586019;419.9;0.01;UNKNOWN
2016-04-03T00:15:00.000000;2016-04-03T00:15:00.000000;7aad1ed4-7b0a-474f-8acf-d542a071455a;419.9;0.14966156;UNKNOWN
2016-04-03T00:15:01.000000;2016-04-03T00:15:01.000000;4ebc99f5-aebd-4cac-881e-c537e1ea6a24;419.9;0.02758671;UNKNOWN
2016-04-03T00:15:01.000000;2016-04-03T00:15:01.000000;d7bad492-5beb-44b3-87c8-aa056de45751;419.91;0.01;UNKNOWN
2016-04-03T00:15:01.000000;2016-04-03T00:15:01.000000;359f9b76-4940-478c-8056-0175f065c1b5;419.91;0.90361329;UNKNOWN
2016-04-03T00:15:31.000000;2016-04-03T00:15:31.000000;0c7819e6-e450-48a6-aaf1-8e1bcc763463;419.9;0.24056;UNKNOWN
2016-04-03T00:16:01.000000;2016-04-03T00:16:01.000000;1167fea2-ec12-4ea0-8fea-d14a61327ed4;419.9;0.47159;UNKNOWN
2016-04-03T00:16:31.000000;2016-04-03T00:16:31.000000;3b109eb3-11f2-486e-a3fa-0a44da40a5cb;419.9;1.4457;UNKNOWN
2016-04-03T00:17:01.000000;2016-04-03T00:17:01.000000;d80507a3-52a2-46d3-abe6-1b46f97dd66b;419.9;0.35352;UNKNOWN
2016-04-03T00:17:31.000000;2016-04-03T00:17:31.000000;770fd207-0c81-433a-8b24-f0b1e8b9db0a;419.9;2.37999;UNKNOWN
2016-04-03T00:18:01.000000;2016-04-03T00:18:01.000000;24823dd8-ab6a-4de6-b0c5-d9751906ce0a;419.96;0.09;UNKNOWN
2016-04-03T00:18:01.000000;2016-04-03T00:18:01.000000;b01f1195-675e-47f9-8743-a93104608dc3;419.92;0.01;UNKNOWN
2016-04-03T00:18:01.000000;2016-04-03T00:18:01.000000;b5e03aca-7258-4d70-95a0-58a45a1ab02c;419.92;0.01;UNKNOWN
2016-04-03T00:18:01.000000;2016-04-03T00:18:01.000000;fba89750-9b3b-4ddf-afde-538b95080a03;419.94;0.01;UNKNOWN
2016-04-03T00:18:01.000000;2016-04-03T00:18:01.000000;eb6be25c-dbe3-4347-ac8b-e097ae1bddbd;419.93;0.01;UNKNOWN
2016-04-03T00:18:01.000000;2016-04-03T00:18:01.000000;9e30e725-342e-487f-ba51-0c23e03158b5;419.95;0.01;UNKNOWN
2016-04-03T00:18:01.000000;2016-04-03T00:18:01.000000;5e6457d1-4b35-4308-8aca-95244eb42868;420.0;1.46812;UNKNOWN
2016-04-03T00:19:01.000000;2016-04-03T00:19:01.000000;8bcf855a-4ed8-4710-8cfe-f05a5bca49fa;420.0;0.17679;UNKNOWN
2016-04-03T00:19:32.000000;2016-04-03T00:19:32.000000;cf5e0d68-f0fe-4f31-933e-89a30604ddf5;420.0;1.66154;UNKNOWN
2016-04-03T00:20:01.000000;2016-04-03T00:20:01.000000;1b5f3157-d1d7-4c17-bb44-c191fe79afab;420.0;1.20691;UNKNOWN
2016-04-03T00:21:07.000000;2016-04-03T00:21:07.000000;7e00c63e-6883-4f76-bba6-700f7acee6cd;420.0;0.11669;UNKNOWN
2016-04-03T00:21:34.000000;2016-04-03T00:21:34.000000;84e705e1-8c37-4031-a54e-bfb4bbf475b8;420.0;0.45359;UNKNOWN
2016-04-03T00:22:01.000000;2016-04-03T00:22:01.000000;c37fadb0-c52c-4060-991b-d0dacb26bcc9;419.97;0.01552;UNKNOWN
2016-04-03T00:23:02.000000;2016-04-03T00:23:02.000000;a6345eb4-4ca5-4b22-812d-ed6955b5ef39;419.94;0.01;UNKNOWN
2016-04-03T00:23:02.000000;2016-04-03T00:23:02.000000;8d99b626-1c90-428d-8228-f6ceadca1982;419.97;0.13448;UNKNOWN
2016-04-03T00:23:02.000000;2016-04-03T00:23:02.000000;460bd2db-afaf-4dac-9246-93cc42b9ac37;419.92;0.01;UNKNOWN
2016-04-03T00:23:02.000000;2016-04-03T00:23:02.000000;49d9d19a-16cf-4524-b971-9c1c8d5598fa;419.93;0.01;UNKNOWN
2016-04-03T00:23:02.000000;2016-04-03T00:23:02.000000;421ecada-f0d2-4488-9724-e66ed9a63da9;419.91;0.12022;UNKNOWN
2016-04-03T00:23:02.000000;2016-04-03T00:23:02.000000;bb7ff12e-68b9-44d8-be79-6b1d72a34477;419.91;0.01;UNKNOWN
2016-04-03T00:23:31.000000;2016-04-03T00:23:31.000000;705db9cb-363c-4dc7-8fe8-0918d0a62cdb;419.9;0.01;UNKNOWN
2016-04-03T00:23:31.000000;2016-04-03T00:23:31.000000;878efdca-4dc8-4e1a-851d-0d0665acacfd;419.9;0.16596;UNKNOWN
2016-04-03T00:24:01.000000;2016-04-03T00:24:01.000000;3b231fc1-bd2b-41af-9fb7-c6690b8c9389;419.91;0.01;UNKNOWN
2016-04-03T00:24:01.000000;2016-04-03T00:24:01.000000;450da3af-471a-41c8-bfc9-8b858034c660;419.94;0.19;UNKNOWN
2016-04-03T00:25:02.000000;2016-04-03T00:25:02.000000;64005d94-0879-4908-afee-2d5f738726d1;420.0;0.05893;UNKNOWN
2016-04-03T00:25:31.000000;2016-04-03T00:25:31.000000;ecdcf2e8-4bd9-4b2d-a5c2-af01c66f51d3;419.91;0.01;UNKNOWN
2016-04-03T00:25:31.000000;2016-04-03T00:25:31.000000;746dda49-d997-41a1-b91c-d6379462da24;419.83;0.01;UNKNOWN
2016-04-03T00:25:31.000000;2016-04-03T00:25:31.000000;2626b94b-ff7f-4589-bf65-51ea3224f103;419.92;0.01;UNKNOWN
2016-04-03T00:25:31.000000;2016-04-03T00:25:31.000000;429025a6-40d9-4ba2-a977-b6f3783bdfbc;419.93;0.01;UNKNOWN
2016-04-03T00:25:31.000000;2016-04-03T00:25:31.000000;ef2c8059-bb23-47df-870e-d15f134611f5;419.94;0.01;UNKNOWN
2016-04-03T00:25:31.000000;2016-04-03T00:25:31.000000;57735bd3-fe1b-4402-b45f-02304f3fd89a;419.9;0.3;UNKNOWN
2016-04-03T00:25:31.000000;2016-04-03T00:25:31.000000;17d43e7c-792b-48d4-888d-847b0b775026;419.84;0.01;UNKNOWN
2016-04-03T00:25:31.000000;2016-04-03T00:25:31.000000;e1781d0d-3a9e-4e62-bd66-d120ad28ccdf;419.89;0.01;UNKNOWN
2016-04-03T00:25:31.000000;2016-04-03T00:25:31.000000;11f54149-b442-4aa1-b7e1-790402876ea0;419.9;0.01;UNKNOWN
2016-04-03T00:25:31.000000;2016-04-03T00:25:31.000000;93843025-f659-4571-a2a0-de449baeecd1;419.88;0.01;UNKNOWN
2016-04-03T00:25:31.000000;2016-04-03T00:25:31.000000;bda7a5af-d354-4a2d-997f-39598f5cdf61;419.89;0.18;UNKNOWN
2016-04-03T00:25:31.000000;2016-04-03T00:25:31.000000;0dee883e-008f-4c95-9bef-b8275e3cccaa;419.87;0.01;UNKNOWN
2016-04-03T00:25:31.000000;2016-04-03T00:25:31.000000;6e739a33-55ee-41c8-ba4c-c22165d841a1;419.85;0.01;UNKNOWN
2016-04-03T00:25:31.000000;2016-04-03T00:25:31.000000;c722e498-f068-41b4-b9c8-c1643f2385d5;419.86;0.01;UNKNOWN
2016-04-03T00:25:31.000000;2016-04-03T00:25:31.000000;b9732d92-7648-4a4b-af94-7e46e0ddd1cf;419.82;0.8;UNKNOWN
2016-04-03T00:25:31.000000;2016-04-03T00:25:31.000000;f34df000-44c8-4e47-a479-225d07b496d3;419.82;0.01;UNKNOWN
2016-04-03T00:25:31.000000;2016-04-03T00:25:31.000000;9fa38f90-8b63-46fb-8988-3a37cae2667b;419.81;1.8764519;UNKNOWN
2016-04-03T00:25:31.000000;2016-04-03T00:25:31.000000;3227c0a1-e68d-4b64-98e2-eafd81c7e7f4;419.81;0.01;UNKNOWN
2016-04-03T00:25:31.000000;2016-04-03T00:25:31.000000;81d0ee73-908f-4e19-9bd7-1dbd692ac202;419.81;0.0228681;UNKNOWN
2016-04-03T00:25:31.000000;2016-04-03T00:25:31.000000;ec5990aa-4612-43db-84b4-d06a234360bd;419.82;2.47;UNKNOWN
2016-04-03T00:26:55.000000;2016-04-03T00:26:55.000000;7a32ce9c-1fa6-427b-b8fd-955738fdac82;419.87;0.01;UNKNOWN
2016-04-03T00:26:55.000000;2016-04-03T00:26:55.000000;b8d63b9f-ec5e-4c1e-9cf1-b6313b51c8d2;419.87;0.1;UNKNOWN
2016-04-03T00:26:55.000000;2016-04-03T00:26:55.000000;9c50ff8d-ad6c-4e5b-b87c-8383d5e87ce1;419.86;0.01;UNKNOWN
2016-04-03T00:26:55.000000;2016-04-03T00:26:55.000000;7bc779b9-7747-436e-a7cf-b69eb9aaadbf;419.86;0.01;UNKNOWN
2016-04-03T00:26:55.000000;2016-04-03T00:26:55.000000;6738a031-070e-404f-8ee5-3b147d393236;419.84;0.01;UNKNOWN
2016-04-03T00:26:55.000000;2016-04-03T00:26:55.000000;148c0d3c-ee0c-47c3-8835-648f2f2153f4;419.83;0.01;UNKNOWN
2016-04-03T00:26:55.000000;2016-04-03T00:26:55.000000;e51a7ecd-d5bd-4226-a8cd-0ac02d1b5166;419.85;0.01;UNKNOWN
2016-04-03T00:27:01.000000;2016-04-03T00:27:01.000000;e51de451-6d92-470c-a958-feb83242130e;419.92;0.07198;UNKNOWN
2016-04-03T00:27:01.000000;2016-04-03T00:27:01.000000;b4d12b4a-7c76-4d20-b937-30198ecbb501;419.89;0.01;UNKNOWN
2016-04-03T00:27:01.000000;2016-04-03T00:27:01.000000;243b595a-074d-4d4d-9556-5b32c13af745;419.92;0.01;UNKNOWN
2016-04-03T00:27:01.000000;2016-04-03T00:27:01.000000;1134b5ba-8868-4928-8bca-ff9eed65b97e;419.88;0.01;UNKNOWN
2016-04-03T00:27:01.000000;2016-04-03T00:27:01.000000;fef88932-c84e-4081-aa8b-1f54df8b142b;419.91;0.01;UNKNOWN
2016-04-03T00:27:01.000000;2016-04-03T00:27:01.000000;e6c06442-ed84-4bf4-b2cf-0934e4efbef2;419.9;0.01;UNKNOWN
2016-04-03T00:27:32.000000;2016-04-03T00:27:32.000000;adc97db9-aba5-4668-b2b2-07ae3f9a9a92;419.88;0.01;UNKNOWN
2016-04-03T00:27:32.000000;2016-04-03T00:27:32.000000;57c9de5e-48ee-47a7-b432-cb1585491a5f;419.87;0.01;UNKNOWN
2016-04-03T00:27:32.000000;2016-04-03T00:27:32.000000;cdd95a75-bf90-4434-8dca-a27274bf92e9;419.86;0.01;UNKNOWN
2016-04-03T00:27:32.000000;2016-04-03T00:27:32.000000;326b42ce-1411-4aca-bf96-a05b6912a562;419.86;0.01;UNKNOWN
2016-04-03T00:27:32.000000;2016-04-03T00:27:32.000000;34903461-628e-40bb-a0cc-f73ea9b1588d;419.89;0.01;UNKNOWN
2016-04-03T00:27:32.000000;2016-04-03T00:27:32.000000;232f3632-7feb-4ed3-9c7b-80e890264885;419.82;0.07409;UNKNOWN
2016-04-03T00:27:32.000000;2016-04-03T00:27:32.000000;c6df96fa-7039-414c-96c4-12d128164e2b;419.83;0.01;UNKNOWN
2016-04-03T00:27:32.000000;2016-04-03T00:27:32.000000;852886fc-db7c-457b-942b-56a2b5a28153;419.84;0.01;UNKNOWN
2016-04-03T00:27:32.000000;2016-04-03T00:27:32.000000;d9d4c81c-33d0-4cd1-a699-b5d8be42efbb;419.85;0.01;UNKNOWN
2016-04-03T00:27:32.000000;2016-04-03T00:27:32.000000;6ea5828a-e839-4a14-9e26-a8aa883435bc;419.9;0.01;UNKNOWN
2016-04-03T00:27:59.000000;2016-04-03T00:27:59.000000;3f31fd5b-1f85-45d3-8be6-919d1c485e75;419.99;3.42;UNKNOWN
2016-04-03T00:27:59.000000;2016-04-03T00:27:59.000000;00d61c69-d0c6-4b75-8fbf-404d5c8728a1;420.0;1.51691;UNKNOWN
2016-04-03T00:27:59.000000;2016-04-03T00:27:59.000000;efd2bc4e-58c0-4f51-b482-a0a9602d9ed1;419.87;0.01;UNKNOWN
2016-04-03T00:27:59.000000;2016-04-03T00:27:59.000000;9597528f-334a-4430-b662-f33e8bc67095;419.98;0.07409;UNKNOWN
2016-04-03T00:27:59.000000;2016-04-03T00:27:59.000000;4a50ff22-894f-4803-9c5b-831ddac65774;419.91;0.3;UNKNOWN
2016-04-03T00:27:59.000000;2016-04-03T00:27:59.000000;cb8d54ea-5f84-4565-8d04-75b5841d0d01;419.93;0.01;UNKNOWN
2016-04-03T00:27:59.000000;2016-04-03T00:27:59.000000;96d8d055-c095-488c-9905-4b8234be89e1;419.86;0.01;UNKNOWN
2016-04-03T00:27:59.000000;2016-04-03T00:27:59.000000;55fa9f50-3fc0-473c-92b5-a3a58b2a696f;419.85;0.01;UNKNOWN
2016-04-03T00:27:59.000000;2016-04-03T00:27:59.000000;20ada285-326e-40c6-ba3a-16f9cf8074db;419.84;0.01;UNKNOWN
2016-04-03T00:27:59.000000;2016-04-03T00:27:59.000000;48563e49-fcdf-4a21-a483-9aa69cdd6c36;419.91;0.01;UNKNOWN
2016-04-03T00:27:59.000000;2016-04-03T00:27:59.000000;c6ef1127-fc20-4aaa-8e13-4cc1caae30a3;419.88;0.01;UNKNOWN
2016-04-03T00:27:59.000000;2016-04-03T00:27:59.000000;6b185f0e-39b0-478e-98c5-a5e7ce6a5049;419.9;0.01;UNKNOWN
2016-04-03T00:27:59.000000;2016-04-03T00:27:59.000000;e7315b82-a56f-4e7f-9b6c-f6d016afb178;419.89;0.01;UNKNOWN
2016-04-03T00:27:59.000000;2016-04-03T00:27:59.000000;d238b6b7-62ee-4e3a-8446-c670802f9d3b;419.94;0.01;UNKNOWN
2016-04-03T00:27:59.000000;2016-04-03T00:27:59.000000;c660e019-544d-4e23-a797-5ddc510c9761;419.98;0.3;UNKNOWN
2016-04-03T00:27:59.000000;2016-04-03T00:27:59.000000;bca8dc85-260f-41d2-bd8b-bc8faf1d0937;419.95;0.01;UNKNOWN
2016-04-03T00:27:59.000000;2016-04-03T00:27:59.000000;01c471fd-cc14-4de7-9727-2a62c0e0a68b;419.97;2.47;UNKNOWN
2016-04-03T00:28:32.000000;2016-04-03T00:28:32.000000;2a5dbc6f-225b-4898-9241-02a291ca162c;419.94;0.01;UNKNOWN
2016-04-03T00:28:32.000000;2016-04-03T00:28:32.000000;ab91e092-2299-4b36-a330-283e263e4ade;419.9;0.01;UNKNOWN
2016-04-03T00:28:32.000000;2016-04-03T00:28:32.000000;c0e4c943-7866-41da-bed7-f8f64534e976;419.91;0.01;UNKNOWN
2016-04-03T00:28:32.000000;2016-04-03T00:28:32.000000;2c22c17a-1e87-4171-a4f5-553ec70b4973;419.93;0.01;UNKNOWN
2016-04-03T00:28:32.000000;2016-04-03T00:28:32.000000;72bbd8dd-7ff3-4fea-bb31-9b34149e848f;419.91;0.3;UNKNOWN
2016-04-03T00:28:32.000000;2016-04-03T00:28:32.000000;5f475a08-70a4-49be-a716-2e0126f4c679;419.92;0.01;UNKNOWN
2016-04-03T00:28:32.000000;2016-04-03T00:28:32.000000;f85fff8f-eacc-4d93-a8a8-3f9a63bb692c;419.9;0.13101;UNKNOWN
2016-04-03T00:29:05.000000;2016-04-03T00:29:05.000000;e1ab03d6-f86b-4105-889c-ed4da4f71bae;419.91;0.01;UNKNOWN
2016-04-03T00:29:05.000000;2016-04-03T00:29:05.000000;3a881b63-c86c-4ce3-bfd6-2c54d8ed7a87;419.92;0.01;UNKNOWN
2016-04-03T00:29:05.000000;2016-04-03T00:29:05.000000;56dc0335-4c69-493f-a9f3-b5007f9f7aa9;419.93;0.01;UNKNOWN
2016-04-03T00:29:05.000000;2016-04-03T00:29:05.000000;bd2fad91-ec0f-4d50-9f9c-f4c133a3c79b;419.93;0.07;UNKNOWN
2016-04-03T00:29:31.000000;2016-04-03T00:29:31.000000;fbce2b72-5678-47aa-adc2-7e3c3464771d;419.9;1.12342;UNKNOWN
2016-04-03T00:29:31.000000;2016-04-03T00:29:31.000000;1294a8ab-c7be-46d2-9902-a3b2d1005e08;419.91;0.01;UNKNOWN
2016-04-03T00:29:31.000000;2016-04-03T00:29:31.000000;885290e1-69b7-403a-adec-3b218060939a;419.9;0.01;UNKNOWN
2016-04-03T00:30:02.000000;2016-04-03T00:30:02.000000;dbc5ef8d-337d-4567-aa7d-d1c84aadc084;419.95;0.13;UNKNOWN
2016-04-03T00:30:02.000000;2016-04-03T00:30:02.000000;2c810266-a6e8-4f47-b73f-5a36564ffcda;419.95;0.3;UNKNOWN
2016-04-03T00:30:02.000000;2016-04-03T00:30:02.000000;00a0e029-60bf-4a9f-a889-9fe4b0e79d44;419.95;0.3;UNKNOWN
2016-04-03T00:30:02.000000;2016-04-03T00:30:02.000000;a6a4b0f1-72e8-47b0-9148-c4701f81790d;420.0;0.8154;UNKNOWN
2016-04-03T00:30:02.000000;2016-04-03T00:30:02.000000;2ce5747e-34a1-4144-8afe-b4413a099edc;419.95;0.01;UNKNOWN
2016-04-03T00:30:02.000000;2016-04-03T00:30:02.000000;4c1c3195-6f04-45dd-8cfd-fbbab1ab2d06;419.93;0.23;UNKNOWN
2016-04-03T00:30:02.000000;2016-04-03T00:30:02.000000;20d8f200-90f0-4b02-8e8a-bd16aaba87c8;419.91;0.01;UNKNOWN
2016-04-03T00:30:02.000000;2016-04-03T00:30:02.000000;600025e5-06c6-4b4c-9881-10a198188779;419.94;0.01;UNKNOWN
2016-04-03T00:30:02.000000;2016-04-03T00:30:02.000000;3c1f8071-37e4-4504-85de-d864378e3436;419.92;0.01;UNKNOWN
2016-04-03T00:30:31.000000;2016-04-03T00:30:31.000000;4431081c-717d-46c7-9a5d-ff0d011da4a6;420.0;0.50843;UNKNOWN
2016-04-03T00:32:00.000000;2016-04-03T00:32:00.000000;bd4bbc1e-1f8b-4931-a171-577f19be07c1;420.0;0.06128;UNKNOWN
2016-04-03T00:33:00.000000;2016-04-03T00:33:00.000000;881dfda8-9362-4dc5-99eb-d27856e14983;419.99;0.08251;UNKNOWN
2016-04-03T00:34:00.000000;2016-04-03T00:34:00.000000;6525f1ea-0afa-4e2e-a10d-c9e74ef2b140;419.94;0.12;UNKNOWN
2016-04-03T00:34:00.000000;2016-04-03T00:34:00.000000;22da2eba-ff07-427d-baa2-a8551113aaff;419.94;0.01;UNKNOWN
2016-04-03T00:34:00.000000;2016-04-03T00:34:00.000000;599601eb-3588-41d6-a3de-8a614e0ae6f2;419.91;0.01;UNKNOWN
2016-04-03T00:34:00.000000;2016-04-03T00:34:00.000000;aca4ee77-c019-4965-8fc4-72cfa91f5242;419.92;0.01;UNKNOWN
2016-04-03T00:34:00.000000;2016-04-03T00:34:00.000000;af969c78-8fef-4b91-b6cf-8440fe75f193;419.93;0.01;UNKNOWN
2016-04-03T00:34:00.000000;2016-04-03T00:34:00.000000;d223240c-78a9-4d16-aa31-74551127c3bd;419.9;0.01;UNKNOWN
2016-04-03T00:34:00.000000;2016-04-03T00:34:00.000000;9783007a-f3b9-4013-8326-ca6ec8afad1a;419.9;0.17441;UNKNOWN
2016-04-03T00:34:30.000000;2016-04-03T00:34:30.000000;7d712b76-bfe0-4628-bd56-719ff4d3ab7b;419.98;0.11501;UNKNOWN
2016-04-03T00:34:30.000000;2016-04-03T00:34:30.000000;2063f3a7-6c5c-4e56-98c7-30fcc1828b01;419.95;0.01;UNKNOWN
2016-04-03T00:34:30.000000;2016-04-03T00:34:30.000000;062a90cc-889a-4a6c-8e3e-b896e525cde7;419.94;0.01;UNKNOWN
2016-04-03T00:34:30.000000;2016-04-03T00:34:30.000000;a458a2b8-3759-4c4a-82e2-ddf355c3447c;419.93;0.01;UNKNOWN
2016-04-03T00:34:30.000000;2016-04-03T00:34:30.000000;997097c4-ed82-49ad-ac51-d10363047c5f;419.92;0.01;UNKNOWN
2016-04-03T00:34:30.000000;2016-04-03T00:34:30.000000;11568088-1b6f-4d4a-b733-37f24c411bbd;419.91;0.01;UNKNOWN
2016-04-03T00:35:00.000000;2016-04-03T00:35:00.000000;151c28c7-5389-4532-9bef-9172183ae21d;419.99;0.11905;UNKNOWN
2016-04-03T00:35:30.000000;2016-04-03T00:35:30.000000;b970f193-7a9b-4a86-add2-c91b0215b2c8;419.98;0.01;UNKNOWN
2016-04-03T00:35:30.000000;2016-04-03T00:35:30.000000;f5a354d4-2c1d-4729-a511-9a88a431c0bb;419.99;0.08329;UNKNOWN
2016-04-03T00:36:30.000000;2016-04-03T00:36:30.000000;f3273912-34e6-4b6f-a842-bc907ec4f45a;419.84;0.01;UNKNOWN
2016-04-03T00:36:30.000000;2016-04-03T00:36:30.000000;617a014e-d613-4a50-9205-23d01df4bf4a;419.87;0.01;UNKNOWN
2016-04-03T00:36:30.000000;2016-04-03T00:36:30.000000;129bd426-01f8-4dab-92a5-83e3233556bf;419.85;0.01;UNKNOWN
2016-04-03T00:36:30.000000;2016-04-03T00:36:30.000000;9a6c7719-111d-4025-969d-5e07c14a810c;419.86;0.01;UNKNOWN
2016-04-03T00:36:30.000000;2016-04-03T00:36:30.000000;0e030d84-bae8-4fc4-a133-b9af208dafab;419.84;0.2008;UNKNOWN
2016-04-03T00:36:30.000000;2016-04-03T00:36:30.000000;d57ec3b3-c265-468a-ab38-7f62dedb10c1;419.84;0.34931;UNKNOWN
2016-04-03T00:36:30.000000;2016-04-03T00:36:30.000000;10e1c680-31bb-4a8f-956e-43b5dd73ec6c;419.89;0.01;UNKNOWN
2016-04-03T00:36:30.000000;2016-04-03T00:36:30.000000;384b6b56-b57c-4b7f-b6fb-cec71d997988;419.88;0.01;UNKNOWN
2016-04-03T00:36:30.000000;2016-04-03T00:36:30.000000;cb416bd0-efab-4784-85aa-c90d61214a1f;419.89;1.0;UNKNOWN
2016-04-03T00:36:30.000000;2016-04-03T00:36:30.000000;61859278-6838-4d50-b1bb-6e8983140e31;419.89;0.01;UNKNOWN
2016-04-03T00:36:30.000000;2016-04-03T00:36:30.000000;6c40da39-0ca8-4e43-9816-a6299be7f1ee;419.9;0.01;UNKNOWN
2016-04-03T00:36:30.000000;2016-04-03T00:36:30.000000;b8dce2a6-76e3-4167-8b07-61c3ef4d1b59;419.91;0.01;UNKNOWN
2016-04-03T00:36:30.000000;2016-04-03T00:36:30.000000;fa3a5b62-cfad-4168-9e16-426d42de0c12;419.92;0.01;UNKNOWN
2016-04-03T00:36:30.000000;2016-04-03T00:36:30.000000;01562552-b545-4774-85b6-044aa5bd8467;419.93;0.01;UNKNOWN
2016-04-03T00:36:30.000000;2016-04-03T00:36:30.000000;daca9401-12f4-453e-aa5d-dc6b1b30d7a0;419.94;0.01;UNKNOWN
2016-04-03T00:37:00.000000;2016-04-03T00:37:00.000000;16335d35-99c6-45e2-a960-e49a318a4d86;419.83;1.0;UNKNOWN
2016-04-03T00:37:00.000000;2016-04-03T00:37:00.000000;5da0ad4a-f853-4554-9b64-147c53d37d7d;419.83;0.01;UNKNOWN
2016-04-03T00:37:00.000000;2016-04-03T00:37:00.000000;2e6b99af-8347-4003-aef6-4ecdf0e07cff;419.83;0.94352;UNKNOWN
2016-04-03T00:37:19.000000;2016-04-03T00:37:19.000000;9e0155b8-e2af-477d-864b-4bd96daf5393;419.83;0.0684;UNKNOWN
2016-04-03T00:37:19.000000;2016-04-03T00:37:19.000000;733f4180-4de4-4206-bf85-91dba103cc06;419.83;0.07876;UNKNOWN
2016-04-03T00:37:19.000000;2016-04-03T00:37:19.000000;15a1e98a-46c9-466a-b42d-53dabacc10e1;419.83;0.10785;UNKNOWN
2016-04-03T00:37:19.000000;2016-04-03T00:37:19.000000;e3c7fd23-2e62-4ddb-a525-6f7fd8016e77;419.83;0.08577732;UNKNOWN
2016-04-03T00:37:19.000000;2016-04-03T00:37:19.000000;af2fa698-753a-4d00-b8cc-63124387fcc2;419.83;0.3282;UNKNOWN
2016-04-03T00:37:19.000000;2016-04-03T00:37:19.000000;2353f4aa-a76f-4c40-bc78-e912f46727c5;419.83;0.09165;UNKNOWN
2016-04-03T00:37:19.000000;2016-04-03T00:37:19.000000;7e6454bd-9a11-44b2-85d2-1287b32464ed;419.83;0.09464;UNKNOWN
2016-04-03T00:37:19.000000;2016-04-03T00:37:19.000000;e4a4b4aa-c867-46e6-b838-a352bd341b0f;419.83;0.10038;UNKNOWN
2016-04-03T00:37:20.000000;2016-04-03T00:37:20.000000;d610cb00-be19-4a8f-af4f-ade505703c5c;419.83;0.013;UNKNOWN
2016-04-03T00:37:20.000000;2016-04-03T00:37:20.000000;5b6eb745-805d-418d-92d4-0f6d3f2f2399;419.83;0.074;UNKNOWN
2016-04-03T00:37:20.000000;2016-04-03T00:37:20.000000;16b2d311-7a74-4c28-bc1c-4b4a523812b3;419.83;0.09786;UNKNOWN
2016-04-03T00:37:20.000000;2016-04-03T00:37:20.000000;88146f04-9ce8-4106-a57f-4ef0837fb9b8;419.83;0.12089088;UNKNOWN
2016-04-03T00:37:20.000000;2016-04-03T00:37:20.000000;e40ad766-161b-480b-8e51-5ce28ee758f3;419.83;0.243;UNKNOWN
2016-04-03T00:37:20.000000;2016-04-03T00:37:20.000000;3e23bbd0-b98a-4fa4-ab46-1333a092061a;419.83;0.012;UNKNOWN
2016-04-03T00:37:22.000000;2016-04-03T00:37:22.000000;859d6bfb-f4db-4c61-a9fa-cb88ba20c156;419.83;0.30888835;UNKNOWN
2016-04-03T00:37:30.000000;2016-04-03T00:37:30.000000;2bf8592c-4118-4493-9bfd-c37bbdb58b08;419.94;0.01;UNKNOWN
2016-04-03T00:37:30.000000;2016-04-03T00:37:30.000000;0708e241-1d6b-4ebb-a558-68685218bc68;419.91;0.01;UNKNOWN
2016-04-03T00:37:30.000000;2016-04-03T00:37:30.000000;3d81b49b-f388-4164-bba6-2d96ec4904f4;419.9;0.01;UNKNOWN
2016-04-03T00:37:30.000000;2016-04-03T00:37:30.000000;6c0225ff-c1ef-4ec6-96ca-f3ba44f8c759;419.85;0.01;UNKNOWN
2016-04-03T00:37:30.000000;2016-04-03T00:37:30.000000;55bfaf79-49cc-4cd5-8dbb-699103ad9624;419.84;0.01;UNKNOWN
2016-04-03T00:37:30.000000;2016-04-03T00:37:30.000000;2d29cc1e-4de8-47a0-b694-a11dec21fb97;419.95;0.01;UNKNOWN
2016-04-03T00:37:30.000000;2016-04-03T00:37:30.000000;b9835c90-dc21-40d2-9f5c-62261158779b;419.89;0.01;UNKNOWN
2016-04-03T00:37:30.000000;2016-04-03T00:37:30.000000;d0b9fcaa-621f-47f1-8e2a-5a927d39adf7;419.98;0.36429;UNKNOWN
2016-04-03T00:37:30.000000;2016-04-03T00:37:30.000000;ff3a06bc-47e0-42a5-a274-ad0d9b79be16;419.88;0.01;UNKNOWN
2016-04-03T00:37:30.000000;2016-04-03T00:37:30.000000;a9001b73-e141-488e-9823-354caf21281e;419.87;0.01;UNKNOWN
2016-04-03T00:37:30.000000;2016-04-03T00:37:30.000000;3132301f-84c8-4bdf-9111-821b601b7af8;419.86;0.01;UNKNOWN
2016-04-03T00:37:30.000000;2016-04-03T00:37:30.000000;99fa9704-300e-44a5-9a0b-665972b36d74;419.93;0.21;UNKNOWN
2016-04-03T00:37:30.000000;2016-04-03T00:37:30.000000;46dfb7cd-4d75-43ac-97f2-ec606134e772;419.93;0.3;UNKNOWN
2016-04-03T00:37:30.000000;2016-04-03T00:37:30.000000;bb1faa72-a808-420d-9ede-e93f6296b210;419.92;0.01;UNKNOWN
2016-04-03T00:37:30.000000;2016-04-03T00:37:30.000000;3018e50a-c588-40fa-b1be-ca0fc3e85d04;419.93;0.01;UNKNOWN
2016-04-03T00:40:00.000000;2016-04-03T00:40:00.000000;6ca77d58-de8c-416c-9119-3d0f5121780f;419.99;0.04;UNKNOWN
2016-04-03T00:40:00.000000;2016-04-03T00:40:00.000000;329aeb2e-7bf5-476c-99b3-c916e3b488ac;419.99;0.2;UNKNOWN
2016-04-03T00:40:00.000000;2016-04-03T00:40:00.000000;b0298473-26fa-4bbd-9c5a-9473e01ced81;419.99;0.39209;UNKNOWN
2016-04-03T00:40:00.000000;2016-04-03T00:40:00.000000;76b6cf2e-3a3b-41b5-9f94-c17c063e40e0;419.99;0.51515;UNKNOWN
2016-04-03T00:40:00.000000;2016-04-03T00:40:00.000000;187b0977-cae4-4991-8b8c-520a11c6e1e5;420.0;1.36046;UNKNOWN
2016-04-03T00:40:00.000000;2016-04-03T00:40:00.000000;c23079c6-4543-4567-9d05-9354a07df103;419.99;0.01;UNKNOWN
2016-04-03T00:40:28.000000;2016-04-03T00:40:28.000000;4be5d4f4-9a81-490b-9ee6-1a36321619da;420.0;0.0718;UNKNOWN
2016-04-03T00:41:07.000000;2016-04-03T00:41:07.000000;639cecd1-dbe8-4402-8160-da443b33fe66;420.0;0.06324;UNKNOWN
2016-04-03T00:41:30.000000;2016-04-03T00:41:30.000000;003f1c57-450d-43c3-8d46-e627385f7ab7;420.0;0.02346;UNKNOWN
2016-04-03T00:41:32.000000;2016-04-03T00:41:32.000000;25815fe8-26db-49e4-ae8a-195bc3e07013;419.94;0.04;UNKNOWN
2016-04-03T00:41:32.000000;2016-04-03T00:41:32.000000;de9a57b1-0ebc-4dce-b046-66f2102b7436;419.94;0.15;UNKNOWN
2016-04-03T00:41:32.000000;2016-04-03T00:41:32.000000;50076be8-2a88-4da0-ad71-67e7a4792dcd;419.94;0.01;UNKNOWN
2016-04-03T00:41:34.000000;2016-04-03T00:41:34.000000;715bbdfb-9c12-4908-8fa9-45e8f1249434;419.92;0.01;UNKNOWN
2016-04-03T00:41:34.000000;2016-04-03T00:41:34.000000;512265c7-dce3-419e-a641-8f2c83aef54a;419.87;0.01;UNKNOWN
2016-04-03T00:41:34.000000;2016-04-03T00:41:34.000000;d33cc951-1826-4a42-8a37-f064664cfee9;419.89;0.01;UNKNOWN
2016-04-03T00:41:34.000000;2016-04-03T00:41:34.000000;ff130d9a-254d-41a5-98f4-2e48ac0fa34c;419.88;0.01;UNKNOWN
2016-04-03T00:41:34.000000;2016-04-03T00:41:34.000000;998a1db6-7c4e-4bea-b7b9-bb9660c9d43d;419.93;0.01;UNKNOWN
2016-04-03T00:41:34.000000;2016-04-03T00:41:34.000000;c4b5d3fc-ac73-4a37-bcc1-be0b401407b5;419.87;0.13;UNKNOWN
2016-04-03T00:41:34.000000;2016-04-03T00:41:34.000000;65a944ed-58ea-4d54-a082-6bc69af8f70f;419.91;0.01;UNKNOWN
2016-04-03T00:41:34.000000;2016-04-03T00:41:34.000000;317d71f9-07d9-438d-a647-ba67513b8386;419.9;0.01;UNKNOWN
2016-04-03T00:41:36.000000;2016-04-03T00:41:36.000000;13080601-f02b-49ea-8a6f-10b81784c97e;419.86;0.01;UNKNOWN
2016-04-03T00:41:36.000000;2016-04-03T00:41:36.000000;f8bdd7c9-6dc6-46b4-8ab5-50c034b69787;419.84;0.01;UNKNOWN
2016-04-03T00:41:36.000000;2016-04-03T00:41:36.000000;b6e68926-b0cc-4200-b6b1-4c7e07d6015b;419.85;0.01;UNKNOWN
2016-04-03T00:41:36.000000;2016-04-03T00:41:36.000000;3e2a94d0-5fc0-4ca4-b272-64e9ab14d0a6;419.83;0.01;UNKNOWN
2016-04-03T00:41:36.000000;2016-04-03T00:41:36.000000;a8d3c0ec-6129-4782-8882-1ea9229771f1;419.82;0.15;UNKNOWN
2016-04-03T00:41:36.000000;2016-04-03T00:41:36.000000;3114db50-2766-410e-8781-825390059508;419.82;0.01;UNKNOWN
2016-04-03T00:41:39.000000;2016-04-03T00:41:39.000000;73f02a26-3525-4943-835f-b26dc3e56249;419.82;0.2;UNKNOWN
2016-04-03T00:41:41.000000;2016-04-03T00:41:41.000000;32418ef7-6f97-41a8-917c-4b9dfeb94d65;419.82;0.2;UNKNOWN
2016-04-03T00:41:43.000000;2016-04-03T00:41:43.000000;4ab527c9-f57a-43a7-82e9-1d021338fbff;419.82;0.2;UNKNOWN
2016-04-03T00:41:45.000000;2016-04-03T00:41:45.000000;64b69c88-e7c7-42ac-aa72-737922b622ee;419.82;0.2;UNKNOWN
2016-04-03T00:41:48.000000;2016-04-03T00:41:48.000000;587587c8-d195-464f-9b40-086edb3b0c4c;419.82;0.15;UNKNOWN
2016-04-03T00:41:48.000000;2016-04-03T00:41:48.000000;0d83f89a-0c08-44dd-acc1-15e7ea997c22;419.82;0.05;UNKNOWN
2016-04-03T00:41:50.000000;2016-04-03T00:41:50.000000;7c9da893-0c92-482f-a8e3-e4dcd7bfec94;419.81;0.2;UNKNOWN
2016-04-03T00:41:52.000000;2016-04-03T00:41:52.000000;8d6b5b63-a1d6-4896-9e09-c96f023fa205;419.81;0.2;UNKNOWN
2016-04-03T00:41:54.000000;2016-04-03T00:41:54.000000;7dee61ea-df6a-4db8-ba6a-aac4cffde0cc;419.81;0.2;UNKNOWN
2016-04-03T00:41:56.000000;2016-04-03T00:41:56.000000;bd3c68e0-db49-4d4b-a835-e58a791810d9;419.81;0.2;UNKNOWN
2016-04-03T00:41:59.000000;2016-04-03T00:41:59.000000;24b27b6d-10bd-4401-be5d-52d65a37f264;419.81;0.2;UNKNOWN
2016-04-03T00:42:01.000000;2016-04-03T00:42:01.000000;686b62f3-d92b-4a25-aabb-57c5d842cb7c;419.85;0.01;UNKNOWN
2016-04-03T00:42:01.000000;2016-04-03T00:42:01.000000;d046c008-57f6-468a-9fa9-88e823838895;419.84;0.01;UNKNOWN
2016-04-03T00:42:01.000000;2016-04-03T00:42:01.000000;f30f5ff7-349e-4ee2-9f3a-8782229a1bb1;419.81;0.2;UNKNOWN
2016-04-03T00:42:01.000000;2016-04-03T00:42:01.000000;ea35c67b-4464-4012-8766-56e0feeabe67;419.83;0.01;UNKNOWN
2016-04-03T00:42:01.000000;2016-04-03T00:42:01.000000;f585593f-ae5e-479c-bed5-332423937390;419.83;0.01;UNKNOWN
2016-04-03T00:42:01.000000;2016-04-03T00:42:01.000000;996656ea-0022-4567-b8c9-fc3b92844972;419.97;0.85009;UNKNOWN
2016-04-03T00:42:01.000000;2016-04-03T00:42:01.000000;1d863bd8-8aae-4dbb-a79e-bdf49962cb6b;419.86;0.01;UNKNOWN
2016-04-03T00:42:01.000000;2016-04-03T00:42:01.000000;6cd4edcd-1c7c-4619-bc0d-844c8489b1ad;419.88;0.01;UNKNOWN
2016-04-03T00:42:01.000000;2016-04-03T00:42:01.000000;269c612a-b875-47bb-a11a-606a211d5694;419.95;0.01;UNKNOWN
2016-04-03T00:42:01.000000;2016-04-03T00:42:01.000000;1e90fda8-1c55-4d1a-ba14-590a9259d4fd;419.93;0.01;UNKNOWN
2016-04-03T00:42:01.000000;2016-04-03T00:42:01.000000;08ce1a1f-b79c-4a77-a5e0-f44f70e86cd5;419.87;0.01;UNKNOWN
2016-04-03T00:42:01.000000;2016-04-03T00:42:01.000000;9b6dfb0b-5001-450e-a97f-ab0c438df166;419.92;0.01;UNKNOWN
2016-04-03T00:42:01.000000;2016-04-03T00:42:01.000000;3cffedf0-7b41-4167-a195-07c8ccea2996;419.9;0.01;UNKNOWN
2016-04-03T00:42:01.000000;2016-04-03T00:42:01.000000;e46639fb-48c1-416d-b19a-d46680c6b3e8;419.89;0.01;UNKNOWN
2016-04-03T00:42:01.000000;2016-04-03T00:42:01.000000;4e2eddeb-6c18-426b-8f2b-e7da175d6935;419.91;0.01;UNKNOWN
2016-04-03T00:42:01.000000;2016-04-03T00:42:01.000000;f0d37921-c245-4afd-8833-d93b4c16bd03;419.94;0.01;UNKNOWN
2016-04-03T00:42:03.000000;2016-04-03T00:42:03.000000;ec7c0bce-36c9-4324-aad6-40bf8096a9ec;419.87;0.01;UNKNOWN
2016-04-03T00:42:03.000000;2016-04-03T00:42:03.000000;46f605b4-d89b-4c8b-899e-ff3bccff526f;419.88;0.01;UNKNOWN
2016-04-03T00:42:03.000000;2016-04-03T00:42:03.000000;9f054795-7760-4b1b-9efe-20c9b2389389;419.85;0.01;UNKNOWN
2016-04-03T00:42:03.000000;2016-04-03T00:42:03.000000;97c2c60f-d6ea-457b-a87a-d8d0a2c1b456;419.84;0.15;UNKNOWN
2016-04-03T00:42:03.000000;2016-04-03T00:42:03.000000;10a82d7a-7d6c-4228-9f18-1dc2c575d967;419.84;0.01;UNKNOWN
2016-04-03T00:42:03.000000;2016-04-03T00:42:03.000000;365b1502-4fef-4057-9638-94ad64fd74a4;419.89;0.01;UNKNOWN
2016-04-03T00:42:05.000000;2016-04-03T00:42:05.000000;6c0174d3-d2ad-4381-bff9-19d9d3254c80;419.82;0.18;UNKNOWN
2016-04-03T00:42:05.000000;2016-04-03T00:42:05.000000;f6226bfb-9c01-4176-985a-4f3dd3a3ecf0;419.82;0.01;UNKNOWN
2016-04-03T00:42:05.000000;2016-04-03T00:42:05.000000;aa51e394-0888-4c84-876e-9a66bb81b496;419.83;0.01;UNKNOWN
2016-04-03T00:42:08.000000;2016-04-03T00:42:08.000000;e92c9284-85c5-4f00-b2b0-e6d32c14f39f;419.88;0.0179;UNKNOWN
2016-04-03T00:42:08.000000;2016-04-03T00:42:08.000000;314d10e1-508d-487e-b881-1abda204f798;419.91;0.01;UNKNOWN
2016-04-03T00:42:08.000000;2016-04-03T00:42:08.000000;e6e6ab46-d92d-47a0-a949-c6195cbf3a6f;419.84;0.0171;UNKNOWN
2016-04-03T00:42:08.000000;2016-04-03T00:42:08.000000;d66b71a9-cb9d-4aba-97f7-e3956322cb4a;419.82;0.115;UNKNOWN
2016-04-03T00:42:08.000000;2016-04-03T00:42:08.000000;f7cbbe1a-0fab-489a-ad64-4f2b801374a7;419.9;0.01;UNKNOWN
2016-04-03T00:42:08.000000;2016-04-03T00:42:08.000000;4ad8217f-8e67-470f-96a7-03e299c80fb5;419.93;0.01;UNKNOWN
2016-04-03T00:42:08.000000;2016-04-03T00:42:08.000000;bb867162-a41f-4fd9-9142-60647989ad31;419.92;0.01;UNKNOWN
2016-04-03T00:42:08.000000;2016-04-03T00:42:08.000000;bc78af9c-aa25-4dc2-81ad-1e68962af335;419.86;0.01;UNKNOWN
2016-04-03T00:42:10.000000;2016-04-03T00:42:10.000000;c8ad1d3c-dc03-4ebd-a513-b1987c40169d;419.81;0.2;UNKNOWN
2016-04-03T00:42:12.000000;2016-04-03T00:42:12.000000;686a89da-a566-4736-b36d-288c2e8bc4f4;419.83;0.0178;UNKNOWN
2016-04-03T00:42:12.000000;2016-04-03T00:42:12.000000;65a4b2b9-21b8-4a38-ba9e-eefa87e26c83;419.81;0.1822;UNKNOWN
2016-04-03T00:42:14.000000;2016-04-03T00:42:14.000000;0bf45b2e-cb24-49c8-8c42-96f42d920033;419.82;0.01;UNKNOWN
2016-04-03T00:42:14.000000;2016-04-03T00:42:14.000000;28da7f10-4e00-4435-9789-5d55eb89f0ea;419.81;0.19;UNKNOWN
2016-04-03T00:42:16.000000;2016-04-03T00:42:16.000000;9d055dee-850f-4215-9050-a1c87c94ac30;419.81;0.1209;UNKNOWN
2016-04-03T00:42:32.000000;2016-04-03T00:42:32.000000;104b4741-1b5a-4061-adc8-1ba3f69b4c55;419.88;0.01;UNKNOWN
2016-04-03T00:42:32.000000;2016-04-03T00:42:32.000000;cf0337a2-690d-4503-a9d8-8ebb62a49e10;419.93;0.01;UNKNOWN
2016-04-03T00:42:32.000000;2016-04-03T00:42:32.000000;91b8320a-f025-415b-962b-3a47a6c66e19;419.93;0.3;UNKNOWN
2016-04-03T00:42:32.000000;2016-04-03T00:42:32.000000;8b06faa4-6ba3-4727-8f1a-a403040016d1;419.94;0.01;UNKNOWN
2016-04-03T00:42:32.000000;2016-04-03T00:42:32.000000;d2578ef4-5eff-4dc6-86a2-2034ebcd39ee;419.91;0.01;UNKNOWN
2016-04-03T00:42:32.000000;2016-04-03T00:42:32.000000;820a4be0-0ea3-4014-8219-297a5abe61c1;419.89;0.01;UNKNOWN
2016-04-03T00:42:32.000000;2016-04-03T00:42:32.000000;5f020b35-ce00-4c6f-a72c-86ad584fe23c;419.95;0.04;UNKNOWN
2016-04-03T00:42:32.000000;2016-04-03T00:42:32.000000;0b49fd17-0522-4251-a812-b027b964adc3;419.92;0.01;UNKNOWN
2016-04-03T00:42:32.000000;2016-04-03T00:42:32.000000;a1b0c7cf-afb8-4f44-be0a-b631e62e7c60;419.97;1.94888;UNKNOWN
2016-04-03T00:42:32.000000;2016-04-03T00:42:32.000000;5b690f43-559c-4540-9a31-2dbf08f78dfa;419.9;0.01;UNKNOWN
2016-04-03T00:42:32.000000;2016-04-03T00:42:32.000000;2951cd80-1819-47ac-af5e-d6bbd61b2385;419.84;0.01;UNKNOWN
2016-04-03T00:42:32.000000;2016-04-03T00:42:32.000000;418558ad-cda4-4709-9676-20aa06437ce5;419.86;0.01;UNKNOWN
2016-04-03T00:42:32.000000;2016-04-03T00:42:32.000000;87aacea7-65a4-420f-a35f-5aacb5a50655;419.85;0.01;UNKNOWN
2016-04-03T00:42:32.000000;2016-04-03T00:42:32.000000;773097f9-98c1-495a-8131-d35972e793ee;419.83;0.01;UNKNOWN
2016-04-03T00:42:32.000000;2016-04-03T00:42:32.000000;e408fa37-bb4a-40d8-85c1-f3fca51e05e4;419.83;0.01;UNKNOWN
2016-04-03T00:42:32.000000;2016-04-03T00:42:32.000000;4ec2741e-66ef-49c5-8963-0c2823915765;419.83;0.01;UNKNOWN
2016-04-03T00:42:32.000000;2016-04-03T00:42:32.000000;3006280e-02b5-4877-9e5d-0ceafeec7db1;419.87;0.01;UNKNOWN
2016-04-03T00:44:00.000000;2016-04-03T00:44:00.000000;b72e8716-2064-4f33-8047-b103abd42b09;420.0;0.25197;UNKNOWN
2016-04-03T00:44:00.000000;2016-04-03T00:44:00.000000;8229eac9-3871-4d59-8c7c-6d7c4519a500;419.98;0.01;UNKNOWN
2016-04-03T00:44:00.000000;2016-04-03T00:44:00.000000;c3804267-c1e3-4417-8b1a-bd4128ceed58;419.99;0.2008;UNKNOWN
2016-04-03T00:44:33.000000;2016-04-03T00:44:33.000000;bd19960d-5a3d-493e-9948-f3b7ef77c5a8;419.98;0.0181;UNKNOWN
2016-04-03T00:44:33.000000;2016-04-03T00:44:33.000000;58542f94-4820-4a35-8bf1-4d563e9853c5;420.0;0.07174;UNKNOWN
2016-04-03T00:44:33.000000;2016-04-03T00:44:33.000000;de95a19d-49a2-453e-a700-e53386bf2a22;420.0;0.2031;UNKNOWN
2016-04-03T00:44:33.000000;2016-04-03T00:44:33.000000;3f2df7b4-e0c6-4074-83ce-8133334a4f7b;420.0;0.0388;UNKNOWN
2016-04-03T00:45:27.000000;2016-04-03T00:45:27.000000;597d98ae-c464-41c0-a3a2-c4029b6689d4;420.0;0.01;UNKNOWN
2016-04-03T00:45:27.000000;2016-04-03T00:45:27.000000;9862b8ee-61a9-4300-9ace-4b4697dc9f69;420.0;0.01;UNKNOWN
2016-04-03T00:45:30.000000;2016-04-03T00:45:30.000000;8ae1279a-83f7-40f8-b787-58e914a6e5dc;420.0;6.33476;UNKNOWN
2016-04-03T00:46:04.000000;2016-04-03T00:46:04.000000;da129c03-e034-4dab-884b-84ef0388972f;420.0;0.1307023;UNKNOWN
2016-04-03T00:46:30.000000;2016-04-03T00:46:30.000000;cf659b45-738e-41ba-b4b7-5702fcbf3f14;420.0;0.01516;UNKNOWN
2016-04-03T00:47:00.000000;2016-04-03T00:47:00.000000;fc481f5a-072d-404a-9db2-a0c5a5f8c866;419.95;0.01;UNKNOWN
2016-04-03T00:47:00.000000;2016-04-03T00:47:00.000000;d726d7c4-dba7-4b8e-b745-6ebf396dfece;419.93;0.01;UNKNOWN
2016-04-03T00:47:00.000000;2016-04-03T00:47:00.000000;e2debdf2-8e55-4ce6-8a2a-c0956740eea6;419.95;0.0115;UNKNOWN
2016-04-03T00:47:00.000000;2016-04-03T00:47:00.000000;7ce80b8c-9840-48b9-a3bd-789db6a7a2c1;419.91;0.01;UNKNOWN
2016-04-03T00:47:00.000000;2016-04-03T00:47:00.000000;400e339a-611a-4080-b8bb-53c8173a770d;419.92;0.01;UNKNOWN
2016-04-03T00:47:00.000000;2016-04-03T00:47:00.000000;9b8dbf82-43cf-46f1-988a-516d8fdd5d88;419.9;0.01;UNKNOWN
2016-04-03T00:47:00.000000;2016-04-03T00:47:00.000000;97bd9e9e-4aef-4e47-9f93-2a1c8fcb03bb;419.91;0.13;UNKNOWN
2016-04-03T00:47:00.000000;2016-04-03T00:47:00.000000;b4804326-b65c-447b-a98f-99e894e620e7;419.88;0.16655;UNKNOWN
2016-04-03T00:48:00.000000;2016-04-03T00:48:00.000000;2c6ad83c-45bb-45a6-96e1-46453bee6148;419.92;0.01;UNKNOWN
2016-04-03T00:48:00.000000;2016-04-03T00:48:00.000000;700f327d-4ad1-4bef-a894-deda2f7e253f;419.93;0.10188;UNKNOWN
2016-04-03T00:48:00.000000;2016-04-03T00:48:00.000000;1c3dc239-e865-401a-9478-c1263b7e142d;419.93;0.01;UNKNOWN
2016-04-03T00:48:00.000000;2016-04-03T00:48:00.000000;62bcc6b1-05af-4131-8ae4-8d6fd187a666;419.91;0.01;UNKNOWN
2016-04-03T00:49:00.000000;2016-04-03T00:49:00.000000;c2953987-6b4f-4a5d-a1ca-1e1651003da5;419.92;0.0192;UNKNOWN
2016-04-03T00:49:00.000000;2016-04-03T00:49:00.000000;d9d8c009-9fcc-4c0d-972c-a5e0da59a513;419.9;0.01;UNKNOWN
2016-04-03T00:49:00.000000;2016-04-03T00:49:00.000000;37e3abcb-449b-40e4-b027-589d8438939f;419.93;0.0193;UNKNOWN
2016-04-03T00:49:00.000000;2016-04-03T00:49:00.000000;23706caf-ac12-459d-8bea-ba988fafc8de;419.86;0.01;UNKNOWN
2016-04-03T00:49:00.000000;2016-04-03T00:49:00.000000;0d1ed5b9-f9f9-4585-9415-a7c77fcb58d3;419.9;0.0195;UNKNOWN
2016-04-03T00:49:00.000000;2016-04-03T00:49:00.000000;9081e7d1-5107-4faa-9b8b-85089c081f42;419.9;0.0198;UNKNOWN
2016-04-03T00:49:00.000000;2016-04-03T00:49:00.000000;0f0fb228-e9da-4ac5-93d2-6a00a1d47811;419.85;0.17;UNKNOWN
2016-04-03T00:49:00.000000;2016-04-03T00:49:00.000000;38088a23-3f81-4191-a6d1-5fe60c20e656;419.83;0.11094;UNKNOWN
2016-04-03T00:49:38.000000;2016-04-03T00:49:38.000000;ad055330-8c98-449a-a275-c8b0fb4ff525;419.95;0.01;UNKNOWN
2016-04-03T00:49:38.000000;2016-04-03T00:49:38.000000;05fba860-ce6f-4c18-a6f6-a5a634350709;419.98;0.02;UNKNOWN
2016-04-03T00:49:38.000000;2016-04-03T00:49:38.000000;433c661f-a53a-46c7-b8a7-e520d7769241;419.91;0.01;UNKNOWN
2016-04-03T00:49:38.000000;2016-04-03T00:49:38.000000;ed71c848-ccc1-443d-a34f-4472ba7b4402;419.94;0.01;UNKNOWN
2016-04-03T00:49:38.000000;2016-04-03T00:49:38.000000;000027a4-d477-42a3-85ef-6e38f6550d60;419.87;0.01;UNKNOWN
2016-04-03T00:49:38.000000;2016-04-03T00:49:38.000000;d1501094-7060-4d88-9962-d7b9f775eddb;419.87;0.01;UNKNOWN
2016-04-03T00:50:31.000000;2016-04-03T00:50:31.000000;290681f3-290c-4e95-9e87-ceea97065f74;419.98;0.01;UNKNOWN
2016-04-03T00:50:31.000000;2016-04-03T00:50:31.000000;e53a925b-9cf5-40ad-8eb4-0c925d75943d;419.98;0.2;UNKNOWN
2016-04-03T00:50:31.000000;2016-04-03T00:50:31.000000;5b7a43dd-1a82-4335-9369-e0dbe68ece14;419.99;0.49931;UNKNOWN
2016-04-03T00:50:31.000000;2016-04-03T00:50:31.000000;68de099a-70a3-4d8c-b761-7b82431d99d6;420.0;1.19879;UNKNOWN
2016-04-03T00:50:31.000000;2016-04-03T00:50:31.000000;a8b1dce2-3776-4813-bd3b-249ea4110707;419.99;0.3;UNKNOWN
2016-04-03T00:51:30.000000;2016-04-03T00:51:30.000000;d5d96d0c-13b1-4181-96a2-76d9f06f7202;419.9;0.0115;UNKNOWN
2016-04-03T00:51:30.000000;2016-04-03T00:51:30.000000;19f26a50-01e1-4049-be23-5e71d077d60c;419.93;0.01;UNKNOWN
2016-04-03T00:51:30.000000;2016-04-03T00:51:30.000000;46144f1a-d22a-45b4-83bb-e83e198fa770;419.9;0.01;UNKNOWN
2016-04-03T00:51:30.000000;2016-04-03T00:51:30.000000;6597ba67-6db1-4027-850c-70d202eabfae;419.93;0.01;UNKNOWN
2016-04-03T00:51:30.000000;2016-04-03T00:51:30.000000;54dce707-c710-4a5d-a787-4708fe3112ba;419.92;0.01;UNKNOWN
2016-04-03T00:51:30.000000;2016-04-03T00:51:30.000000;a640e3db-94ce-4482-8bcf-cf861af47793;419.88;0.04398;UNKNOWN
2016-04-03T00:52:17.000000;2016-04-03T00:52:17.000000;bb58f667-b2f4-4106-a419-a1bb7e79f880;419.99;0.16403451;UNKNOWN
2016-04-03T00:52:17.000000;2016-04-03T00:52:17.000000;203de0a4-6484-48bb-b34f-3123e3bdf2a1;419.94;0.01;UNKNOWN
2016-04-03T00:52:17.000000;2016-04-03T00:52:17.000000;7703309a-747d-489a-bf9f-e81d06d2e9da;419.95;0.01;UNKNOWN
2016-04-03T00:52:17.000000;2016-04-03T00:52:17.000000;5a41f903-403b-4285-af7f-b668e3932f73;419.93;0.01;UNKNOWN
2016-04-03T00:52:17.000000;2016-04-03T00:52:17.000000;1cc7a84a-6a76-4b1b-af8e-6c383c8bd087;419.91;0.01;UNKNOWN
2016-04-03T00:52:30.000000;2016-04-03T00:52:30.000000;e7e9a5d1-d837-4331-a576-e615d1cf16a8;419.92;0.01;UNKNOWN
2016-04-03T00:52:30.000000;2016-04-03T00:52:30.000000;a55a611f-bfd1-4824-9ed3-125be2b1d03f;419.93;0.01;UNKNOWN
2016-04-03T00:52:30.000000;2016-04-03T00:52:30.000000;cf7466f9-f248-4811-a284-60f69d533555;419.9;0.01;UNKNOWN
2016-04-03T00:52:30.000000;2016-04-03T00:52:30.000000;f561c338-a283-4a0f-bb4f-319bcfadd1d0;419.86;0.01;UNKNOWN
2016-04-03T00:52:30.000000;2016-04-03T00:52:30.000000;f11e9f64-ed1a-41d0-82a8-4959cc96937a;419.85;0.19539;UNKNOWN
2016-04-03T00:53:30.000000;2016-04-03T00:53:30.000000;67eca56e-ba0e-42e9-96c1-9fb4578daa15;419.83;0.01271;UNKNOWN
2016-04-03T00:53:30.000000;2016-04-03T00:53:30.000000;4c2664e8-412c-498d-aedb-1b2742f32118;419.84;0.01;UNKNOWN
2016-04-03T00:53:30.000000;2016-04-03T00:53:30.000000;23d4840c-1e26-4981-af02-9ac7edd9bd08;419.86;0.01;UNKNOWN
2016-04-03T00:53:30.000000;2016-04-03T00:53:30.000000;250796d8-0023-438d-981c-6fe8ea4d1f17;419.85;0.01;UNKNOWN
2016-04-03T00:53:30.000000;2016-04-03T00:53:30.000000;b537ed87-4ff1-4fce-a931-3f3b6b377e91;419.85;0.01;UNKNOWN
2016-04-03T00:54:00.000000;2016-04-03T00:54:00.000000;40a40fcf-638a-43e8-9914-3f719b6c1e23;419.95;0.01;UNKNOWN
2016-04-03T00:54:00.000000;2016-04-03T00:54:00.000000;c404de86-b985-451c-ae3a-2bc1bd10b444;419.93;0.01;UNKNOWN
2016-04-03T00:54:00.000000;2016-04-03T00:54:00.000000;c5de9828-25d8-4639-abce-45780b9d6fc1;419.94;0.01;UNKNOWN
2016-04-03T00:54:00.000000;2016-04-03T00:54:00.000000;dc613d73-1101-4ad5-a85a-da18434241ca;419.93;0.02;UNKNOWN
2016-04-03T00:54:00.000000;2016-04-03T00:54:00.000000;dddbe124-2b22-4cb4-bd38-20de6c6b481a;419.99;0.54924;UNKNOWN
2016-04-03T00:54:00.000000;2016-04-03T00:54:00.000000;20a834a9-f687-4a49-a5a2-3e65bbb81fb7;419.87;0.01;UNKNOWN
2016-04-03T00:54:00.000000;2016-04-03T00:54:00.000000;63937333-dadd-4e3f-9927-033f358c3452;419.91;0.01;UNKNOWN
2016-04-03T00:54:00.000000;2016-04-03T00:54:00.000000;845b1044-5f68-47b2-aa0d-f13d99ba8f30;419.86;0.01;UNKNOWN
2016-04-03T00:54:00.000000;2016-04-03T00:54:00.000000;d185c731-8c88-4289-afde-95bb5b8b28b9;419.87;0.01;UNKNOWN
2016-04-03T00:54:00.000000;2016-04-03T00:54:00.000000;d19f3fc4-73c0-4653-9989-a7f18bb0e90e;419.85;0.01;UNKNOWN
2016-04-03T00:54:30.000000;2016-04-03T00:54:30.000000;94b90bdc-92c5-4d64-96a9-6996d00918a1;420.0;2.23577;UNKNOWN
2016-04-03T00:54:54.000000;2016-04-03T00:54:54.000000;a25df35c-104f-433c-9902-d75ea418be69;420.0;1.01137889;UNKNOWN
2016-04-03T00:54:54.000000;2016-04-03T00:54:54.000000;112fb284-a962-4bfc-80f4-546346406b4d;420.0;0.02852213;UNKNOWN
2016-04-03T00:54:54.000000;2016-04-03T00:54:54.000000;a33d7bcd-1fa0-4356-bab3-0009f8438870;420.0;0.13;UNKNOWN
2016-04-03T00:54:54.000000;2016-04-03T00:54:54.000000;71cd9935-86c4-4e10-8c16-4746991f7d83;420.0;0.09415;UNKNOWN
2016-04-03T00:54:54.000000;2016-04-03T00:54:54.000000;dc8f74f1-80de-4caf-80e5-b847d6666c3c;419.98;0.0164;UNKNOWN
2016-04-03T00:54:54.000000;2016-04-03T00:54:54.000000;a0c29c93-3a63-4da2-8cc5-a12d023d533e;420.0;0.3222;UNKNOWN
2016-04-03T00:55:00.000000;2016-04-03T00:55:00.000000;7b09dd05-d85a-4a34-a940-7d5ed0f5bc24;419.98;0.01852;UNKNOWN
2016-04-03T00:55:00.000000;2016-04-03T00:55:00.000000;5e7d9f8d-e096-4497-a048-01d8470543e8;419.96;0.0187;UNKNOWN
2016-04-03T00:56:01.000000;2016-04-03T00:56:01.000000;649ccd90-b75e-4921-b763-8a15aede1a52;419.98;0.12365;UNKNOWN
2016-04-03T00:56:01.000000;2016-04-03T00:56:01.000000;7a7fea1f-2f3e-471f-8f0b-4ed8ddb28c32;419.96;0.01;UNKNOWN
2016-04-03T00:56:01.000000;2016-04-03T00:56:01.000000;85e22700-f7b9-4ddb-99b9-7b396bb46d20;419.94;0.0221;UNKNOWN
2016-04-03T00:56:01.000000;2016-04-03T00:56:01.000000;1505ae0f-2ebd-445a-83a2-189f6e01010b;420.0;0.45708;UNKNOWN
2016-04-03T00:56:31.000000;2016-04-03T00:56:31.000000;15e21c03-668f-4edd-885b-84aae30c05c2;419.98;0.025;UNKNOWN
2016-04-03T00:56:31.000000;2016-04-03T00:56:31.000000;09d9f922-8de9-4cb1-abec-ad6dda192b72;419.96;0.0118;UNKNOWN
2016-04-03T00:56:31.000000;2016-04-03T00:56:31.000000;4f6ff77c-3228-49f0-8bc6-ef3b27c798a1;420.0;0.16822;UNKNOWN
2016-04-03T00:57:01.000000;2016-04-03T00:57:01.000000;64709550-a86c-44a3-86ac-f7445c4012e0;420.0;0.34181;UNKNOWN
2016-04-03T00:57:30.000000;2016-04-03T00:57:30.000000;6101a9a9-65f2-453b-840f-97838567d99e;420.0;0.01923;UNKNOWN
2016-04-03T00:58:01.000000;2016-04-03T00:58:01.000000;cfc6d3bf-898c-4d4a-928b-5449f9f51f1b;420.0;0.41815;UNKNOWN
2016-04-03T00:58:30.000000;2016-04-03T00:58:30.000000;c2574436-c146-42a3-ac38-83aadb1a3955;420.0;0.02346;UNKNOWN
2016-04-03T00:59:00.000000;2016-04-03T00:59:00.000000;658ea2c8-cbba-4998-9f8d-7b477568e23a;420.0;0.25728;UNKNOWN
2016-04-03T00:59:30.000000;2016-04-03T00:59:30.000000;9f52ce2e-d6d9-4385-b34f-456b61f9559c;420.0;1.30645;UNKNOWN
2016-04-03T01:00:30.000000;2016-04-03T01:00:30.000000;0b034c8d-d972-4231-98fa-03bf5a1efe52;419.97;0.03536;UNKNOWN
2016-04-03T01:01:06.000000;2016-04-03T01:01:06.000000;e2b1e4b3-e8b6-4edd-ba36-c38be7e37f67;419.97;3.38284;UNKNOWN
2016-04-03T01:01:38.000000;2016-04-03T01:01:38.000000;a371caf0-717e-40ac-a205-a890a4a792f7;419.9;0.0115;UNKNOWN
2016-04-03T01:01:38.000000;2016-04-03T01:01:38.000000;2fcddac6-0c54-4756-b608-a29afd18a21c;419.9;0.01;UNKNOWN
2016-04-03T01:01:38.000000;2016-04-03T01:01:38.000000;967161cc-4def-4c52-9ed6-0d12af61790d;419.9;0.0115;UNKNOWN
2016-04-03T01:01:38.000000;2016-04-03T01:01:38.000000;491ec160-9170-4967-a419-43f080cda985;419.92;0.01;UNKNOWN
2016-04-03T01:01:38.000000;2016-04-03T01:01:38.000000;8f2579c4-24c6-4773-bc22-0fb257e62568;419.93;0.01;UNKNOWN
2016-04-03T01:01:38.000000;2016-04-03T01:01:38.000000;206e3041-5163-4dbf-92e6-41b3e78546e3;419.93;0.01;UNKNOWN
2016-04-03T01:01:38.000000;2016-04-03T01:01:38.000000;633780f2-4e06-446b-a7ab-685b61d586b0;419.84;0.3;UNKNOWN
2016-04-03T01:01:38.000000;2016-04-03T01:01:38.000000;adde70cf-d471-4818-952b-2410b05aec20;419.85;0.01;UNKNOWN
2016-04-03T01:01:38.000000;2016-04-03T01:01:38.000000;0493da11-977d-4dd0-83e2-240f9b9d523c;419.86;0.3;UNKNOWN
2016-04-03T01:01:38.000000;2016-04-03T01:01:38.000000;d99c3f01-8cd9-47ca-a117-54a58908f823;419.84;0.01;UNKNOWN
2016-04-03T01:01:38.000000;2016-04-03T01:01:38.000000;421e174f-fb94-4b8a-adf2-382a8c89b0ed;419.86;0.01;UNKNOWN
2016-04-03T01:01:38.000000;2016-04-03T01:01:38.000000;af7f4032-bd28-472b-9743-413375ccd3c3;419.86;0.01;UNKNOWN
2016-04-03T01:01:38.000000;2016-04-03T01:01:38.000000;cd314ee4-e9ba-47ff-877d-00a35055582b;419.85;0.3;UNKNOWN
2016-04-03T01:01:38.000000;2016-04-03T01:01:38.000000;fc19e68a-3e9e-49ca-b276-a33d6e85cbc0;419.83;0.12445;UNKNOWN
2016-04-03T01:02:00.000000;2016-04-03T01:02:00.000000;981d61ec-48dc-4d05-afe3-75f066b48e13;419.83;0.27334;UNKNOWN
2016-04-03T01:03:03.000000;2016-04-03T01:03:03.000000;c3265564-1ea9-4ff9-952a-f2f4557b2445;419.87;0.01;UNKNOWN
2016-04-03T01:03:03.000000;2016-04-03T01:03:03.000000;6e606db9-b4c0-4cbe-a326-c9ec0822a880;419.91;0.01;UNKNOWN
2016-04-03T01:03:03.000000;2016-04-03T01:03:03.000000;591ff14b-934e-47e0-9b6a-76dc21b9c898;419.87;0.01;UNKNOWN
2016-04-03T01:03:03.000000;2016-04-03T01:03:03.000000;e36e8ecc-d7c6-47b9-8b0a-54d520b859e9;419.85;0.01;UNKNOWN
2016-04-03T01:03:03.000000;2016-04-03T01:03:03.000000;2716b2eb-6bfa-4502-8e75-694cad538ac1;419.86;0.01;UNKNOWN
2016-04-03T01:03:03.000000;2016-04-03T01:03:03.000000;80956365-026c-4486-b203-c9afe52dfa0f;419.93;0.3;UNKNOWN
2016-04-03T01:03:03.000000;2016-04-03T01:03:03.000000;172e50b4-b5f3-4869-b30d-810639be5429;419.95;0.01;UNKNOWN
2016-04-03T01:03:03.000000;2016-04-03T01:03:03.000000;449daff7-b43c-4c85-b341-a51ff0307ad8;419.93;0.01;UNKNOWN
2016-04-03T01:03:03.000000;2016-04-03T01:03:03.000000;19954e56-976a-44dd-a091-75ad866a5775;419.95;0.01;UNKNOWN
2016-04-03T01:03:03.000000;2016-04-03T01:03:03.000000;53e4ee1a-ffab-495c-97c1-b3f6fdb33117;419.94;0.01;UNKNOWN
2016-04-03T01:03:03.000000;2016-04-03T01:03:03.000000;fccfba7e-35fa-4d40-8154-98e2254faa68;419.96;0.57;UNKNOWN
2016-04-03T01:03:03.000000;2016-04-03T01:03:03.000000;ea9f08e0-3952-43aa-95a2-f331d1ab9abe;419.98;0.68679;UNKNOWN
2016-04-03T01:03:31.000000;2016-04-03T01:03:31.000000;b40e4d9e-a516-4a5b-91b0-6fc5133baaf1;419.99;0.12445;UNKNOWN
2016-04-03T01:03:31.000000;2016-04-03T01:03:31.000000;e5ae0a19-1408-44e7-8fe5-cc7902fe01df;419.99;0.05145;UNKNOWN
2016-04-03T01:04:00.000000;2016-04-03T01:04:00.000000;e04f3813-2fc5-415c-a044-71cc4226bfcd;419.99;0.2061;UNKNOWN
2016-04-03T01:04:38.000000;2016-04-03T01:04:38.000000;12f7028b-c34d-49c6-ab33-28d970f6942e;419.99;0.21843;UNKNOWN
2016-04-03T01:04:38.000000;2016-04-03T01:04:38.000000;c8c68c84-4fdf-4504-9ed4-d544b5f03bb8;419.99;0.01579;UNKNOWN
2016-04-03T01:05:00.000000;2016-04-03T01:05:00.000000;6e28f2a5-bd87-4ca9-8959-cb0555e1a804;419.87;0.19;UNKNOWN
2016-04-03T01:05:00.000000;2016-04-03T01:05:00.000000;baf79b5e-a0b8-4c26-9852-d3fa863c0a92;419.86;0.01;UNKNOWN
2016-04-03T01:05:00.000000;2016-04-03T01:05:00.000000;f2fc4103-14d4-4406-a8e4-7bc69ac4c67e;419.86;0.38;UNKNOWN
2016-04-03T01:05:00.000000;2016-04-03T01:05:00.000000;09de51b6-5789-4f99-b1c3-3b7878de914d;419.86;0.01;UNKNOWN
2016-04-03T01:05:00.000000;2016-04-03T01:05:00.000000;8b8b3247-c70f-49bc-a0eb-76826ff99b02;419.84;0.01;UNKNOWN
2016-04-03T01:05:00.000000;2016-04-03T01:05:00.000000;c9eaac51-1d78-4701-8a90-fc8bad2a12a7;419.85;2.47;UNKNOWN
2016-04-03T01:05:00.000000;2016-04-03T01:05:00.000000;7121916f-9f4d-4d9f-addc-7abf0dcb07dd;419.85;0.01;UNKNOWN
2016-04-03T01:05:00.000000;2016-04-03T01:05:00.000000;73e119bb-fbee-4f5f-bfbf-0e156ea437a9;419.84;1.9;UNKNOWN
2016-04-03T01:05:00.000000;2016-04-03T01:05:00.000000;93cdc9d8-8004-4516-ab44-27907d7c2cff;419.84;0.8;UNKNOWN
2016-04-03T01:05:00.000000;2016-04-03T01:05:00.000000;c83fe172-18db-4b8a-a637-abf244b43273;419.83;0.01621;UNKNOWN
2016-04-03T01:05:00.000000;2016-04-03T01:05:00.000000;579452d8-6aa3-4658-85c5-a99575f3a182;419.83;0.47856;UNKNOWN
2016-04-03T01:05:00.000000;2016-04-03T01:05:00.000000;cf713c08-2789-40d4-aa12-7d7435c3dfae;419.9;0.0115;UNKNOWN
2016-04-03T01:05:00.000000;2016-04-03T01:05:00.000000;df7e40e7-772c-49b6-8670-eda7c743b35b;419.9;0.0115;UNKNOWN
2016-04-03T01:05:00.000000;2016-04-03T01:05:00.000000;c52fb7a3-1c75-497c-89f7-b627c4fbe69d;419.9;0.01;UNKNOWN
2016-04-03T01:05:00.000000;2016-04-03T01:05:00.000000;db2be3c9-fcb2-4f3f-9cde-1ef82ef4b224;419.92;0.01;UNKNOWN
2016-04-03T01:05:00.000000;2016-04-03T01:05:00.000000;88ec8b84-dd36-4d04-a508-39f804887b58;419.93;0.01;UNKNOWN
2016-04-03T01:05:30.000000;2016-04-03T01:05:30.000000;56816ef1-45cd-40a5-8053-ecaccac22c7d;419.84;3.29464;UNKNOWN
2016-04-03T01:05:30.000000;2016-04-03T01:05:30.000000;007b1caf-4c29-4dec-b1b5-62e8b3b5d43c;419.91;0.18;UNKNOWN
2016-04-03T01:05:30.000000;2016-04-03T01:05:30.000000;fb0d258f-314b-4f02-a10c-206acfc3fd97;419.94;0.0183;UNKNOWN
2016-04-03T01:05:30.000000;2016-04-03T01:05:30.000000;922fe900-5425-445a-aab5-3291d5b888ca;419.96;0.0196;UNKNOWN
2016-04-03T01:06:00.000000;2016-04-03T01:06:00.000000;de3047c1-3580-4337-8321-39eabfe133b8;419.98;0.01;UNKNOWN
2016-04-03T01:06:00.000000;2016-04-03T01:06:00.000000;f384aba8-95fa-4348-ab47-eeee12e5d1a9;419.98;0.00154;UNKNOWN
2016-04-03T01:07:01.000000;2016-04-03T01:07:01.000000;3dd70868-54e8-4a2f-b90b-ab0f683131a7;419.99;0.8;UNKNOWN
2016-04-03T01:07:01.000000;2016-04-03T01:07:01.000000;53c60790-731b-4bd6-861e-4a5aedb05cfe;419.98;0.01621;UNKNOWN
2016-04-03T01:07:01.000000;2016-04-03T01:07:01.000000;1474476f-d39f-4230-951b-70364f936471;419.99;0.01;UNKNOWN
2016-04-03T01:07:01.000000;2016-04-03T01:07:01.000000;2a703474-bdfb-4a57-94b4-26b5053ff381;419.98;0.00846;UNKNOWN
2016-04-03T01:07:01.000000;2016-04-03T01:07:01.000000;2bb12917-50fc-4145-a477-7c67ace1913d;419.99;0.01;UNKNOWN
2016-04-03T01:07:01.000000;2016-04-03T01:07:01.000000;b5e3b38e-3f99-43d6-a07a-6a3429371b2e;420.0;7.89068;UNKNOWN
2016-04-03T01:07:01.000000;2016-04-03T01:07:01.000000;81ae485c-b315-4ec5-a7ea-32fa2fd02888;419.99;0.47856;UNKNOWN
2016-04-03T01:07:01.000000;2016-04-03T01:07:01.000000;d3e3c53b-299e-4879-b074-91d49b315c15;419.99;0.01;UNKNOWN
2016-04-03T01:07:01.000000;2016-04-03T01:07:01.000000;852f215a-22b3-4ba8-a214-09a7e0d6e6c8;419.99;0.01;UNKNOWN
2016-04-03T01:07:01.000000;2016-04-03T01:07:01.000000;29bade60-9523-4a9e-a9c3-91b06a11f077;419.99;0.01;UNKNOWN
2016-04-03T01:07:01.000000;2016-04-03T01:07:01.000000;21fa74e0-785f-44da-8a94-2c3edf4a06ae;419.99;0.01;UNKNOWN
2016-04-03T01:07:01.000000;2016-04-03T01:07:01.000000;3c469808-cbd6-4cf5-84f0-fd821b8b7ae5;419.99;0.01;UNKNOWN
2016-04-03T01:07:34.000000;2016-04-03T01:07:34.000000;0e26903c-b4fb-440d-9bc2-eb66619176c8;420.0;0.03298;UNKNOWN
2016-04-03T01:08:03.000000;2016-04-03T01:08:03.000000;92212aeb-4395-43ce-bb35-d7235c762a97;420.0;1.0;UNKNOWN
2016-04-03T01:08:06.000000;2016-04-03T01:08:06.000000;6931d697-d91d-4a3f-a704-701c08b74daf;420.0;0.05;UNKNOWN
2016-04-03T01:08:30.000000;2016-04-03T01:08:30.000000;22f5b0dd-a626-46f2-b886-cf6adbe3128b;420.0;0.02991;UNKNOWN
2016-04-03T01:09:01.000000;2016-04-03T01:09:01.000000;7f18c345-de23-4178-a4bc-10e5b23dacf5;419.99;0.00155;UNKNOWN
2016-04-03T01:09:01.000000;2016-04-03T01:09:01.000000;9abeaca4-770d-41e0-ab0c-4578932cd21a;419.99;0.01;UNKNOWN
2016-04-03T01:09:30.000000;2016-04-03T01:09:30.000000;9e96d029-45fb-4f8a-b8c2-3a088b943e5e;420.0;0.14534;UNKNOWN
2016-04-03T01:10:00.000000;2016-04-03T01:10:00.000000;ea47f76d-d74f-427b-a9c3-aeddd4faa95b;420.0;1.74583;UNKNOWN
2016-04-03T01:10:31.000000;2016-04-03T01:10:31.000000;5dd8f0f8-7152-4701-bc2e-d8ba8dd3d235;420.0;2.35738;UNKNOWN
2016-04-03T01:11:04.000000;2016-04-03T01:11:04.000000;d883f364-6356-4a0b-bc13-45ec2f69fe5c;420.0;2.35738;UNKNOWN
2016-04-03T01:11:30.000000;2016-04-03T01:11:30.000000;06352dc6-c2ea-446d-bec1-76a149564d32;420.0;0.20474;UNKNOWN
2016-04-03T01:12:00.000000;2016-04-03T01:12:00.000000;3d3e5ff7-7801-4da2-a286-ddf758435496;420.0;0.05523;UNKNOWN
2016-04-03T01:12:30.000000;2016-04-03T01:12:30.000000;a49f1eab-cdeb-4f93-9cfa-fb0352fa9f13;420.0;0.04762;UNKNOWN
2016-04-03T01:13:00.000000;2016-04-03T01:13:00.000000;8317fc98-45d0-4070-9f47-562bdd40a2c0;419.95;0.0115;UNKNOWN
2016-04-03T01:13:00.000000;2016-04-03T01:13:00.000000;68de6d55-d120-4ee6-8a87-9b6ade20480f;419.95;0.09089;UNKNOWN
2016-04-03T01:13:00.000000;2016-04-03T01:13:00.000000;7c7606aa-661a-4e2d-970c-05a232c4fcc1;419.95;0.03;UNKNOWN
2016-04-03T01:13:00.000000;2016-04-03T01:13:00.000000;8f07ce2c-e4bb-4b2e-b06e-254dd2a7e0c8;419.96;0.03;UNKNOWN
2016-04-03T01:13:00.000000;2016-04-03T01:13:00.000000;ad38e3e4-c430-4780-8782-4561d5e15f5e;419.96;0.01;UNKNOWN
2016-04-03T01:13:26.000000;2016-04-03T01:13:26.000000;b28a6a19-1f9c-40fb-9975-fcc347ec643c;419.97;0.03;UNKNOWN
2016-04-03T01:13:26.000000;2016-04-03T01:13:26.000000;16abf67c-5278-435c-bf9e-4eeae6f076d5;419.97;0.05871738;UNKNOWN
2016-04-03T01:13:36.000000;2016-04-03T01:13:36.000000;0ce84778-f926-4809-87c5-e06fb38a4562;419.99;0.03071;UNKNOWN
2016-04-03T01:13:36.000000;2016-04-03T01:13:36.000000;a56cb3d1-823b-40ee-9631-4cf2dfdcd42e;419.98;0.01;UNKNOWN
2016-04-03T01:13:36.000000;2016-04-03T01:13:36.000000;9a2b5944-f48c-4bef-9376-a2e535826c96;419.98;0.03;UNKNOWN
2016-04-03T01:14:00.000000;2016-04-03T01:14:00.000000;5a8f4921-65dd-4725-b217-0916cb167ad0;420.0;5.97358;UNKNOWN
2016-04-03T01:14:31.000000;2016-04-03T01:14:31.000000;f288f99e-252c-445b-a38b-8e9f7a4c981a;419.95;0.0115;UNKNOWN
2016-04-03T01:14:31.000000;2016-04-03T01:14:31.000000;dd20757a-7906-4d08-b73d-28347b4dfa92;419.94;0.03;UNKNOWN
2016-04-03T01:14:31.000000;2016-04-03T01:14:31.000000;4c211e16-5c82-43f8-9049-83cd3254525a;419.95;0.03;UNKNOWN
2016-04-03T01:14:31.000000;2016-04-03T01:14:31.000000;3bd3f7b7-56c6-4b15-97ab-49991c660e9b;419.96;5.76;UNKNOWN
2016-04-03T01:14:31.000000;2016-04-03T01:14:31.000000;115439eb-45b0-42d8-a0fc-487564ca1192;419.93;0.02045;UNKNOWN
2016-04-03T01:14:31.000000;2016-04-03T01:14:31.000000;b88a85c6-b1df-4b6f-8b5a-2008159ae50b;419.96;0.03;UNKNOWN
2016-04-03T01:15:00.000000;2016-04-03T01:15:00.000000;dc5f1693-f5e6-404c-b24c-a9a876960c23;419.9;0.0115;UNKNOWN
2016-04-03T01:15:00.000000;2016-04-03T01:15:00.000000;bedfc553-e37d-4830-97b9-f96d58826764;419.88;0.03;UNKNOWN
2016-04-03T01:15:00.000000;2016-04-03T01:15:00.000000;8f4e8463-1813-49ed-a4ef-4ae778d79841;419.89;2.09;UNKNOWN
2016-04-03T01:15:00.000000;2016-04-03T01:15:00.000000;f883f870-b30c-481c-9290-894b960747eb;419.88;1.9;UNKNOWN
2016-04-03T01:15:00.000000;2016-04-03T01:15:00.000000;ef4c0f0d-12b5-43d0-93c5-bbc9ef3ff329;419.89;0.03;UNKNOWN
2016-04-03T01:15:00.000000;2016-04-03T01:15:00.000000;94ff905b-e40c-43cb-a120-da0a03822eec;419.87;0.03;UNKNOWN
2016-04-03T01:15:00.000000;2016-04-03T01:15:00.000000;f92f7f3e-f2ba-4531-8d45-671deb7f0fce;419.9;1.52;UNKNOWN
2016-04-03T01:15:00.000000;2016-04-03T01:15:00.000000;5d68048d-f23b-495e-adaa-8eb82242a08b;419.87;0.08794;UNKNOWN
2016-04-03T01:15:00.000000;2016-04-03T01:15:00.000000;2e2ae83b-7c96-401d-bef2-c651bb6a4a47;419.9;0.0115;UNKNOWN
2016-04-03T01:15:00.000000;2016-04-03T01:15:00.000000;ff019dbb-130c-4138-a20d-38ad1b17a7f3;419.87;0.8;UNKNOWN
2016-04-03T01:15:00.000000;2016-04-03T01:15:00.000000;888d973f-7b2b-4115-880e-649e76a0fa30;419.91;0.76;UNKNOWN
2016-04-03T01:15:00.000000;2016-04-03T01:15:00.000000;d84760c6-78b4-4792-8908-7d5dfd8908f1;419.91;0.03;UNKNOWN
2016-04-03T01:15:00.000000;2016-04-03T01:15:00.000000;b9b8b1c7-4362-4747-be82-f933d4ee72c1;419.92;0.01;UNKNOWN
2016-04-03T01:15:00.000000;2016-04-03T01:15:00.000000;1bf01c44-0824-467c-a87f-f3d8c7b369fe;419.9;0.01;UNKNOWN
2016-04-03T01:15:00.000000;2016-04-03T01:15:00.000000;af15389d-419d-49d3-bcda-ab430ed198bc;419.9;0.03;UNKNOWN
2016-04-03T01:15:00.000000;2016-04-03T01:15:00.000000;c096b100-86ce-4254-bf9a-d55f3ac8d796;419.93;0.01;UNKNOWN
2016-04-03T01:15:00.000000;2016-04-03T01:15:00.000000;50cf342d-6e5d-46f7-831a-740d08ec0d4a;419.92;0.03;UNKNOWN
2016-04-03T01:15:00.000000;2016-04-03T01:15:00.000000;b9dc9b5f-7212-400e-b5dd-c7b8bdf72e51;419.93;0.00955;UNKNOWN
2016-04-03T01:15:30.000000;2016-04-03T01:15:30.000000;9b0101ac-e5a5-4ad9-acd0-ea097e707295;419.84;0.01;UNKNOWN
2016-04-03T01:15:30.000000;2016-04-03T01:15:30.000000;34053616-e878-43f8-8a4d-f94eaed8db72;419.86;0.01;UNKNOWN
2016-04-03T01:15:30.000000;2016-04-03T01:15:30.000000;8652204f-2013-4689-8682-c0496f188d40;419.86;0.01;UNKNOWN
2016-04-03T01:15:30.000000;2016-04-03T01:15:30.000000;664be1f6-ccc6-453d-97db-2ed3e56d67b4;419.85;0.01;UNKNOWN
2016-04-03T01:15:30.000000;2016-04-03T01:15:30.000000;8b7ddd68-a00b-4917-b191-0e19ea37b644;419.86;0.03;UNKNOWN
2016-04-03T01:15:30.000000;2016-04-03T01:15:30.000000;af70730a-92de-40e7-8d0c-85f118b5d7f9;419.84;0.2;UNKNOWN
2016-04-03T01:15:30.000000;2016-04-03T01:15:30.000000;c760b208-5751-4b6e-a0f9-9886db5b3b46;419.83;0.01;UNKNOWN
2016-04-03T01:15:30.000000;2016-04-03T01:15:30.000000;9f487027-95b5-4ab0-82e5-5a383ba27051;419.83;0.17434;UNKNOWN
2016-04-03T01:16:00.000000;2016-04-03T01:16:00.000000;f7f61434-566f-40b7-8e7d-c04f384d087d;419.87;0.01;UNKNOWN
2016-04-03T01:16:00.000000;2016-04-03T01:16:00.000000;e9365374-6fa2-44a2-94cb-075b8e430447;419.84;0.01;UNKNOWN
2016-04-03T01:16:00.000000;2016-04-03T01:16:00.000000;2faec30d-faa2-40b7-a37f-3479b82bc68a;419.87;0.01;UNKNOWN
2016-04-03T01:16:00.000000;2016-04-03T01:16:00.000000;f233ec6d-27b1-4085-9c80-03c1b281dce6;419.86;0.01;UNKNOWN
2016-04-03T01:16:00.000000;2016-04-03T01:16:00.000000;9522a4c3-2da0-4966-8804-c66fb0011b4d;419.85;0.01;UNKNOWN
2016-04-03T01:16:00.000000;2016-04-03T01:16:00.000000;bdbc040b-7567-4707-a0ca-f02be6ece05c;419.88;0.03;UNKNOWN
2016-04-03T01:16:00.000000;2016-04-03T01:16:00.000000;6c7e45a7-685e-4a7e-84d2-fb4b0ddef6dc;419.9;0.01;UNKNOWN
2016-04-03T01:16:00.000000;2016-04-03T01:16:00.000000;3e8e9973-41c7-44c9-b733-350e48db3e3c;419.89;0.03;UNKNOWN
2016-04-03T01:16:00.000000;2016-04-03T01:16:00.000000;d1becee7-b099-45ce-ae98-f551dcd2354a;419.9;0.01;UNKNOWN
2016-04-03T01:16:00.000000;2016-04-03T01:16:00.000000;33400e36-de94-4358-aa25-c5e4d54ffcaf;419.9;0.03;UNKNOWN
2016-04-03T01:16:00.000000;2016-04-03T01:16:00.000000;383130d5-5db8-4d29-9d1d-b38f992b2098;419.92;0.03;UNKNOWN
2016-04-03T01:16:00.000000;2016-04-03T01:16:00.000000;d13861df-3543-4921-8389-439ae12911c8;419.93;0.10109;UNKNOWN
2016-04-03T01:16:00.000000;2016-04-03T01:16:00.000000;2865f955-54e8-4f7c-a60e-b054abd19326;419.93;0.03;UNKNOWN
2016-04-03T01:16:00.000000;2016-04-03T01:16:00.000000;65adb3bd-72b3-4c8a-9ccd-18560c94a116;419.91;0.03;UNKNOWN
2016-04-03T01:16:00.000000;2016-04-03T01:16:00.000000;1f6effb1-bf6f-4fac-a333-186bad06bcd7;419.91;0.01;UNKNOWN
2016-04-03T01:16:00.000000;2016-04-03T01:16:00.000000;0772403f-b46b-4df0-b2ef-ab9fae8b1492;419.93;0.01;UNKNOWN
2016-04-03T01:17:01.000000;2016-04-03T01:17:01.000000;18ed06d0-e25a-4283-ae54-6852f0b01391;419.94;0.03;UNKNOWN
2016-04-03T01:17:01.000000;2016-04-03T01:17:01.000000;796a5bcc-a5c1-4523-a715-3fc10d3659df;419.94;0.01;UNKNOWN
2016-04-03T01:17:01.000000;2016-04-03T01:17:01.000000;718b14f4-4e6d-4745-9820-5c9746c0f341;419.94;0.19205;UNKNOWN
2016-04-03T01:17:31.000000;2016-04-03T01:17:31.000000;64ec03b3-9c83-41fd-9d9b-32289bf62c08;419.95;0.46986;UNKNOWN
2016-04-03T01:17:31.000000;2016-04-03T01:17:31.000000;2c3d810d-f7bd-4f78-8c8e-51031d0e318f;419.95;0.03;UNKNOWN
2016-04-03T01:18:01.000000;2016-04-03T01:18:01.000000;58228a28-5540-4c52-82d6-e91acad54576;419.83;0.44403;UNKNOWN
2016-04-03T01:18:01.000000;2016-04-03T01:18:01.000000;b76b6067-c068-4edd-9c8d-9c406e308e0a;419.83;0.01;UNKNOWN
2016-04-03T01:18:01.000000;2016-04-03T01:18:01.000000;b67f9213-7827-4e9e-aba6-15743a074ff4;419.9;0.12;UNKNOWN
2016-04-03T01:18:01.000000;2016-04-03T01:18:01.000000;e52ec3a6-0c7e-4a4f-98f9-04c06f2428f6;419.83;0.02656;UNKNOWN
2016-04-03T01:18:01.000000;2016-04-03T01:18:01.000000;caf00a02-5e91-4632-86cf-547440f12729;419.9;0.01;UNKNOWN
2016-04-03T01:18:01.000000;2016-04-03T01:18:01.000000;e7c84bc3-d38e-48be-935d-5b682d769d9d;419.9;0.03;UNKNOWN
2016-04-03T01:18:01.000000;2016-04-03T01:18:01.000000;cef06946-a320-4d79-9772-24e5cd8c9095;419.91;0.03;UNKNOWN
2016-04-03T01:18:01.000000;2016-04-03T01:18:01.000000;0a8cb7ce-fe25-4d1a-8953-2ac8bae4e5f5;419.92;0.03;UNKNOWN
2016-04-03T01:18:01.000000;2016-04-03T01:18:01.000000;18380c48-e12f-48a9-9051-36d81740a867;419.93;0.01;UNKNOWN
2016-04-03T01:18:01.000000;2016-04-03T01:18:01.000000;75a00a41-7be5-4f58-8c7f-00494892fbf6;419.93;0.01;UNKNOWN
2016-04-03T01:18:01.000000;2016-04-03T01:18:01.000000;79ae4293-23c8-4020-8552-8d2f4185ee52;419.92;0.01;UNKNOWN
2016-04-03T01:18:01.000000;2016-04-03T01:18:01.000000;da3930a1-430a-4a0e-8241-58bd62cf427c;419.89;0.03;UNKNOWN
2016-04-03T01:18:01.000000;2016-04-03T01:18:01.000000;eacefc76-c075-41d1-a3d7-26cffedb8ab5;419.84;0.01;UNKNOWN
2016-04-03T01:18:01.000000;2016-04-03T01:18:01.000000;0814ac57-fb03-4749-9283-1f8b95d9452a;419.86;0.03;UNKNOWN
2016-04-03T01:18:01.000000;2016-04-03T01:18:01.000000;9b327454-6428-428d-a607-47eaaf9077a3;419.86;0.01;UNKNOWN
2016-04-03T01:18:01.000000;2016-04-03T01:18:01.000000;a8d94e58-8048-4d1b-a0ab-98b54e810f02;419.89;0.0115;UNKNOWN
2016-04-03T01:18:01.000000;2016-04-03T01:18:01.000000;aea41f5a-3de6-4a09-a4c9-30234148d8ea;419.87;0.03;UNKNOWN
2016-04-03T01:18:01.000000;2016-04-03T01:18:01.000000;929ac5c8-18bb-4448-82f9-93d936b8f34a;419.89;0.0115;UNKNOWN
2016-04-03T01:18:01.000000;2016-04-03T01:18:01.000000;4430927e-6913-47f8-8593-e6a69b243389;419.88;0.03;UNKNOWN
2016-04-03T01:18:01.000000;2016-04-03T01:18:01.000000;948c0d62-a1a6-4b23-9aa8-d9bb40c86693;419.85;0.01;UNKNOWN
2016-04-03T01:18:01.000000;2016-04-03T01:18:01.000000;3878a638-a07b-411e-b7ac-1f8f183a8192;419.86;0.01;UNKNOWN
2016-04-03T01:18:30.000000;2016-04-03T01:18:30.000000;7a3fbb6b-c616-4da5-b840-60575a92b209;419.84;3.9045;UNKNOWN
2016-04-03T01:18:30.000000;2016-04-03T01:18:30.000000;7bb99773-1e8c-47b0-9a4d-93c4ee78d0ca;419.84;0.01;UNKNOWN
2016-04-03T01:19:00.000000;2016-04-03T01:19:00.000000;3a61a6b5-7376-4ae6-b0ed-b04e000413bf;419.83;1.178;UNKNOWN
2016-04-03T01:19:07.000000;2016-04-03T01:19:07.000000;5f1d4c96-f79e-45d5-aaa1-486f9c8222ea;419.85;0.01;UNKNOWN
2016-04-03T01:19:07.000000;2016-04-03T01:19:07.000000;b56e90f5-76a3-4854-b2ee-496e6f6b612f;419.85;0.0814;UNKNOWN
2016-04-03T01:19:43.000000;2016-04-03T01:19:43.000000;b2228054-9fc5-4037-b3b6-71f9f26f21ec;419.85;0.11;UNKNOWN
2016-04-03T01:20:02.000000;2016-04-03T01:20:02.000000;46da6f0d-b680-4f9f-ac09-786ffc7ec913;419.83;0.14368;UNKNOWN
2016-04-03T01:20:02.000000;2016-04-03T01:20:02.000000;6a402a0f-4f09-4c06-8564-2b91dd06b608;419.83;0.012;UNKNOWN
2016-04-03T01:20:02.000000;2016-04-03T01:20:02.000000;a06d2129-3b60-4ae0-ab6a-45a9d170ffc1;419.83;0.64797;UNKNOWN
2016-04-03T01:20:30.000000;2016-04-03T01:20:30.000000;ab5f2231-40a2-4015-83f9-f1f554c15cee;419.86;0.01;UNKNOWN
2016-04-03T01:20:30.000000;2016-04-03T01:20:30.000000;0d3af86f-84c9-4b7d-8628-cef175f02336;419.87;0.01;UNKNOWN
2016-04-03T01:20:30.000000;2016-04-03T01:20:30.000000;2cc9af1a-5a2e-41d8-a157-04a0d5075482;419.87;0.01;UNKNOWN
2016-04-03T01:20:30.000000;2016-04-03T01:20:30.000000;e9279731-375a-4916-9d82-a6f22584e867;419.88;0.03;UNKNOWN
2016-04-03T01:20:30.000000;2016-04-03T01:20:30.000000;90725b67-b3d0-4c7b-89a5-e415a5b12da4;419.89;0.03;UNKNOWN
2016-04-03T01:20:30.000000;2016-04-03T01:20:30.000000;a6929b53-c6d9-429d-83d7-08a00f741ca8;419.9;0.03;UNKNOWN
2016-04-03T01:20:30.000000;2016-04-03T01:20:30.000000;a3981b84-da9f-4a4b-965f-38da40856139;419.89;0.12;UNKNOWN
2016-04-03T01:20:30.000000;2016-04-03T01:20:30.000000;8f240bf6-8628-45b1-beb7-cbf1c41422a8;419.92;0.03;UNKNOWN
2016-04-03T01:20:30.000000;2016-04-03T01:20:30.000000;f722e81a-688f-4cbb-a2a2-38ce32ff74d9;419.91;0.01;UNKNOWN
2016-04-03T01:20:30.000000;2016-04-03T01:20:30.000000;cb2fef05-7c3e-43dd-a625-2873be6a2a50;419.91;0.03;UNKNOWN
2016-04-03T01:20:30.000000;2016-04-03T01:20:30.000000;4ccd3517-82ce-40cc-99a0-e13946c87809;419.9;0.01;UNKNOWN
2016-04-03T01:20:30.000000;2016-04-03T01:20:30.000000;3481cd87-ddb7-4bf1-8694-d18a6cc4fa4d;419.93;0.01;UNKNOWN
2016-04-03T01:20:30.000000;2016-04-03T01:20:30.000000;a628e324-8960-4f68-85f9-129e5cbb10b8;419.93;0.02371;UNKNOWN
2016-04-03T01:21:01.000000;2016-04-03T01:21:01.000000;4ba8cf5f-81f7-4e8d-bf67-06b38e3a38a9;419.92;0.23578;UNKNOWN
2016-04-03T01:21:31.000000;2016-04-03T01:21:31.000000;aa2b0676-7f52-498a-89a7-323c93a0695a;419.93;0.14219;UNKNOWN
2016-04-03T01:21:31.000000;2016-04-03T01:21:31.000000;70198373-6701-4099-ac53-386ce8c8780d;419.93;0.00629;UNKNOWN
2016-04-03T01:22:03.000000;2016-04-03T01:22:03.000000;7ee47c5f-b647-4dde-9617-f28f1fcb8a7d;419.98;0.01;UNKNOWN
2016-04-03T01:22:03.000000;2016-04-03T01:22:03.000000;438d63ce-ed48-4504-9e0d-e00db98bfa0a;419.94;0.01;UNKNOWN
2016-04-03T01:22:03.000000;2016-04-03T01:22:03.000000;56b117bd-63ba-4a73-8138-c3e292c41761;419.98;0.03;UNKNOWN
2016-04-03T01:22:03.000000;2016-04-03T01:22:03.000000;9a40a607-d950-4d59-a6d8-c0033066d98c;419.96;0.03;UNKNOWN
2016-04-03T01:22:03.000000;2016-04-03T01:22:03.000000;2b138db8-569a-4919-a06c-1574e9409289;419.97;0.03;UNKNOWN
2016-04-03T01:22:03.000000;2016-04-03T01:22:03.000000;e973b1ab-bfc2-4cf5-ae7f-52fd2359a6e8;419.94;0.03;UNKNOWN
2016-04-03T01:22:03.000000;2016-04-03T01:22:03.000000;03df94fd-0274-490f-9cc8-7fbf25093100;419.94;0.01;UNKNOWN
2016-04-03T01:22:03.000000;2016-04-03T01:22:03.000000;e5dce720-181e-4021-86cb-abd1e9f7a1f5;419.93;0.97781;UNKNOWN
2016-04-03T01:22:03.000000;2016-04-03T01:22:03.000000;8f790722-2137-4000-88a3-2b05f6cc9751;419.99;1.07603;UNKNOWN
2016-04-03T01:22:03.000000;2016-04-03T01:22:03.000000;68d4977d-2f84-4b18-a205-f4acb588a3c8;419.99;0.2009;UNKNOWN
2016-04-03T01:22:35.000000;2016-04-03T01:22:35.000000;1ffbfde6-5c70-4049-be24-5a117abd7a3b;419.99;0.12257;UNKNOWN
2016-04-03T01:23:01.000000;2016-04-03T01:23:01.000000;67dfc901-340a-4ac2-8a0e-d297e3421b01;419.99;0.64797;UNKNOWN
2016-04-03T01:23:01.000000;2016-04-03T01:23:01.000000;c927659e-7a9e-452f-93b6-ab75fcf53a7c;419.99;0.42343;UNKNOWN
2016-04-03T01:23:01.000000;2016-04-03T01:23:01.000000;3bfbc76b-32f5-4725-8d7f-fd45c66d6c1c;420.0;1.75735;UNKNOWN
2016-04-03T01:23:31.000000;2016-04-03T01:23:31.000000;d3fc90d0-8a52-472d-a1b2-f07dae7c0843;419.99;0.01;UNKNOWN
2016-04-03T01:23:31.000000;2016-04-03T01:23:31.000000;d541eae2-b898-420b-85dd-7344c0da22f5;419.99;0.8;UNKNOWN
2016-04-03T01:23:31.000000;2016-04-03T01:23:31.000000;c095491a-6051-4ae7-8b03-d5fcb8fc571b;420.0;2.64294;UNKNOWN
2016-04-03T01:25:04.000000;2016-04-03T01:25:04.000000;bd5ebe3a-0bf3-404a-aca7-b15c41a06239;419.99;0.01;UNKNOWN
2016-04-03T01:25:04.000000;2016-04-03T01:25:04.000000;2502ac91-8d90-439e-b5af-0ddb0740b872;420.0;1.17176;UNKNOWN
2016-04-03T01:25:30.000000;2016-04-03T01:25:30.000000;bc0e24a7-39e6-4bc4-a619-310dda2f9731;420.0;0.01154;UNKNOWN
2016-04-03T01:26:02.000000;2016-04-03T01:26:02.000000;c74641c4-d1c2-47d2-81c3-3dec933a0755;420.0;0.04762;UNKNOWN
2016-04-03T01:26:31.000000;2016-04-03T01:26:31.000000;520b4989-8d16-4700-b439-d511c653d584;420.0;1.77274;UNKNOWN
2016-04-03T01:27:03.000000;2016-04-03T01:27:03.000000;ac1b16e0-4284-4b36-ac64-beb5234089df;419.88;0.03;UNKNOWN
2016-04-03T01:27:03.000000;2016-04-03T01:27:03.000000;ab6bc446-673f-4f34-8d66-c353fcbeede7;419.86;0.01;UNKNOWN
2016-04-03T01:27:03.000000;2016-04-03T01:27:03.000000;abdf23f4-6594-4de5-9a9c-e9c47a479c76;419.86;0.01;UNKNOWN
2016-04-03T01:27:03.000000;2016-04-03T01:27:03.000000;91fa41a8-a745-49cb-aae6-e1040375aae4;419.89;0.03;UNKNOWN
2016-04-03T01:27:03.000000;2016-04-03T01:27:03.000000;1eb696ee-c034-4767-a538-c73406cd7e96;419.9;0.03;UNKNOWN
2016-04-03T01:27:03.000000;2016-04-03T01:27:03.000000;e4a9219d-b56a-44e1-9735-1ac04cadbb1f;419.9;0.01;UNKNOWN
2016-04-03T01:27:03.000000;2016-04-03T01:27:03.000000;267a164e-b609-4456-8ac5-e82d395c596b;419.86;0.03;UNKNOWN
2016-04-03T01:27:03.000000;2016-04-03T01:27:03.000000;d66da3f4-2c18-428c-b5cf-815c32428fd1;419.87;0.03;UNKNOWN
2016-04-03T01:27:03.000000;2016-04-03T01:27:03.000000;e36c8021-e217-4e5d-8c98-9b63c7a06547;419.91;0.03;UNKNOWN
2016-04-03T01:27:03.000000;2016-04-03T01:27:03.000000;0723a74d-3264-46fe-80a6-58f4f53d1e6c;419.93;0.3;UNKNOWN
2016-04-03T01:27:03.000000;2016-04-03T01:27:03.000000;d62be775-9b09-4620-b932-fbdf2c535970;419.93;0.01;UNKNOWN
2016-04-03T01:27:03.000000;2016-04-03T01:27:03.000000;5941a5ba-2f15-430b-bd7b-d8e5e51c9f36;419.94;0.03;UNKNOWN
2016-04-03T01:27:03.000000;2016-04-03T01:27:03.000000;4baaf8b6-72fa-4bf2-aa5c-87079224871b;419.95;0.03;UNKNOWN
2016-04-03T01:27:03.000000;2016-04-03T01:27:03.000000;b7958152-a7d3-4402-83f0-1a1ccf5951df;419.95;0.1;UNKNOWN
2016-04-03T01:27:03.000000;2016-04-03T01:27:03.000000;5efedebc-28c7-4f3a-85c7-1ed4e41f499f;419.96;0.03;UNKNOWN
2016-04-03T01:27:03.000000;2016-04-03T01:27:03.000000;a3dbf401-f3ba-431d-80dc-6b72ce23cbe6;419.98;0.0195;UNKNOWN
2016-04-03T01:27:03.000000;2016-04-03T01:27:03.000000;f45047dd-0d79-4ab6-8044-1f5135ee8856;419.93;0.03;UNKNOWN
2016-04-03T01:27:03.000000;2016-04-03T01:27:03.000000;92e7180e-f43e-43b5-af4b-8d540e12e5ca;419.92;0.03;UNKNOWN
2016-04-03T01:27:03.000000;2016-04-03T01:27:03.000000;95841823-7eba-4128-bfff-d38574bf9ed0;419.92;0.01;UNKNOWN
2016-04-03T01:27:03.000000;2016-04-03T01:27:03.000000;caf078fe-59e3-431e-b9a1-f03a32f600ce;419.85;0.61246;UNKNOWN
2016-04-03T01:27:03.000000;2016-04-03T01:27:03.000000;f2fa8c67-8b48-4c09-9b5b-66f552fc20c4;419.85;0.2009;UNKNOWN
2016-04-03T01:27:03.000000;2016-04-03T01:27:03.000000;37c65a29-5997-41a9-8956-140995ab8cfd;419.85;0.0115;UNKNOWN
2016-04-03T01:27:03.000000;2016-04-03T01:27:03.000000;9abf6af4-33d4-44df-b57a-252e0e5cf035;419.86;0.273;UNKNOWN
2016-04-03T01:27:03.000000;2016-04-03T01:27:03.000000;c8aef614-450e-486a-9534-57eee502fa12;419.85;0.01;UNKNOWN
2016-04-03T01:27:08.000000;2016-04-03T01:27:08.000000;0fef5a40-1444-497e-84d9-7cec746113c8;419.85;0.01;UNKNOWN
2016-04-03T01:27:39.000000;2016-04-03T01:27:39.000000;2f0a87d3-98e3-4642-8160-75e74c1b5d7b;419.86;0.01;UNKNOWN
2016-04-03T01:28:01.000000;2016-04-03T01:28:01.000000;c7499df9-6745-4ed0-ad63-0ddbe16440ed;419.87;0.01;UNKNOWN
2016-04-03T01:28:01.000000;2016-04-03T01:28:01.000000;b8aa8845-814a-40f2-b6d3-c5e5a7be869c;419.87;0.01;UNKNOWN
2016-04-03T01:28:01.000000;2016-04-03T01:28:01.000000;3ec2604b-1faa-41d5-9fd0-79659a7df6e6;419.91;0.01;UNKNOWN
2016-04-03T01:28:01.000000;2016-04-03T01:28:01.000000;1fd44fc6-5ab2-424d-b495-6e34b6b5173a;419.91;0.03;UNKNOWN
2016-04-03T01:28:01.000000;2016-04-03T01:28:01.000000;cb775ab8-7986-4125-b2b1-2dc7c8da53a3;419.89;0.03;UNKNOWN
2016-04-03T01:28:01.000000;2016-04-03T01:28:01.000000;5e85a2ac-ef18-41d5-a2ce-e3e5786d6be0;419.88;0.03;UNKNOWN
2016-04-03T01:28:01.000000;2016-04-03T01:28:01.000000;ee0386ba-49de-4922-8057-a74c7d26f917;419.9;0.03;UNKNOWN
2016-04-03T01:28:01.000000;2016-04-03T01:28:01.000000;0e4b7799-e17f-4700-afff-03874a2302e6;419.93;0.03;UNKNOWN
2016-04-03T01:28:01.000000;2016-04-03T01:28:01.000000;96e6dd63-ccc4-440b-adc8-b3e64fbc5f55;419.92;0.03;UNKNOWN
2016-04-03T01:28:01.000000;2016-04-03T01:28:01.000000;96745b83-0e38-4e35-af86-0e253ec0ca4b;419.94;0.03;UNKNOWN
2016-04-03T01:28:01.000000;2016-04-03T01:28:01.000000;7114457e-b9c0-47cf-b10b-ba8a475574d6;419.93;0.01;UNKNOWN
2016-04-03T01:28:01.000000;2016-04-03T01:28:01.000000;04143263-00e9-4218-a393-b9d988ce20d1;419.94;0.01;UNKNOWN
2016-04-03T01:28:01.000000;2016-04-03T01:28:01.000000;f34d61ca-176e-4462-bb54-b5725fd738ee;419.94;0.20893;UNKNOWN
2016-04-03T01:29:02.000000;2016-04-03T01:29:02.000000;38386c6b-c359-477e-84fb-0a04e75a03a7;419.97;0.02666;UNKNOWN
2016-04-03T01:29:02.000000;2016-04-03T01:29:02.000000;52a97e4f-a823-4c95-8d5b-4c61f9828575;419.96;0.03;UNKNOWN
2016-04-03T01:29:02.000000;2016-04-03T01:29:02.000000;7175ac28-81e4-45bb-b8ae-6a0030f09d10;419.95;0.03;UNKNOWN
2016-04-03T01:29:09.000000;2016-04-03T01:29:09.000000;9494f852-950c-4ff2-ac28-8c4f772575e7;419.94;0.044;UNKNOWN
2016-04-03T01:29:09.000000;2016-04-03T01:29:09.000000;90b97ed1-5971-4fa5-b473-60c8b41006af;419.96;0.0177;UNKNOWN
2016-04-03T01:29:31.000000;2016-04-03T01:29:31.000000;90402d46-ace1-46ae-a3b9-3739fe67064b;420.0;0.52449;UNKNOWN
2016-04-03T01:29:31.000000;2016-04-03T01:29:31.000000;5d144717-6633-4679-adff-a774d4573b34;419.98;0.03;UNKNOWN
2016-04-03T01:29:31.000000;2016-04-03T01:29:31.000000;a77a757f-cb18-4e50-b611-730265fd3e2c;419.99;0.61246;UNKNOWN
2016-04-03T01:29:31.000000;2016-04-03T01:29:31.000000;9dce9003-9a81-446d-baf4-33c7c4511b27;419.99;0.3;UNKNOWN
2016-04-03T01:29:31.000000;2016-04-03T01:29:31.000000;04885e95-0958-4bcc-b583-ea3be1bf25f9;419.97;0.00334;UNKNOWN
2016-04-03T01:30:01.000000;2016-04-03T01:30:01.000000;5d36196a-ee6c-493e-86e2-ab69c57f5f5e;419.99;0.12025;UNKNOWN
2016-04-03T01:30:31.000000;2016-04-03T01:30:31.000000;598ad26d-d499-40a4-b299-b96bc6df2d5d;419.96;0.00417;UNKNOWN
2016-04-03T01:30:31.000000;2016-04-03T01:30:31.000000;0ede8776-19a0-40be-8e7d-162e6cbe59de;419.96;0.01;UNKNOWN
2016-04-03T01:31:01.000000;2016-04-03T01:31:01.000000;425873c0-4fcc-44da-b07e-67e0d8605fb9;419.95;0.03;UNKNOWN
2016-04-03T01:31:01.000000;2016-04-03T01:31:01.000000;a09a5629-9553-4ea8-aaa8-7d722f8e7819;419.96;0.02583;UNKNOWN
2016-04-03T01:31:01.000000;2016-04-03T01:31:01.000000;cf947611-870e-4564-85d8-40fb08b6a34e;419.99;0.0195;UNKNOWN
2016-04-03T01:31:01.000000;2016-04-03T01:31:01.000000;28c86055-09b2-4ec9-b235-34268590c46a;419.98;0.0189;UNKNOWN
2016-04-03T01:31:01.000000;2016-04-03T01:31:01.000000;06d6f32e-8eb6-4e30-96b4-37cab9d34869;419.99;0.019;UNKNOWN
2016-04-03T01:31:01.000000;2016-04-03T01:31:01.000000;32246d27-b72f-4fbf-805f-09410266f87c;419.99;0.0191;UNKNOWN
2016-04-03T01:31:01.000000;2016-04-03T01:31:01.000000;c88a7a6c-7610-404a-adfb-ccecc1c6af70;419.99;0.0192;UNKNOWN
2016-04-03T01:31:01.000000;2016-04-03T01:31:01.000000;0c5d27db-17a3-431b-9250-f72313c05b6c;419.99;0.019;UNKNOWN
2016-04-03T01:31:01.000000;2016-04-03T01:31:01.000000;fa143fb3-d275-4442-a3d0-4646b106dc26;419.92;0.10123;UNKNOWN
2016-04-03T01:31:01.000000;2016-04-03T01:31:01.000000;23fa229d-d6f2-4e92-9c51-9f8c35ead8c7;419.95;0.3;UNKNOWN
2016-04-03T01:31:01.000000;2016-04-03T01:31:01.000000;f7c30cdf-5386-4514-8a00-dbdac0a395c2;419.94;0.03;UNKNOWN
2016-04-03T01:31:01.000000;2016-04-03T01:31:01.000000;6bc6a904-4df5-415e-9bfb-b48ca263dfad;419.92;0.03;UNKNOWN
2016-04-03T01:31:01.000000;2016-04-03T01:31:01.000000;a65eb487-e398-479a-b95a-a64b859bfa1a;419.93;0.03;UNKNOWN
2016-04-03T01:31:01.000000;2016-04-03T01:31:01.000000;cc6f5e0a-5009-4a72-9bd4-9c012721835a;419.92;0.01;UNKNOWN
2016-04-03T01:31:01.000000;2016-04-03T01:31:01.000000;3579ea09-348e-4176-b73d-665897f9b720;419.93;0.01;UNKNOWN
2016-04-03T01:31:31.000000;2016-04-03T01:31:31.000000;95cfed69-1f4b-4e69-9164-57d2a73acda4;419.94;0.03;UNKNOWN
2016-04-03T01:31:31.000000;2016-04-03T01:31:31.000000;3dceb749-8fc2-441b-a6cf-7d2c5c95b5a0;419.94;0.01;UNKNOWN
2016-04-03T01:31:31.000000;2016-04-03T01:31:31.000000;995b1f40-a38e-4568-8caa-fcf10874a389;419.95;0.03;UNKNOWN
2016-04-03T01:31:31.000000;2016-04-03T01:31:31.000000;aa075f23-29de-48af-ae03-e43163a2831c;419.96;0.01249;UNKNOWN
2016-04-03T01:31:31.000000;2016-04-03T01:31:31.000000;cc7b49cc-6a86-449e-830e-5cdca6504f14;419.93;0.01;UNKNOWN
2016-04-03T01:32:01.000000;2016-04-03T01:32:01.000000;396b2970-1c12-4450-a3b7-72e8682ebb98;419.99;0.12949;UNKNOWN
2016-04-03T01:32:01.000000;2016-04-03T01:32:01.000000;57c301fb-562a-4472-a64b-9bdd882e850a;419.96;0.01751;UNKNOWN
2016-04-03T01:32:01.000000;2016-04-03T01:32:01.000000;378a0bc0-e6e7-45dc-8ff8-6228cef31b0d;419.99;0.293;UNKNOWN
2016-04-03T01:32:01.000000;2016-04-03T01:32:01.000000;583fdc95-a766-4e77-b1ce-117bbc41cb5c;419.97;0.03;UNKNOWN
2016-04-03T01:32:01.000000;2016-04-03T01:32:01.000000;a0fb0561-81f5-47f9-8c69-aeb3736b48a9;419.98;0.03;UNKNOWN
2016-04-03T01:32:43.000000;2016-04-03T01:32:43.000000;7e8c0a48-21c5-4370-a2ba-f66805827827;419.99;0.0228177;UNKNOWN
2016-04-03T01:32:43.000000;2016-04-03T01:32:43.000000;ebce787d-90fa-4fd0-a15d-a3969c65c423;419.99;0.01946319;UNKNOWN
2016-04-03T01:32:43.000000;2016-04-03T01:32:43.000000;0699f435-deb5-4cc8-98a2-92fc01c668b2;419.97;0.01;UNKNOWN
2016-04-03T01:33:01.000000;2016-04-03T01:33:01.000000;e575842e-2cad-4f82-bd8e-dca3d57f9b2a;419.99;0.45805;UNKNOWN
2016-04-03T01:34:01.000000;2016-04-03T01:34:01.000000;fec69a1b-ed71-46af-a4e9-3b9ee86590a0;420.0;0.01154;UNKNOWN
2016-04-03T01:34:31.000000;2016-04-03T01:34:31.000000;d01c2df3-3288-4b07-a3a8-0c5fc82504f9;419.95;0.00388;UNKNOWN
2016-04-03T01:34:31.000000;2016-04-03T01:34:31.000000;67558ee5-d8f9-452a-b4b7-b1b63108128b;419.96;0.03;UNKNOWN
2016-04-03T01:35:31.000000;2016-04-03T01:35:31.000000;21a7a95f-63c3-4c80-99a3-47e2f1e63bb6;419.98;0.04484;UNKNOWN
2016-04-03T01:35:31.000000;2016-04-03T01:35:31.000000;5f3ecbce-c58c-4c91-b159-adbe0da7aa65;419.98;0.03;UNKNOWN
2016-04-03T01:36:01.000000;2016-04-03T01:36:01.000000;1e82bc8f-a36e-4b30-b9d0-1eda59468774;419.95;0.03;UNKNOWN
2016-04-03T01:36:01.000000;2016-04-03T01:36:01.000000;eabb5caa-3ee6-47f7-ad39-62d2bf566a6d;419.95;0.00612;UNKNOWN
2016-04-03T01:36:01.000000;2016-04-03T01:36:01.000000;a37122af-fbf0-450f-9ee9-b4f603e09d5f;419.95;0.0115;UNKNOWN
2016-04-03T01:36:01.000000;2016-04-03T01:36:01.000000;534cf7ee-7d0e-4af7-9e49-b9f4d22e36f6;419.94;0.03;UNKNOWN
2016-04-03T01:36:01.000000;2016-04-03T01:36:01.000000;18c32958-80be-47ea-b16d-122c2d986385;419.95;0.0115;UNKNOWN
2016-04-03T01:36:01.000000;2016-04-03T01:36:01.000000;35fed80b-f63a-4a50-a99a-f1220fe55cba;419.93;0.00559;UNKNOWN
2016-04-03T01:36:01.000000;2016-04-03T01:36:01.000000;38cda72a-9769-4f47-90e3-374b7d1f5186;419.93;0.03;UNKNOWN
2016-04-03T01:36:31.000000;2016-04-03T01:36:31.000000;d88c583f-ca25-4e83-a39c-1e1ed723b059;419.98;0.15;UNKNOWN
2016-04-03T01:36:31.000000;2016-04-03T01:36:31.000000;c54f1b07-2e28-49d8-b1b5-e8ddd3a69ca3;419.99;0.2009;UNKNOWN
2016-04-03T01:36:31.000000;2016-04-03T01:36:31.000000;d6a53ec8-5d18-472e-8df3-8eefc81b5279;419.97;0.01;UNKNOWN
2016-04-03T01:36:31.000000;2016-04-03T01:36:31.000000;9c74b0d0-3f7d-452b-82e6-5c8839653d36;419.97;0.03;UNKNOWN
2016-04-03T01:36:31.000000;2016-04-03T01:36:31.000000;7d2289d1-32ac-4cfd-822b-3ff77829f634;419.96;0.03;UNKNOWN
2016-04-03T01:36:31.000000;2016-04-03T01:36:31.000000;486dee79-055b-420c-9903-40fcf160b3f8;419.95;0.03;UNKNOWN
2016-04-03T01:36:31.000000;2016-04-03T01:36:31.000000;02be4b73-6c18-454b-b5fd-d16007c695ea;420.0;0.0088;UNKNOWN
2016-04-03T01:37:01.000000;2016-04-03T01:37:01.000000;cccc672e-74db-4c08-a48b-bb5e75192d93;420.0;4.9901;UNKNOWN
2016-04-03T01:37:01.000000;2016-04-03T01:37:01.000000;ada1b11d-7622-4387-b0ae-e80edd9ab0f3;419.99;0.01;UNKNOWN
2016-04-03T01:37:34.000000;2016-04-03T01:37:34.000000;f8d7e1d2-6a6a-45cc-9304-e4627d1c1e04;420.0;0.60044;UNKNOWN
2016-04-03T01:38:01.000000;2016-04-03T01:38:01.000000;8b76bbe5-dc33-4935-bb9a-ff6d2bd899d1;420.0;0.05893;UNKNOWN
2016-04-03T01:39:01.000000;2016-04-03T01:39:01.000000;77c5d39b-bb69-4645-a8dd-482cc4f90100;419.98;0.0192;UNKNOWN
2016-04-03T01:39:01.000000;2016-04-03T01:39:01.000000;bfde1c15-e594-4404-8139-f1e82da3ce24;420.0;0.0364;UNKNOWN
2016-04-03T01:39:31.000000;2016-04-03T01:39:31.000000;31ad3e4c-aede-4663-a37e-4e8f6af4c22c;420.0;2.27456;UNKNOWN
2016-04-03T01:39:31.000000;2016-04-03T01:39:31.000000;ac80aee2-7889-4673-8269-c9c35677ae99;419.98;0.0171;UNKNOWN
2016-04-03T01:39:34.000000;2016-04-03T01:39:34.000000;9af1a5fd-95e7-4320-9599-112a4824be17;419.92;0.03;UNKNOWN
2016-04-03T01:39:34.000000;2016-04-03T01:39:34.000000;a0df043e-b2b7-4d18-a2af-9e570afad868;419.92;0.07936;UNKNOWN
2016-04-03T01:39:34.000000;2016-04-03T01:39:34.000000;c9ff2dfd-183f-49e5-af9b-c926214d9ec6;419.92;0.02637;UNKNOWN
2016-04-03T01:39:34.000000;2016-04-03T01:39:34.000000;9ff1f801-a982-4d94-824a-723775733f85;419.92;0.09464;UNKNOWN
2016-04-03T01:39:34.000000;2016-04-03T01:39:34.000000;dabe59be-4e61-4708-80e0-d3038d62877f;419.94;0.03;UNKNOWN
2016-04-03T01:39:34.000000;2016-04-03T01:39:34.000000;a1ca14be-b040-4392-b59f-7ca8830cf88a;419.93;0.03;UNKNOWN
2016-04-03T01:39:34.000000;2016-04-03T01:39:34.000000;99aa9bc9-3773-419c-8db2-15c7808a2d9f;419.93;0.00401;UNKNOWN
2016-04-03T01:39:34.000000;2016-04-03T01:39:34.000000;f1078517-c645-4b9f-bc3d-d5c90595f379;419.95;0.03;UNKNOWN
2016-04-03T01:39:34.000000;2016-04-03T01:39:34.000000;dca0f5d0-6991-4b71-b8d1-e1a67efd34cc;419.96;0.03;UNKNOWN
2016-04-03T01:39:34.000000;2016-04-03T01:39:34.000000;f7fd1257-9ec7-421f-942f-1022512d8dbc;419.93;0.0004;UNKNOWN
2016-04-03T01:39:34.000000;2016-04-03T01:39:34.000000;c2ecf9ac-a0dd-470b-8a8e-b20972b73634;419.92;0.01;UNKNOWN
2016-04-03T01:40:01.000000;2016-04-03T01:40:01.000000;fb727c63-bd21-47e0-b045-3a33fe4d5849;419.93;0.00402;UNKNOWN
2016-04-03T01:40:01.000000;2016-04-03T01:40:01.000000;0826d8c3-6d95-48bc-9772-12cd38e8ae63;419.92;0.0203;UNKNOWN
2016-04-03T01:40:01.000000;2016-04-03T01:40:01.000000;8dab77fa-957e-42e0-8edd-a2d339f7bb5c;419.92;0.0195;UNKNOWN
2016-04-03T01:40:01.000000;2016-04-03T01:40:01.000000;a9cf12a8-a29e-4c10-b014-3679436996f0;419.92;0.019;UNKNOWN
2016-04-03T01:40:31.000000;2016-04-03T01:40:31.000000;04dc75ee-6217-49e0-aa58-9aa4774d13ba;419.97;0.27931;UNKNOWN
2016-04-03T01:40:31.000000;2016-04-03T01:40:31.000000;e7e8d40f-cd78-4d5e-8940-dee3161e7ca6;419.93;0.00598;UNKNOWN
2016-04-03T01:40:31.000000;2016-04-03T01:40:31.000000;44896b7f-80b0-45d8-af7c-a4a8e4a89fa8;419.95;0.03;UNKNOWN
2016-04-03T01:40:31.000000;2016-04-03T01:40:31.000000;521eaafc-47d9-4b64-99b5-1ca23c0e937d;419.94;0.01;UNKNOWN
2016-04-03T01:40:31.000000;2016-04-03T01:40:31.000000;c5357da0-0c0b-4fbd-b768-8604581d74be;419.94;0.03;UNKNOWN
2016-04-03T01:40:31.000000;2016-04-03T01:40:31.000000;e0fed443-6637-4f6e-874f-2f5a216353bf;419.96;0.03;UNKNOWN
2016-04-03T01:40:31.000000;2016-04-03T01:40:31.000000;aca56907-e4a5-4c56-9760-1733e714d662;419.97;0.03;UNKNOWN
2016-04-03T01:41:01.000000;2016-04-03T01:41:01.000000;eb87febb-6e87-479b-b014-90843de20580;420.0;21.07570872;UNKNOWN
2016-04-03T01:41:01.000000;2016-04-03T01:41:01.000000;c4c28f23-da77-4c88-8b95-4fa1431ac6a1;419.99;2.458;UNKNOWN
2016-04-03T01:41:01.000000;2016-04-03T01:41:01.000000;5e810618-4fca-469d-a31b-dd61a4497f71;419.98;0.03;UNKNOWN
2016-04-03T01:41:01.000000;2016-04-03T01:41:01.000000;54048b7c-6fc2-425d-b408-270d7c660084;419.98;0.01007128;UNKNOWN
2016-04-03T01:41:31.000000;2016-04-03T01:41:31.000000;44a82f14-def1-4abc-a7b2-aa30be19d60b;419.99;0.38899;UNKNOWN
2016-04-03T01:42:31.000000;2016-04-03T01:42:31.000000;3683ead7-94aa-45cb-bb21-d7d2ff5707c1;419.99;0.08284;UNKNOWN
2016-04-03T01:43:01.000000;2016-04-03T01:43:01.000000;b75b33b3-b4f8-4de3-8620-45497b809a5a;419.99;0.58934;UNKNOWN
2016-04-03T01:43:31.000000;2016-04-03T01:43:31.000000;b81ee9b3-348b-4bcb-9fd8-1543512a52f6;420.0;0.16938;UNKNOWN
2016-04-03T01:44:01.000000;2016-04-03T01:44:01.000000;55fc6d85-5f18-4c3a-b0dd-c8adc0c6cdbb;420.0;1.86724;UNKNOWN
2016-04-03T01:44:22.000000;2016-04-03T01:44:22.000000;59e775ae-46b4-4eef-844a-774131cc50b2;419.97;0.2;UNKNOWN
2016-04-03T01:44:24.000000;2016-04-03T01:44:24.000000;28c18aeb-d3b6-4b7d-9240-78a61437c821;419.97;0.2;UNKNOWN
2016-04-03T01:44:27.000000;2016-04-03T01:44:27.000000;66c111fb-9a45-49ef-8e16-7c3fc52b28c6;419.97;0.2;UNKNOWN
2016-04-03T01:44:29.000000;2016-04-03T01:44:29.000000;47d217f1-b43c-4254-848c-5af4f5d59227;419.97;0.2;UNKNOWN
2016-04-03T01:44:31.000000;2016-04-03T01:44:31.000000;11462b07-9efa-455f-bc1a-6d662b834a24;419.97;0.2;UNKNOWN
2016-04-03T01:44:33.000000;2016-04-03T01:44:33.000000;c0170c27-035f-4b1f-8208-bd6f708d1b3d;419.97;0.2;UNKNOWN
2016-04-03T01:44:36.000000;2016-04-03T01:44:36.000000;2fbd62d2-7929-436e-b1ff-f935feb13dd0;419.97;0.2;UNKNOWN
2016-04-03T01:44:38.000000;2016-04-03T01:44:38.000000;6d4ad161-0ea0-4c7a-9b8e-84c00e469d45;419.97;0.2;UNKNOWN
2016-04-03T01:44:40.000000;2016-04-03T01:44:40.000000;b7805377-ecb9-4f7a-b0b4-4174b4644eb4;419.97;0.2;UNKNOWN
2016-04-03T01:44:43.000000;2016-04-03T01:44:43.000000;131d7d64-e978-4eea-93a8-540b66d26298;419.97;0.2;UNKNOWN
2016-04-03T01:44:45.000000;2016-04-03T01:44:45.000000;af240638-8b9c-4715-982b-9467ac955d80;419.97;0.2;UNKNOWN
2016-04-03T01:44:47.000000;2016-04-03T01:44:47.000000;b2856979-59bd-4e4e-bbc2-429422aa0d06;419.97;0.07;UNKNOWN
2016-04-03T01:44:47.000000;2016-04-03T01:44:47.000000;af5f8d18-5f75-4190-b674-f9dbfe966ba5;419.97;0.13;UNKNOWN
2016-04-03T01:44:49.000000;2016-04-03T01:44:49.000000;06dce6b5-0d44-4556-b83a-78959174c3ce;419.97;0.2;UNKNOWN
2016-04-03T01:44:51.000000;2016-04-03T01:44:51.000000;1048c7b1-cdc3-4205-bd89-ec9cd3e3163a;419.97;0.2;UNKNOWN
2016-04-03T01:44:54.000000;2016-04-03T01:44:54.000000;c94bd311-fc1d-40ba-b71d-beaebd388ad7;419.97;0.2;UNKNOWN
2016-04-03T01:44:56.000000;2016-04-03T01:44:56.000000;9b84c9c1-53a0-4425-83a6-a0d7d4b5ff2e;419.97;0.2;UNKNOWN
2016-04-03T01:44:58.000000;2016-04-03T01:44:58.000000;3a4bf798-b38a-42bc-8d5e-b3f067c6c337;419.97;0.2;UNKNOWN
2016-04-03T01:45:00.000000;2016-04-03T01:45:00.000000;df9217aa-6a63-4e7a-b523-080824a5ef3e;419.97;0.2;UNKNOWN
2016-04-03T01:45:03.000000;2016-04-03T01:45:03.000000;16cb8e5a-1536-4a35-aba5-5e3716f64676;419.97;0.2;UNKNOWN
2016-04-03T01:45:05.000000;2016-04-03T01:45:05.000000;abf9bfa2-3593-45ba-98d6-c9a30425d351;419.96;0.03;UNKNOWN
2016-04-03T01:45:05.000000;2016-04-03T01:45:05.000000;d913c43c-7b39-4e37-b8a2-e7642fc3cfa4;419.95;0.03;UNKNOWN
2016-04-03T01:45:05.000000;2016-04-03T01:45:05.000000;900e89bb-6dc7-429b-bd7c-2acb5766214a;419.96;0.12;UNKNOWN
2016-04-03T01:45:05.000000;2016-04-03T01:45:05.000000;c58a5bd5-60f3-4d98-8bc5-3a107964846e;419.94;0.02;UNKNOWN
2016-04-03T01:45:07.000000;2016-04-03T01:45:07.000000;24190da5-c915-48df-ab03-395318325af9;419.94;0.01;UNKNOWN
2016-04-03T01:45:07.000000;2016-04-03T01:45:07.000000;a583e332-a661-4b16-ae9d-3f29820f5b08;419.94;0.111;UNKNOWN
2016-04-03T01:45:31.000000;2016-04-03T01:45:31.000000;24d75032-597e-4334-9b4d-7d983b26c12b;420.0;4.01656424;UNKNOWN
2016-04-03T01:45:31.000000;2016-04-03T01:45:31.000000;ff826818-a666-4152-a0ef-426485e88232;420.0;2.64942576;UNKNOWN
2016-04-03T01:45:31.000000;2016-04-03T01:45:31.000000;eda6d8a0-5ef4-4419-809b-c4ac3e8fc9aa;419.98;0.03;UNKNOWN
2016-04-03T01:45:31.000000;2016-04-03T01:45:31.000000;e17bcaeb-778f-407e-8baa-731cae17ff24;419.96;0.03;UNKNOWN
2016-04-03T01:45:31.000000;2016-04-03T01:45:31.000000;b22a8a7c-b039-4330-88a0-79789eeca0c1;419.97;0.03;UNKNOWN
2016-04-03T01:46:01.000000;2016-04-03T01:46:01.000000;610392b2-da8e-41fb-88ba-7f3a2c77a84b;419.96;0.03;UNKNOWN
2016-04-03T01:46:01.000000;2016-04-03T01:46:01.000000;3e2336e0-1bdd-4c71-be92-eaeb0ff4c12d;419.96;0.83228;UNKNOWN
2016-04-03T01:46:31.000000;2016-04-03T01:46:31.000000;2da88f1e-75c5-47d8-936c-2af4413ee6ed;419.94;0.3;UNKNOWN
2016-04-03T01:46:31.000000;2016-04-03T01:46:31.000000;6b067a04-1831-496f-9fdc-2c1c782a7d15;419.92;0.01;UNKNOWN
2016-04-03T01:46:31.000000;2016-04-03T01:46:31.000000;aafb2408-0128-47bc-93f2-5ccf450d3b48;419.93;0.03;UNKNOWN
2016-04-03T01:46:31.000000;2016-04-03T01:46:31.000000;3def6eb2-0241-4e6a-878b-1b5ae04b59ca;419.94;0.03;UNKNOWN
2016-04-03T01:46:31.000000;2016-04-03T01:46:31.000000;b1be67f6-7b0b-4d3c-bc7a-216f72d05176;419.87;0.03;UNKNOWN
2016-04-03T01:46:31.000000;2016-04-03T01:46:31.000000;a153879b-fb2d-4a43-92aa-45a688f253b2;419.95;0.03;UNKNOWN
2016-04-03T01:46:31.000000;2016-04-03T01:46:31.000000;a37b3b8e-0fac-4713-a52e-ee317e1b4929;419.93;0.01;UNKNOWN
2016-04-03T01:46:31.000000;2016-04-03T01:46:31.000000;f334f0c5-9cb5-4ef3-95e7-1a3e5389d3bf;419.96;3.29772;UNKNOWN
2016-04-03T01:46:31.000000;2016-04-03T01:46:31.000000;13bab268-cc4d-4eb3-8891-086e68fff218;419.88;0.03;UNKNOWN
2016-04-03T01:46:31.000000;2016-04-03T01:46:31.000000;d9eeb904-b39b-4cf0-ac9d-6913b195723a;419.87;0.52771;UNKNOWN
2016-04-03T01:46:31.000000;2016-04-03T01:46:31.000000;e08edefa-2de2-4033-8ebb-33340543c3e8;419.92;0.03;UNKNOWN
2016-04-03T01:46:31.000000;2016-04-03T01:46:31.000000;c9996d8e-3c8a-486f-a430-e77f46ba1ef3;419.91;0.03;UNKNOWN
2016-04-03T01:46:31.000000;2016-04-03T01:46:31.000000;10dd2000-35ad-4dde-b255-108f09f29cb8;419.9;0.03;UNKNOWN
2016-04-03T01:46:31.000000;2016-04-03T01:46:31.000000;396b7023-7353-48ae-aa1e-80c237e7aca6;419.9;0.0115;UNKNOWN
2016-04-03T01:46:31.000000;2016-04-03T01:46:31.000000;53b7d937-bafe-4edb-acb2-f3c65dc84a3c;419.89;0.03;UNKNOWN
2016-04-03T01:46:31.000000;2016-04-03T01:46:31.000000;59790d33-ee7a-4661-a2ac-d8e99ab5884d;419.9;0.01;UNKNOWN
2016-04-03T01:46:31.000000;2016-04-03T01:46:31.000000;a936b4cf-9ce0-4e20-acec-8a5c39141edc;419.9;0.0115;UNKNOWN
2016-04-03T01:47:01.000000;2016-04-03T01:47:01.000000;21a8fb67-4088-4e86-96d9-248489691193;419.87;0.04352;UNKNOWN
2016-04-03T01:47:31.000000;2016-04-03T01:47:31.000000;584316d0-80b3-475c-95bf-2215c9685cbb;419.89;0.03;UNKNOWN
2016-04-03T01:47:31.000000;2016-04-03T01:47:31.000000;c66e0bb2-447d-4398-93c4-c1100f007ed1;419.92;0.03;UNKNOWN
2016-04-03T01:47:31.000000;2016-04-03T01:47:31.000000;7bbcfec7-cb9e-40cf-ac22-d1a2e6e5896f;419.91;0.03;UNKNOWN
2016-04-03T01:47:31.000000;2016-04-03T01:47:31.000000;df897340-2f36-4452-9384-d39a2d9810c3;419.96;0.1414;UNKNOWN
2016-04-03T01:47:31.000000;2016-04-03T01:47:31.000000;742384e7-8268-49e7-a862-cec3bfeef8ed;419.96;0.03;UNKNOWN
2016-04-03T01:47:31.000000;2016-04-03T01:47:31.000000;e8dd9b95-0d3a-4c04-a050-3312e9d6fe3d;419.9;0.03;UNKNOWN
2016-04-03T01:47:31.000000;2016-04-03T01:47:31.000000;b7753dd2-cdbf-4978-8733-6f4dd6764275;419.94;0.03;UNKNOWN
2016-04-03T01:47:31.000000;2016-04-03T01:47:31.000000;545d1595-84d7-49e8-8724-de0fbe484d0e;419.95;0.03;UNKNOWN
2016-04-03T01:47:31.000000;2016-04-03T01:47:31.000000;eaf4b2bf-a1a0-45b4-9697-619daad386c5;419.91;0.01;UNKNOWN
2016-04-03T01:47:31.000000;2016-04-03T01:47:31.000000;cb0988b7-f13a-40db-a9b5-46ef4f8b2cc5;419.94;0.01;UNKNOWN
2016-04-03T01:47:31.000000;2016-04-03T01:47:31.000000;108af50d-fd42-478e-9ea4-63bab3ccb234;419.93;0.03;UNKNOWN
2016-04-03T01:47:31.000000;2016-04-03T01:47:31.000000;90946564-dd21-4260-8005-41f6297953a2;419.93;0.01;UNKNOWN
2016-04-03T01:48:31.000000;2016-04-03T01:48:31.000000;5b8f44d8-df64-4596-800e-6abd534dd640;419.97;0.03;UNKNOWN
2016-04-03T01:48:31.000000;2016-04-03T01:48:31.000000;58111b4b-295d-4700-b820-aa9b4c86bb1c;419.98;0.3;UNKNOWN
2016-04-03T01:48:31.000000;2016-04-03T01:48:31.000000;8c200321-9d4f-4e98-9991-a0b3552cbcd8;420.0;0.43213;UNKNOWN
2016-04-03T01:48:31.000000;2016-04-03T01:48:31.000000;3c660800-d94b-4601-923f-4e85e95f1b8d;419.98;0.03;UNKNOWN
2016-04-03T01:48:43.000000;2016-04-03T01:48:43.000000;4aeae20d-cdc3-47b6-b71a-a937f3ccf291;419.97;0.01;UNKNOWN
2016-04-03T01:48:43.000000;2016-04-03T01:48:43.000000;4800f96f-9708-4858-bd52-520a5b52dca4;420.0;0.1287;UNKNOWN
2016-04-03T01:48:43.000000;2016-04-03T01:48:43.000000;a6e761cf-2923-47e8-a97f-77b02fbda325;420.0;0.0113;UNKNOWN
2016-04-03T01:49:31.000000;2016-04-03T01:49:31.000000;786ffc5a-aa77-4add-9063-ec7187646f7c;420.0;0.16092;UNKNOWN
2016-04-03T01:49:31.000000;2016-04-03T01:49:31.000000;35ae01bd-6516-4e44-acea-5f1bd29d7846;419.98;0.01;UNKNOWN
2016-04-03T01:49:31.000000;2016-04-03T01:49:31.000000;74bba807-f843-4648-a9da-94f19f7750c0;420.0;0.42787;UNKNOWN
2016-04-03T01:50:01.000000;2016-04-03T01:50:01.000000;791b0f5b-4002-474b-9a83-9a497554f7ea;420.0;0.08215;UNKNOWN
2016-04-03T01:50:31.000000;2016-04-03T01:50:31.000000;c1acc4c8-799d-4430-99f7-859a41f224db;420.0;0.47186;UNKNOWN
2016-04-03T01:51:31.000000;2016-04-03T01:51:31.000000;b1fb5e0d-9b29-421e-8cf7-40b9ffb9d55b;420.0;0.05892;UNKNOWN
2016-04-03T01:52:01.000000;2016-04-03T01:52:01.000000;b2813364-fdb6-4d40-881e-f2a5591505be;420.0;1.0;UNKNOWN
