time_exchange;time_coinpai;guid;price;base_amount;taker_side
2016-01-19T00:00:08.697000;2016-01-19T00:00:08.717000;5d77acca-2a1a-4a17-8313-34ae2dc92022;384.79;0.27120934;SELL
2016-01-19T00:00:08.697000;2016-01-19T00:00:08.717000;47d20e10-f055-467a-a05c-fd72d149fd67;384.71;0.927;SELL
2016-01-19T00:00:08.697000;2016-01-19T00:00:08.717000;0e2a8c88-cd39-4d14-b664-7a0e4d84cb1a;384.7;1.03099066;SELL
2016-01-19T00:00:38.053000;2016-01-19T00:00:38.077000;fe7c049a-e40b-4145-95e1-3f566b27a86e;384.89;0.2447;BUY
2016-01-19T00:01:09.260000;2016-01-19T00:01:09.280000;bab0a7b3-1740-4be2-8d95-f065f2ee18e1;384.71;0.565;SELL
2016-01-19T00:01:09.260000;2016-01-19T00:01:09.280000;576d474a-1516-445e-b12e-f185b0b935ef;384.7;1.7077;SELL
2016-01-19T00:01:38.807000;2016-01-19T00:01:38.827000;09a5d9ea-6cce-4ed3-902f-8cfe4cf478aa;384.7;0.46821401;SELL
2016-01-19T00:01:38.807000;2016-01-19T00:01:38.827000;6ab9e6f2-a467-4766-9fa8-341c123907cf;384.67;0.01;SELL
2016-01-19T00:01:38.807000;2016-01-19T00:01:38.827000;e8cf671a-82d9-4388-9d60-a4e6f8e97130;384.61;0.91668599;SELL
2016-01-19T00:02:07.937000;2016-01-19T00:02:07.950000;4b8ae459-5ee2-4c27-ab28-5bf063fca831;384.65;0.098;BUY
2016-01-19T00:02:07.937000;2016-01-19T00:02:07.967000;8a95fd0d-1cc0-4a9c-be3e-006bbf7cae81;384.66;0.9699;BUY
2016-01-19T00:02:39.107000;2016-01-19T00:02:39.107000;1c0d48a8-6ac8-4a61-9aea-1bc24220bea0;384.63;0.01;SELL
2016-01-19T00:02:39.110000;2016-01-19T00:02:39.123000;be0e744b-6962-43a9-a6dd-675ea1b12169;384.63;0.8476;SELL
2016-01-19T00:03:08.147000;2016-01-19T00:03:08.153000;5206aca9-a8f9-44ff-a386-e194666beb7a;384.62;0.075;BUY
2016-01-19T00:03:08.147000;2016-01-19T00:03:08.170000;db62dac1-1d99-40fc-90df-31aac56ea9cb;384.64;2.5423;BUY
2016-01-19T00:03:22.087000;2016-01-19T00:03:22.093000;f8c0787e-1695-4426-b8ef-695410a451a6;384.62;0.121;SELL
2016-01-19T00:04:01.353000;2016-01-19T00:04:01.357000;fc6affbe-fba8-4d3c-9f8e-2cb163867a54;384.63;0.01;BUY
2016-01-19T00:04:08.820000;2016-01-19T00:04:08.827000;6a7b9808-e219-47bb-9f91-e81661c37735;384.61;1.2962;SELL
2016-01-19T00:04:10.197000;2016-01-19T00:04:10.200000;6585ddf4-d413-42ac-a77d-9bbd48ad5b8e;384.62;0.101;SELL
2016-01-19T00:04:38.130000;2016-01-19T00:04:38.123000;03af5338-8d79-44a1-8d8f-174c98c31e06;384.62;0.9882;SELL
2016-01-19T00:05:07.987000;2016-01-19T00:05:07.983000;8096bd85-65b0-4986-b14a-4569ee2774b2;384.64;1.6306;BUY
2016-01-19T00:06:09.203000;2016-01-19T00:06:09.250000;2e6991ef-b9a9-4e9a-8f7a-3e51bdead2c6;384.63;2.255;BUY
2016-01-19T00:06:38.893000;2016-01-19T00:06:38.940000;46d91479-ae5e-4952-abf4-4cc0d634a00a;384.63;0.7311;BUY
2016-01-19T00:07:03.510000;2016-01-19T00:07:03.563000;d96012ee-1b2a-41de-9674-1aa3445a1e45;384.63;0.17894581;BUY
2016-01-19T00:07:08.477000;2016-01-19T00:07:08.517000;bb83e55b-437a-4292-8664-564d278ba777;384.61;0.4439;SELL
2016-01-19T00:07:39.780000;2016-01-19T00:07:39.830000;f18a8cd3-dc6b-4d8b-a9c3-9a602424078c;384.62;0.3201;BUY
2016-01-19T00:08:30.577000;2016-01-19T00:08:30.610000;de712718-8d88-4b74-bef6-bce379823367;384.62;0.19408415;BUY
2016-01-19T00:08:30.577000;2016-01-19T00:08:30.627000;39afdc67-dd00-4e21-86bf-8303a6552f56;384.62;2.95;BUY
2016-01-19T00:08:30.577000;2016-01-19T00:08:30.627000;31190c77-250c-484f-b307-e7774ea7b128;384.64;2.16844394;BUY
2016-01-19T00:08:30.577000;2016-01-19T00:08:30.627000;6b7c01d0-d170-4a3a-9490-256eafd7b39a;384.68;0.082;BUY
2016-01-19T00:08:30.577000;2016-01-19T00:08:30.643000;fa1d0ce4-2e47-4291-bff2-6bb37746ab8f;384.7;0.01001001;BUY
2016-01-19T00:08:30.577000;2016-01-19T00:08:30.703000;f9bbccd2-a653-49d5-a016-12f0ec6b1bfb;384.73;0.089;BUY
2016-01-19T00:08:30.577000;2016-01-19T00:08:30.720000;d51fc9d2-e7bd-473e-92e3-48c07f974760;384.78;0.12;BUY
2016-01-19T00:08:30.577000;2016-01-19T00:08:30.720000;fef412aa-8d4a-42dc-84c4-b8a278c0dcfe;384.8;0.01001001;BUY
2016-01-19T00:08:30.577000;2016-01-19T00:08:30.720000;d961338b-97fd-428b-b259-c25e9547fd6f;384.81;0.01;BUY
2016-01-19T00:08:30.577000;2016-01-19T00:08:30.720000;9f82d8e2-9253-43d7-b143-3775f1961cae;384.81;0.02;BUY
2016-01-19T00:08:30.577000;2016-01-19T00:08:30.720000;277dabf8-dcf3-4678-9a55-162533598b44;384.83;0.092;BUY
2016-01-19T00:08:30.577000;2016-01-19T00:08:30.720000;5af70903-bff8-4296-93da-192398928f3a;384.88;0.073;BUY
2016-01-19T00:08:30.577000;2016-01-19T00:08:30.720000;c2772ead-f8b5-4d5e-a0b5-2bf92b5b6286;384.9;0.01;BUY
2016-01-19T00:08:30.577000;2016-01-19T00:08:30.720000;7aa00eb8-3c29-4a58-a617-1964c2238b1e;384.9;0.01001001;BUY
2016-01-19T00:08:30.577000;2016-01-19T00:08:30.720000;2ffc8c05-4977-4362-8068-94da9cebee00;384.95;0.06759188;BUY
2016-01-19T00:08:39.097000;2016-01-19T00:08:39.143000;d97cd548-dfc8-4a10-8242-9ff5d0d77ce4;384.98;0.103;BUY
2016-01-19T00:08:39.097000;2016-01-19T00:08:39.157000;9544f14d-6bf6-41bc-b898-8497986723cd;384.99;0.2368;BUY
2016-01-19T00:08:48.693000;2016-01-19T00:08:48.750000;418a626a-1d21-4269-a562-6b69aeae970e;384.98;0.01;BUY
2016-01-19T00:09:09.363000;2016-01-19T00:09:09.407000;893ca2a6-d7c0-47e9-be43-d84c5dbe472e;384.87;0.01;SELL
2016-01-19T00:09:09.363000;2016-01-19T00:09:09.423000;7f4d6644-f387-495b-8735-6d77891e31e5;384.75;0.015;SELL
2016-01-19T00:09:38.287000;2016-01-19T00:09:38.330000;3911e8ac-0614-4cca-a5f3-a8f67f3cc2a5;384.88;0.01;BUY
2016-01-19T00:09:38.287000;2016-01-19T00:09:38.330000;e6f1729f-099c-4ffa-a550-b6fa13c16b94;384.88;0.116;BUY
2016-01-19T00:09:38.287000;2016-01-19T00:09:38.330000;12741128-d2d7-4555-9d3e-9596179e8d82;384.92;0.2487;BUY
2016-01-19T00:10:09.530000;2016-01-19T00:10:09.580000;095d8187-8a59-4267-98ba-b781e795c676;384.92;0.095;BUY
2016-01-19T00:10:09.530000;2016-01-19T00:10:09.597000;cd0af3ef-4052-4306-985a-7a68d7d28647;384.97;0.074;BUY
2016-01-19T00:10:09.530000;2016-01-19T00:10:09.597000;375eac88-af82-4379-8aab-3b9d6c4cb826;384.98;0.9086;BUY
2016-01-19T00:10:39.457000;2016-01-19T00:10:39.487000;9676e434-e5ba-4074-899a-9a92498f4100;384.96;0.0909;BUY
2016-01-19T00:10:50.990000;2016-01-19T00:10:51.033000;5fb8c934-ddf5-47e3-b621-a4053e0f7820;384.96;0.01;SELL
2016-01-19T00:10:50.990000;2016-01-19T00:10:51.033000;981745ee-d4da-42f8-996a-d90ff5c0f31b;384.74;0.01;SELL
2016-01-19T00:10:50.990000;2016-01-19T00:10:51.033000;c606689c-596d-46a9-b627-89010f298bea;384.67;0.99;SELL
2016-01-19T00:10:50.990000;2016-01-19T00:10:51.033000;1b7e650f-0694-46e0-a490-93d4152a773c;384.66;0.1;SELL
2016-01-19T00:10:50.990000;2016-01-19T00:10:51.063000;870cca17-ccc0-439d-95d8-d09ba1bbec06;384.62;1.54;SELL
2016-01-19T00:10:50.990000;2016-01-19T00:10:51.063000;5f624e35-f2de-4045-ab13-4a473ab776ce;384.61;0.55011868;SELL
2016-01-19T00:10:50.990000;2016-01-19T00:10:51.063000;b032ddea-2866-4951-b7a2-662e5940026c;384.6;1.32;SELL
2016-01-19T00:10:50.990000;2016-01-19T00:10:51.063000;c93e89f9-9351-4c36-b269-b74115437a81;384.59;0.124;SELL
2016-01-19T00:10:50.990000;2016-01-19T00:10:51.063000;d0015a09-1d27-4099-a883-fad702416e17;384.57;1.65;SELL
2016-01-19T00:10:50.990000;2016-01-19T00:10:51.063000;a1fcc02a-3403-4928-b8a4-cf5655242533;384.56;0.5;SELL
2016-01-19T00:10:50.990000;2016-01-19T00:10:51.063000;b91d67e1-5912-4951-a760-57b72b219743;384.56;1.13;SELL
2016-01-19T00:10:50.993000;2016-01-19T00:10:51.063000;b1ec6545-d728-4c80-84f4-55f47d98f2dc;384.56;0.8;SELL
2016-01-19T00:10:50.993000;2016-01-19T00:10:51.080000;cfd96204-e0fe-49d5-b3e5-3c13448ffc7a;384.54;0.01;SELL
2016-01-19T00:10:50.993000;2016-01-19T00:10:51.097000;b1c97287-9090-4e90-941d-0f6236598d04;384.53;11.26588132;SELL
2016-01-19T00:11:08.613000;2016-01-19T00:11:08.643000;b9854f08-e858-4539-853d-569e91f79615;384.94;0.8727;BUY
2016-01-19T00:11:38.973000;2016-01-19T00:11:39.000000;e036d72f-7f8c-4c62-b72f-865f5ad08395;384.88;0.0597;BUY
2016-01-19T00:12:09.617000;2016-01-19T00:12:09.643000;5333ac6c-8e77-47f8-b8f6-f252f876ee17;384.81;1.1;BUY
2016-01-19T00:12:09.617000;2016-01-19T00:12:09.657000;c7e56323-501c-465c-a2b1-ebccac67dfe2;384.81;0.04;BUY
2016-01-19T00:12:09.617000;2016-01-19T00:12:09.657000;95c41b94-2b75-4b96-a108-1c9b4cbbe1e1;384.81;0.118;BUY
2016-01-19T00:12:09.617000;2016-01-19T00:12:09.673000;df9f9290-6285-4609-b310-4ba67037bb79;384.82;0.0879;BUY
2016-01-19T00:12:38.960000;2016-01-19T00:12:38.987000;d616b62f-ef66-49f5-8c83-d72a3c18c2a4;384.75;0.126;BUY
2016-01-19T00:12:38.963000;2016-01-19T00:12:39.000000;3a63421d-493a-4f2a-8ed5-9370c8832e3e;384.76;0.0767;BUY
2016-01-19T00:13:10.350000;2016-01-19T00:13:10.377000;bfd5866b-6e07-4ece-9f8e-b6eeacd93704;384.58;0.099;BUY
2016-01-19T00:13:10.350000;2016-01-19T00:13:10.393000;02cce150-40fd-4548-a623-58cec52aeada;384.58;1.124;BUY
2016-01-19T00:13:10.350000;2016-01-19T00:13:10.407000;e48d7a0d-7443-4e41-9da3-f180c6f97f88;384.59;0.66;BUY
2016-01-19T00:13:10.350000;2016-01-19T00:13:10.407000;50542c91-71c9-4a66-a46f-f18b732c9d08;384.6;1.0;BUY
2016-01-19T00:13:10.350000;2016-01-19T00:13:10.407000;e4bd95ea-4180-4241-a699-d471ca182428;384.61;1.262;BUY
2016-01-19T00:13:10.350000;2016-01-19T00:13:10.407000;c031159f-e5d6-4db0-b4b3-5e2e83b2a30f;384.63;0.125;BUY
2016-01-19T00:13:10.350000;2016-01-19T00:13:10.407000;53ad78e4-9f8d-4c03-aabe-fbaac08f9829;384.73;1.2188;BUY
2016-01-19T00:13:38.550000;2016-01-19T00:13:38.580000;26976d0d-b4e1-4199-bdb6-a4b5f5a1b2eb;384.57;0.01;SELL
2016-01-19T00:13:38.550000;2016-01-19T00:13:38.597000;2d795515-f233-47f0-add7-d9026082ce12;384.55;0.0072;SELL
2016-01-19T00:14:39.487000;2016-01-19T00:14:39.500000;97bef3cf-5d6f-4cfb-81c2-118025602bf3;384.53;0.113;BUY
2016-01-19T00:14:39.487000;2016-01-19T00:14:39.517000;75f792b5-52c6-4a30-922f-a42cd4b78618;384.53;0.0691;BUY
2016-01-19T00:15:38.647000;2016-01-19T00:15:38.673000;3a84aabd-5e94-4429-88c2-d4320acb8027;384.53;0.3148;BUY
2016-01-19T00:16:39.617000;2016-01-19T00:16:39.643000;c004bab0-8460-40fc-9825-b30731b4d130;384.53;1.865;BUY
2016-01-19T00:17:08.600000;2016-01-19T00:17:08.610000;607e934c-0c97-40ca-8bee-0589eed1cef7;384.53;0.8433;BUY
2016-01-19T00:17:39.237000;2016-01-19T00:17:39.250000;b754408d-1293-47e3-94b3-00a9b400bfff;384.53;0.0581;BUY
2016-01-19T00:18:09.713000;2016-01-19T00:18:09.720000;fda7dcc5-3057-4ba8-9bcc-0202dbfc0798;384.53;0.1553;BUY
2016-01-19T00:18:39.273000;2016-01-19T00:18:39.283000;af2cf29f-95cf-4d62-826a-1e81f8cef303;384.53;1.5137;BUY
2016-01-19T00:19:04.697000;2016-01-19T00:19:04.703000;697ebe32-0d6c-4780-a927-69274af1f438;384.52;3.20690467;SELL
2016-01-19T00:19:04.697000;2016-01-19T00:19:04.720000;5103641a-4d97-451a-9062-667eafec73bc;384.52;0.02;SELL
2016-01-19T00:19:04.697000;2016-01-19T00:19:04.737000;80af7e4e-7c7c-40ef-ba69-cc1e28b13071;384.5;1.0;SELL
2016-01-19T00:19:09.820000;2016-01-19T00:19:09.830000;49c81d26-9b6c-4e34-9dec-339ee4a12a96;384.5;0.2513;BUY
2016-01-19T00:19:24.470000;2016-01-19T00:19:24.487000;ca054bef-f9a8-450e-83e5-0704409cfaa0;384.49;0.01;SELL
2016-01-19T00:19:24.470000;2016-01-19T00:19:24.500000;4a5b3bbc-5391-4b27-b44c-7d3323e0c69b;384.43;0.22684044;SELL
2016-01-19T00:19:39.083000;2016-01-19T00:19:39.097000;fd2cbab1-2828-4fe2-a8d2-67b6f7192c84;384.47;0.111;BUY
2016-01-19T00:19:39.083000;2016-01-19T00:19:39.110000;bf102ef6-348b-4b3f-85ba-9cd1072a69d3;384.48;0.1469;BUY
2016-01-19T00:20:09.073000;2016-01-19T00:20:09.080000;c92d1495-8f7e-4090-a41d-9fbf960f6229;384.46;0.5798;BUY
2016-01-19T00:20:10.950000;2016-01-19T00:20:10.953000;9dab5793-d5ad-4d7f-85d8-a79059fb4a7c;384.46;0.00259456;BUY
2016-01-19T00:20:38.573000;2016-01-19T00:20:38.623000;3314d424-d23e-4c02-b673-79e1ae987c45;384.46;0.0784;BUY
2016-01-19T00:21:09.170000;2016-01-19T00:21:09.203000;10e6c860-91c1-49c9-8c5c-d98c89e5f2b5;384.46;0.2448;BUY
2016-01-19T00:21:39.403000;2016-01-19T00:21:39.453000;9aecfd48-d7f7-41a0-8731-238b1fac3e39;384.45;0.5;BUY
2016-01-19T00:21:39.403000;2016-01-19T00:21:39.453000;03431efd-ad9f-4f44-94d7-16cbcdb78ba8;384.46;0.02;BUY
2016-01-19T00:21:39.403000;2016-01-19T00:21:39.453000;1ac5abf2-b62e-4a1e-8cbb-04ee23e24670;384.46;0.5;BUY
2016-01-19T00:21:39.403000;2016-01-19T00:21:39.453000;3e28ab3d-aed6-4f72-9f61-58ce02dd5388;384.48;1.2931;BUY
2016-01-19T00:21:39.403000;2016-01-19T00:21:39.453000;b2204f17-7485-4d62-ad3d-5f497bd9bbab;384.49;1.76;BUY
2016-01-19T00:21:39.407000;2016-01-19T00:21:39.470000;90789381-624a-48d4-b95e-78ff59811332;384.5;1.3352;BUY
2016-01-19T00:22:09.773000;2016-01-19T00:22:09.797000;4c9ef726-85c3-4c22-9ff7-38c2b6e090be;384.45;0.2593;BUY
2016-01-19T00:22:38.760000;2016-01-19T00:22:38.797000;b24e9145-eade-4f7b-b8de-7685b047cbda;384.44;0.1098;BUY
2016-01-19T00:23:00.613000;2016-01-19T00:23:00.640000;2acd1306-8aa1-473b-bb74-ba1349b24fde;384.44;1.1652;BUY
2016-01-19T00:23:00.613000;2016-01-19T00:23:00.673000;9b98c0a6-3c73-4e66-be24-cee01921b7ec;384.45;0.2407;BUY
2016-01-19T00:23:00.613000;2016-01-19T00:23:00.673000;2d8c7c51-b4de-417c-a89f-cb713df4fdef;384.45;0.091;BUY
2016-01-19T00:23:00.613000;2016-01-19T00:23:00.673000;46dc0e23-5c85-4630-a8ee-90ad6e0a2b1b;384.46;0.5;BUY
2016-01-19T00:23:00.613000;2016-01-19T00:23:00.673000;5843d937-8a66-4934-985c-f1c77581a041;384.49;1.453;BUY
2016-01-19T00:23:00.613000;2016-01-19T00:23:00.673000;6a5f5d9d-8681-4f6c-a720-201de867b72a;384.5;1.91778;BUY
2016-01-19T00:23:08.363000;2016-01-19T00:23:08.390000;4803fe6e-3fc1-481c-8223-5de5c76e2e6b;384.48;0.5924;BUY
2016-01-19T00:23:40.753000;2016-01-19T00:23:40.813000;5ebe6535-a9b8-4d91-b83f-b26a0ebb44b8;384.47;0.5774;BUY
2016-01-19T00:24:08.763000;2016-01-19T00:24:08.797000;57c5485d-635c-434e-b233-9ee288987685;384.43;0.7855;SELL
2016-01-19T00:24:38.627000;2016-01-19T00:24:38.673000;20cf4c64-da3b-458a-ab50-d11a222894c7;384.44;0.0744;BUY
2016-01-19T00:24:59.273000;2016-01-19T00:24:59.313000;5e0e0018-90ef-4560-8393-e762fc11820b;384.43;1.75;SELL
2016-01-19T00:25:09.023000;2016-01-19T00:25:09.047000;6b40c7d3-0f26-4dea-aa84-4b6568dc62f1;384.44;0.0262;BUY
2016-01-19T00:25:40.153000;2016-01-19T00:25:40.203000;b54ebbc9-8fb7-425d-8e84-b88e3dc2c657;384.44;0.3994;BUY
2016-01-19T00:25:40.153000;2016-01-19T00:25:40.203000;ce03959f-2a07-4d20-ac2c-1fca658aab3e;384.45;0.4392;BUY
2016-01-19T00:26:10.403000;2016-01-19T00:26:10.437000;3e438b45-b691-4bfd-9bfb-3d0338e5f61e;384.45;0.0608;BUY
2016-01-19T00:26:10.403000;2016-01-19T00:26:10.470000;6a96423a-1563-47af-89ca-6062da3a6e7e;384.46;0.4804;BUY
2016-01-19T00:26:38.937000;2016-01-19T00:26:38.953000;fe7be56b-ed20-4aa3-8e9a-30aa141090fb;384.44;0.0588;SELL
2016-01-19T00:27:09.077000;2016-01-19T00:27:09.093000;4ed794b6-bad6-441e-af7f-ad0c388b426d;384.45;0.5;BUY
2016-01-19T00:27:09.077000;2016-01-19T00:27:09.110000;26e31e91-d800-4420-990f-ec80b11b3bbb;384.45;0.4873;BUY
2016-01-19T00:27:12.660000;2016-01-19T00:27:12.687000;c616db2a-b386-433a-ab1b-4821cb96ec71;384.44;0.4412;SELL
2016-01-19T00:27:12.663000;2016-01-19T00:27:12.703000;afcfdcdd-0f0b-4e2c-9707-151ef2222601;384.44;0.02;SELL
2016-01-19T00:27:12.663000;2016-01-19T00:27:12.703000;e45537d5-c386-4e94-886a-e4bf294c1b63;384.43;0.44456423;SELL
2016-01-19T00:28:10.147000;2016-01-19T00:28:10.173000;f402ebf8-38cf-4b80-b186-d246c91a58af;384.36;0.5;BUY
2016-01-19T00:28:10.147000;2016-01-19T00:28:10.187000;68a8eec2-df66-46b4-a018-d19ed6f56274;384.37;0.5;BUY
2016-01-19T00:28:10.147000;2016-01-19T00:28:10.187000;b677fb46-40ac-4001-8f4f-6648dea609f4;384.37;0.0034;BUY
2016-01-19T00:28:24.323000;2016-01-19T00:28:24.343000;e40d7d52-38a1-4732-ad33-0c20a961b43e;384.35;0.01;SELL
2016-01-19T00:28:24.323000;2016-01-19T00:28:24.360000;b8b00d41-c627-490b-bb46-a269418c7fda;384.35;0.74;SELL
2016-01-19T00:28:39.487000;2016-01-19T00:28:39.500000;e3426ff7-0478-40d1-9778-ff27d8bb3b00;384.37;0.0166;BUY
2016-01-19T00:28:39.487000;2016-01-19T00:28:39.530000;f8c5a313-9c93-48c5-b944-808ec5a1c7c6;384.37;0.0102;BUY
2016-01-19T00:28:51.090000;2016-01-19T00:28:51.110000;ae88fbae-1e5b-4f8a-96d8-b8cc155a5214;384.35;0.02;SELL
2016-01-19T00:28:51.090000;2016-01-19T00:28:51.127000;a1e111b2-6cde-48c8-8ca7-44065f5ee677;384.35;0.02;SELL
2016-01-19T00:29:10.120000;2016-01-19T00:29:10.140000;f555864e-4c9d-42e1-bace-91e47485344a;384.37;0.3812;BUY
2016-01-19T00:29:10.120000;2016-01-19T00:29:10.157000;86d4a0f3-ef30-4e1d-9f70-fc75f8227398;384.38;0.33908741;BUY
2016-01-19T00:29:10.120000;2016-01-19T00:29:10.157000;696472cc-8a0b-44c2-9483-52575bc8b84e;384.4;5.74911259;BUY
2016-01-19T00:29:39.060000;2016-01-19T00:29:39.077000;8d0d77bc-5727-48f4-9ada-ea1bcd4feaaa;384.36;0.1807;BUY
2016-01-19T00:29:54.780000;2016-01-19T00:29:54.797000;51656ed1-3999-4222-959f-22f76a31c963;384.36;0.3193;BUY
2016-01-19T00:30:09.337000;2016-01-19T00:30:09.343000;b18e695f-c520-4ed3-80b6-af8ffd0afaa5;384.37;0.5;BUY
2016-01-19T00:30:09.337000;2016-01-19T00:30:09.360000;e17b7d71-a7b2-48a5-aed4-26c3716c08d3;384.39;0.25;BUY
2016-01-19T00:30:09.337000;2016-01-19T00:30:09.360000;2a04b9d6-bd31-493b-b51b-fb98808644f8;384.4;1.8564;BUY
2016-01-19T00:30:39.800000;2016-01-19T00:30:39.813000;5e3d5fe7-933b-4d95-82ec-0934b2f15219;384.37;0.1843;SELL
2016-01-19T00:31:09.437000;2016-01-19T00:31:09.453000;ce1ada55-536e-47df-9e17-e8ec4889a1ed;384.37;2.184;SELL
2016-01-19T00:31:09.437000;2016-01-19T00:31:09.470000;8e867b62-b553-47aa-a3ee-8dc79a7e16d8;384.37;3.8577;SELL
2016-01-19T00:31:41.560000;2016-01-19T00:31:41.577000;a7cee2da-4640-4b7a-a5ef-9bde172e4d38;384.37;0.2;SELL
2016-01-19T00:32:09.677000;2016-01-19T00:32:09.687000;2613f925-9c64-4682-9a8e-106aad6c2c92;384.37;3.86;BUY
2016-01-19T00:32:09.677000;2016-01-19T00:32:09.703000;02937eb6-361d-42ff-afbd-da8de028dc9b;384.38;0.5;BUY
2016-01-19T00:32:09.677000;2016-01-19T00:32:09.703000;18267956-52ba-4e11-bc3b-5cc454368ffa;384.38;0.02;BUY
2016-01-19T00:32:09.680000;2016-01-19T00:32:09.720000;ad6c2b0e-f4fc-49e2-a4cc-a002ed0b894b;384.39;0.5;BUY
2016-01-19T00:32:09.680000;2016-01-19T00:32:09.720000;7ad4a1fb-fd85-417f-8c53-fe0536538d01;384.4;11.48872318;BUY
2016-01-19T00:32:09.680000;2016-01-19T00:32:09.720000;3357a3e5-61f7-44aa-87f7-3b7383cd1f60;384.46;1.1107435;BUY
2016-01-19T00:32:09.680000;2016-01-19T00:32:09.720000;6251dfb4-930a-4bab-8024-e46b1da42d4c;384.48;0.159;BUY
2016-01-19T00:32:09.680000;2016-01-19T00:32:09.720000;3795addf-a550-44ee-836f-b6e784e94fdf;384.5;0.193;BUY
2016-01-19T00:32:09.680000;2016-01-19T00:32:09.750000;197d5848-d06c-4f74-b1c0-41285917d6cc;384.51;0.132;BUY
2016-01-19T00:32:09.680000;2016-01-19T00:32:09.750000;1d39cfab-9481-4983-a089-d03b06740476;384.53;0.01;BUY
2016-01-19T00:32:09.680000;2016-01-19T00:32:09.750000;c68a7522-2f00-4e6c-a1a6-70ad0e3a95ef;384.55;0.92638;BUY
2016-01-19T00:32:09.680000;2016-01-19T00:32:09.750000;209ce130-b6fa-4a74-bb58-2314b352dd70;384.56;0.173;BUY
2016-01-19T00:32:09.680000;2016-01-19T00:32:09.750000;d08315a9-d3f9-4ee9-ade7-ad6242271b86;384.6;0.01001001;BUY
2016-01-19T00:32:09.680000;2016-01-19T00:32:09.750000;5c9f201a-cc19-41de-bbe0-8a3b3b375d9b;384.61;0.181;BUY
2016-01-19T00:32:09.680000;2016-01-19T00:32:09.750000;3ab2e7ec-9efe-49a7-b96a-2aa9a562557b;384.66;4.51;BUY
2016-01-19T00:32:09.680000;2016-01-19T00:32:09.750000;80155605-1406-4bca-aca0-fc0c883d1ef7;384.67;0.111;BUY
2016-01-19T00:32:09.680000;2016-01-19T00:32:09.780000;8412a933-8155-4cc5-b727-c00900e93e42;384.69;2.31;BUY
2016-01-19T00:32:09.680000;2016-01-19T00:32:09.797000;f0ed5a05-cad5-48ee-88a0-880b2cc15655;384.7;0.01001001;BUY
2016-01-19T00:32:09.680000;2016-01-19T00:32:09.797000;4137af2d-fd61-4746-800b-763182cef973;384.7;1.5933333;BUY
2016-01-19T00:32:39.197000;2016-01-19T00:32:39.220000;234fee6c-5caa-4b52-b82d-20af82f17e06;384.5;0.02;SELL
2016-01-19T00:32:39.200000;2016-01-19T00:32:39.220000;f1c9ebc5-ba3a-4a77-b220-25048d52f232;384.5;0.054;SELL
2016-01-19T00:33:17.910000;2016-01-19T00:33:17.937000;6680d7f6-a738-4628-a2d1-58f7f6719e0c;384.5;2.086;SELL
2016-01-19T00:33:17.913000;2016-01-19T00:33:17.937000;46d0227b-6921-4c3d-a023-29183354812b;384.5;0.8;SELL
2016-01-19T00:33:39.103000;2016-01-19T00:33:39.110000;08e3d262-9fda-4233-b6c3-e042ef5d38f5;384.47;0.01;SELL
2016-01-19T00:33:39.103000;2016-01-19T00:33:39.127000;aa4b0f8f-db69-4134-9ddc-484defb8e3e8;384.39;0.2795;SELL
2016-01-19T00:34:10.273000;2016-01-19T00:34:10.280000;94a1b9f0-f4da-465f-8a6d-1ae6c83f2624;384.38;0.5;BUY
2016-01-19T00:34:10.273000;2016-01-19T00:34:10.297000;af0cfbff-a50a-4b9c-8cc5-b3177448b126;384.48;0.33;BUY
2016-01-19T00:34:10.273000;2016-01-19T00:34:10.297000;6ec771b2-fb95-4446-bf39-7f78360621b1;384.49;1.5403;BUY
2016-01-19T00:34:10.273000;2016-01-19T00:34:10.297000;e15d0351-be96-4213-ba70-720d648cf90d;384.5;5.3524;BUY
2016-01-19T00:35:11.180000;2016-01-19T00:35:11.173000;302c51d5-1926-464f-83a4-05de9efacc8f;384.41;0.0268;BUY
2016-01-19T00:35:39.237000;2016-01-19T00:35:39.250000;1dd634b1-d9e8-4ad7-93ea-1a668bc51512;384.41;0.4732;BUY
2016-01-19T00:35:39.237000;2016-01-19T00:35:39.250000;082e6acf-e143-4896-8b7a-6d6c48549b9e;384.41;0.039;BUY
2016-01-19T00:36:18.200000;2016-01-19T00:36:18.240000;2ac7e1e7-52ed-4612-94f1-bb81d27a3716;384.41;0.51898037;BUY
2016-01-19T00:36:38.897000;2016-01-19T00:36:38.930000;db7af67e-f6cc-47d6-9c42-3aead2ca7480;384.41;0.0503;BUY
2016-01-19T00:37:11.270000;2016-01-19T00:37:11.303000;e82b01f1-9ef3-4844-88ef-d57e7ab18eaa;384.41;3.8749;SELL
2016-01-19T00:37:39.633000;2016-01-19T00:37:39.663000;fd12d782-8ec9-42d6-a0a5-ae3ef7a7d841;384.42;0.02;BUY
2016-01-19T00:37:39.633000;2016-01-19T00:37:39.680000;1a0da682-6988-47c4-9a18-a2c63fc94f23;384.47;0.27;BUY
2016-01-19T00:37:39.633000;2016-01-19T00:37:39.680000;a932a6e0-cbd2-445a-9fa3-f631aaad0404;384.49;0.3665;BUY
2016-01-19T00:38:10.907000;2016-01-19T00:38:10.943000;1300c392-e8fb-419a-b854-25115ab3a0cf;384.48;0.02;BUY
2016-01-19T00:38:10.907000;2016-01-19T00:38:10.960000;0323d254-4d28-4155-89a9-38aa3ebde262;384.49;0.243;BUY
2016-01-19T00:38:40.007000;2016-01-19T00:38:40.037000;66dae621-9be5-4d41-94dd-1c8a66497246;384.49;0.34361963;BUY
2016-01-19T00:38:40.007000;2016-01-19T00:38:40.053000;8914b606-898a-4b95-a506-550a50e99e25;384.5;0.93108037;BUY
2016-01-19T00:39:09.063000;2016-01-19T00:39:09.083000;53b10bc0-a5bc-470b-915c-79f89dd292a8;384.5;0.2641;BUY
2016-01-19T00:39:39.757000;2016-01-19T00:39:39.787000;fbae56dd-c666-4518-91de-2a33267ed0d2;384.5;4.9855;BUY
2016-01-19T00:40:05.830000;2016-01-19T00:40:05.850000;e69ab7f4-adea-4c77-a117-fa7029437bbb;384.49;0.2;SELL
2016-01-19T00:40:09.530000;2016-01-19T00:40:09.553000;e5b0b9a8-77ff-4a0e-b936-5bd4d8ac0178;384.49;1.25;SELL
2016-01-19T00:40:09.530000;2016-01-19T00:40:09.570000;fb9246ea-0399-4147-9563-6c4670b1695f;384.49;25.0;SELL
2016-01-19T00:40:09.533000;2016-01-19T00:40:09.570000;958ed6c6-113c-4ce6-8efe-8f1dd3586530;384.49;0.02;SELL
2016-01-19T00:40:09.533000;2016-01-19T00:40:09.570000;69792cc1-04f4-4649-947b-60f12f179240;384.49;4.49;SELL
2016-01-19T00:40:09.533000;2016-01-19T00:40:09.583000;b7c3b4a4-2609-44c7-83ba-936ebe4e5224;384.49;0.8;SELL
2016-01-19T00:40:09.533000;2016-01-19T00:40:09.680000;331d5a21-80b2-4c32-93ed-67fe7e3690e0;384.49;0.37;SELL
2016-01-19T00:40:09.533000;2016-01-19T00:40:09.680000;f51756ca-7851-42d1-a663-26b4136dcbc0;384.48;1.422;SELL
2016-01-19T00:40:09.533000;2016-01-19T00:40:09.680000;40f891c9-4071-4c31-9dfd-527a1bd6cd07;384.47;4.29;SELL
2016-01-19T00:40:09.533000;2016-01-19T00:40:09.680000;1f00b6f5-ea35-4137-a66e-86f3f0ca9403;384.46;0.2115;SELL
2016-01-19T00:40:29.713000;2016-01-19T00:40:29.740000;3beb592e-e8b0-4dcf-b05d-bb94afe980ce;384.48;1.279;BUY
2016-01-19T00:40:35.403000;2016-01-19T00:40:35.430000;717a9bf1-fd5f-4a60-93a7-8bf26d6715d2;384.48;2.14;BUY
2016-01-19T00:40:39.460000;2016-01-19T00:40:39.477000;22dd7e7a-55a0-4b23-9dcf-30f3adaec992;384.48;1.4143;BUY
2016-01-19T00:41:03.953000;2016-01-19T00:41:03.977000;f34f0873-41f6-45de-beca-c53b15ec1ecb;384.48;0.02;BUY
2016-01-19T00:41:10.813000;2016-01-19T00:41:10.833000;bc1b1cdb-f68b-4b56-9ca3-e3a6267defac;384.47;2.962;BUY
2016-01-19T00:41:26.790000;2016-01-19T00:41:26.820000;7052e90f-bfd8-44cc-b004-0e82fca736d7;384.49;0.01;BUY
2016-01-19T00:41:40.057000;2016-01-19T00:41:40.083000;e7949882-7967-4ba3-9920-63e392e0a20c;384.48;0.2585;BUY
2016-01-19T00:42:10.093000;2016-01-19T00:42:10.117000;34818d7f-e67a-48d8-8881-b7e39a49bf80;384.48;0.3;BUY
2016-01-19T00:42:10.093000;2016-01-19T00:42:10.133000;11d21c36-41a7-4f4d-abf1-e12bd2b6d0d8;384.48;0.24;BUY
2016-01-19T00:42:10.093000;2016-01-19T00:42:10.133000;f5c951b5-3a9b-419d-9094-6e5c624de3c1;384.6;0.01001001;BUY
2016-01-19T00:42:10.093000;2016-01-19T00:42:10.147000;39afe4f7-4131-43dd-a484-121e70aea363;384.62;0.33;BUY
2016-01-19T00:42:10.093000;2016-01-19T00:42:10.147000;de440d4c-e770-41cd-81d2-06d0fcb1ff32;384.63;0.8;BUY
2016-01-19T00:42:10.093000;2016-01-19T00:42:10.210000;ebf0a0bc-6685-41da-8174-bb48d64d4a38;384.65;0.01;BUY
2016-01-19T00:42:10.093000;2016-01-19T00:42:10.210000;51bb792d-5479-4b41-9880-d86a11a66d77;384.7;0.01001001;BUY
2016-01-19T00:42:10.093000;2016-01-19T00:42:10.210000;1fd0444b-a984-41cb-8848-0f46e77607a4;384.74;3.19;BUY
2016-01-19T00:42:10.093000;2016-01-19T00:42:10.210000;29ced622-6a43-4982-be20-6cb514729b8d;384.75;1.31797998;BUY
2016-01-19T00:42:39.527000;2016-01-19T00:42:39.537000;25a8e6c5-5fd8-4380-b3ea-de823d3e602b;384.75;0.0931;BUY
2016-01-19T00:43:03.570000;2016-01-19T00:43:03.583000;6a56e56d-b0a0-40ee-96ac-9b7b05d41cb0;384.74;0.025;BUY
2016-01-19T00:43:07.473000;2016-01-19T00:43:07.490000;a693c2ea-68f3-4722-9c51-73f087670682;384.75;0.01;BUY
2016-01-19T00:43:09.370000;2016-01-19T00:43:09.397000;5ccb029f-ad3f-465f-888c-907e85cb0211;384.68;0.395;SELL
2016-01-19T00:43:09.373000;2016-01-19T00:43:09.413000;2f5409b9-7da4-4448-a2d7-6945410b59ff;384.68;0.428;SELL
2016-01-19T00:43:09.373000;2016-01-19T00:43:09.413000;82a918a7-4310-49a6-be1e-52a90029c6be;384.63;0.381;SELL
2016-01-19T00:43:09.373000;2016-01-19T00:43:09.413000;77d42e89-8559-4a5d-931e-dcf6a30fda97;384.59;0.05;SELL
2016-01-19T00:43:09.373000;2016-01-19T00:43:09.430000;373e88ef-f797-4240-86b9-d3c9be907acc;384.58;0.401;SELL
2016-01-19T00:43:09.373000;2016-01-19T00:43:09.443000;2f522df9-fa73-493b-9316-7a520568f776;384.56;1.204;SELL
2016-01-19T00:43:09.373000;2016-01-19T00:43:09.443000;3d31dabe-01a2-4da1-9c15-53981e2a61f4;384.48;6.27;SELL
2016-01-19T00:43:09.373000;2016-01-19T00:43:09.443000;9212678a-2c65-4bb3-a47b-cc8b01bbe18a;384.47;0.01;SELL
2016-01-19T00:43:09.373000;2016-01-19T00:43:09.443000;df1ec28c-e376-40e3-9772-9b4ff7cbe6d7;384.46;0.22;SELL
2016-01-19T00:43:09.373000;2016-01-19T00:43:09.443000;4de2e28e-b416-40a6-ac09-b802da4eede6;384.45;0.02;SELL
2016-01-19T00:43:09.373000;2016-01-19T00:43:09.460000;d904de7b-d082-4a32-843f-8a31511d8920;384.45;1.588;SELL
2016-01-19T00:43:09.373000;2016-01-19T00:43:09.460000;88222d92-6195-407c-b127-83a3319bd31c;384.43;1.9082;SELL
2016-01-19T00:43:19.507000;2016-01-19T00:43:19.523000;a098ce06-00ba-4be2-8455-e9f7a0ad0157;384.7;0.277;SELL
2016-01-19T00:43:19.507000;2016-01-19T00:43:19.537000;d978c0a2-a943-4810-8a43-ce4c460b3219;384.69;1.217;SELL
2016-01-19T00:43:39.670000;2016-01-19T00:43:39.680000;2a68991d-fbfc-428f-8967-3ff611b42744;384.6;0.2107;BUY
2016-01-19T00:45:11.263000;2016-01-19T00:45:11.273000;717f2200-d088-4e0a-8ca9-5792c4584d09;384.57;2.8553;BUY
2016-01-19T00:45:41.563000;2016-01-19T00:45:41.570000;a699f1d1-1271-4d96-a044-8405a6141b32;384.57;2.8327;BUY
2016-01-19T00:46:10.097000;2016-01-19T00:46:10.100000;407a9b52-4418-42a9-ab1a-a88915d6a6e2;384.57;5.4754;BUY
2016-01-19T00:46:14.353000;2016-01-19T00:46:14.367000;b8e509d5-eb44-4297-a429-4cccee2b30bc;384.57;2.804;BUY
2016-01-19T00:46:40.563000;2016-01-19T00:46:40.570000;b65ab998-b4d9-4bba-88ab-970f865b4216;384.57;0.0518;BUY
2016-01-19T00:47:10.437000;2016-01-19T00:47:10.443000;3baa3488-9aab-4db1-81a4-723d922a348d;384.57;1.1577;BUY
2016-01-19T00:47:14.223000;2016-01-19T00:47:14.227000;ec0d3c25-86b1-4bb9-a9a3-3799a30e3c2b;384.57;2.448;BUY
2016-01-19T00:47:26.153000;2016-01-19T00:47:26.163000;4cac54f0-ea56-416d-b2e4-7e0a861c6a32;384.57;0.01;BUY
2016-01-19T00:47:39.377000;2016-01-19T00:47:39.383000;6b092194-8960-4c4c-b866-a93f817fb570;384.57;0.7578;BUY
2016-01-19T00:47:45.073000;2016-01-19T00:47:45.087000;679910bd-c22a-46a9-9116-c0ff838bc2c9;384.57;0.01;BUY
2016-01-19T00:48:09.327000;2016-01-19T00:48:09.337000;97eec38f-551f-40cf-967d-5e08577b5bc7;384.56;0.01001001;SELL
2016-01-19T00:48:11.707000;2016-01-19T00:48:11.710000;fec17f26-5aaa-4bb5-b9f2-00142dbfba55;384.57;0.2045;BUY
2016-01-19T00:48:39.747000;2016-01-19T00:48:39.740000;25f9b845-a268-4562-837e-d667b950c976;384.57;0.0277;BUY
2016-01-19T00:49:39.717000;2016-01-19T00:49:39.710000;f427c4aa-81ee-4d8f-a5f8-78e4ca22a49c;384.57;0.4902;BUY
2016-01-19T00:50:10.290000;2016-01-19T00:50:10.287000;8c269e72-202c-430b-ad1f-076bbe868a3b;384.57;2.5751;BUY
2016-01-19T00:50:39.387000;2016-01-19T00:50:39.383000;44ce5473-759e-4b45-9ab3-81038335d099;384.57;0.151;BUY
2016-01-19T00:50:55.103000;2016-01-19T00:50:55.100000;938701f2-1477-418d-b159-6bee6740221a;384.57;0.01;BUY
2016-01-19T00:51:09.623000;2016-01-19T00:51:09.663000;9f02fb32-aecb-4475-8079-ce12cf4cd778;384.57;0.393;BUY
2016-01-19T00:51:41.067000;2016-01-19T00:51:41.103000;d17150a9-940e-40dc-8270-cea49f5585eb;384.57;0.5345;BUY
2016-01-19T00:52:01.110000;2016-01-19T00:52:01.150000;099e1abe-5d58-422a-b742-041e91a582eb;384.56;0.44798999;SELL
2016-01-19T00:52:01.110000;2016-01-19T00:52:01.163000;361637a4-6107-4ce2-a1fc-c439f5471bef;384.56;0.121;SELL
2016-01-19T00:52:01.110000;2016-01-19T00:52:01.163000;d3dec1fc-edbf-42d0-95a2-164f7ff7a29b;384.56;0.02;SELL
2016-01-19T00:52:01.110000;2016-01-19T00:52:01.180000;05fb4fec-df1e-4b09-8ed3-628baa0d0d41;384.55;0.01;SELL
2016-01-19T00:52:01.113000;2016-01-19T00:52:01.180000;b2d56c5d-06cf-4360-b090-27b700f64da8;384.51;0.13;SELL
2016-01-19T00:52:02.010000;2016-01-19T00:52:02.053000;f9436825-10a7-4bc9-8246-7af723915991;384.5;0.01;BUY
2016-01-19T00:52:08.447000;2016-01-19T00:52:08.493000;dddb0991-1010-409c-ae42-643f3b547a85;384.46;0.4;SELL
2016-01-19T00:52:08.447000;2016-01-19T00:52:08.507000;9bf11eeb-8b7e-46d7-9b83-2148d0387d60;384.42;1.196;SELL
2016-01-19T00:52:08.447000;2016-01-19T00:52:08.507000;d3d641e9-2e43-4e41-beaa-4d4f0316e56b;384.42;5.0;SELL
2016-01-19T00:52:08.447000;2016-01-19T00:52:08.523000;b1089478-024c-457e-ba17-cac1e0733a7a;384.42;0.8;SELL
2016-01-19T00:52:08.447000;2016-01-19T00:52:08.523000;c03b407d-72c3-4381-a6d6-ca2d9edb02fb;384.41;0.95173287;SELL
2016-01-19T00:52:10.823000;2016-01-19T00:52:10.867000;4d353031-e179-4d7a-bd75-a40ea590b49c;384.49;0.8851;BUY
2016-01-19T00:52:30.350000;2016-01-19T00:52:30.383000;6677b526-0781-4801-93e5-7b4db1f95cee;384.48;0.01;BUY
2016-01-19T00:52:39.957000;2016-01-19T00:52:39.993000;86372503-9e03-44c4-a74e-1acbdd63d6c3;384.44;0.01;SELL
2016-01-19T00:52:39.957000;2016-01-19T00:52:40.007000;dc377d5f-5d34-46ed-b518-b48aa0da89b5;384.44;0.045;SELL
2016-01-19T00:54:38.143000;2016-01-19T00:54:38.180000;f3cc785c-047d-4aae-a4f5-84fc5ed090a3;384.48;0.323;BUY
2016-01-19T00:54:38.143000;2016-01-19T00:54:38.197000;8010c3e8-3fbd-4a20-9c5b-138e4bd967da;384.48;0.02;BUY
2016-01-19T00:54:38.143000;2016-01-19T00:54:38.197000;cf748625-3272-4e5c-9227-fd883023f978;384.5;0.63149271;BUY
2016-01-19T00:54:39.120000;2016-01-19T00:54:39.150000;38659512-f937-48cc-b867-9e90d17079e2;384.5;0.97449271;BUY
2016-01-19T00:54:40.083000;2016-01-19T00:54:40.117000;a208b79c-9bf5-4f10-8450-bb6c7486393d;384.5;0.97449271;BUY
2016-01-19T00:54:40.173000;2016-01-19T00:54:40.197000;f7c8d2ac-ca9b-47e7-9072-ab9ea65ec101;384.5;0.9982;BUY
2016-01-19T00:54:41.047000;2016-01-19T00:54:41.087000;8bf53843-8da4-44a2-8053-42154c4872f0;384.5;0.97449271;BUY
2016-01-19T00:54:41.303000;2016-01-19T00:54:41.337000;8141ff0d-3162-43dc-89fd-09657a6cd06d;384.5;0.97449271;BUY
2016-01-19T00:55:10.713000;2016-01-19T00:55:10.743000;09b25a65-2586-4a20-b0b6-abe4f9bd3e2b;384.43;0.02;SELL
2016-01-19T00:55:10.713000;2016-01-19T00:55:10.757000;83af12e5-dbf7-4fd0-bef6-219a07feff44;384.43;0.318;SELL
2016-01-19T00:55:10.713000;2016-01-19T00:55:10.773000;08b495b5-5b7d-4ff6-99b3-568b589d73cf;384.42;1.12;SELL
2016-01-19T00:55:10.713000;2016-01-19T00:55:10.773000;7692b3a1-4622-46ab-bc6b-3112a295dd9e;384.41;2.5496;SELL
2016-01-19T00:55:40.200000;2016-01-19T00:55:40.227000;6a516fbf-f920-4299-9870-40bff3383a10;384.43;0.2259;SELL
2016-01-19T00:55:42.163000;2016-01-19T00:55:42.197000;a3e96fd4-daf8-42cf-ae0d-f90ae3155095;384.5;0.41379256;BUY
2016-01-19T00:56:10.740000;2016-01-19T00:56:10.773000;ab10fdb6-549f-4c47-81f5-500771f222ef;384.5;0.9196;BUY
2016-01-19T00:56:41.443000;2016-01-19T00:56:41.477000;c5b32bbe-c8d1-41eb-95b8-65df518a3cf3;384.5;0.02;BUY
2016-01-19T00:56:41.443000;2016-01-19T00:56:41.493000;661495de-2977-446f-ac1f-e110c1a6a02c;384.51;0.1;BUY
2016-01-19T00:56:41.443000;2016-01-19T00:56:41.493000;cfa67a72-a2b6-4325-83f5-90a5ffee537a;384.56;0.3906;BUY
2016-01-19T00:57:10.607000;2016-01-19T00:57:10.633000;2acfa9a4-262f-4c19-91b7-4f656179eb07;384.56;0.9952;BUY
2016-01-19T00:58:09.620000;2016-01-19T00:58:09.650000;eda1153a-fda6-4fb5-a4a0-6a4351fe5922;384.43;0.7911;SELL
2016-01-19T00:58:09.620000;2016-01-19T00:58:09.663000;5b6792f1-b7d4-41f4-890f-e4bbf99b5b23;384.43;0.826;SELL
2016-01-19T00:58:09.620000;2016-01-19T00:58:09.663000;789ca39a-97b2-48c3-8dfc-1cf456628ea3;384.43;0.19;SELL
2016-01-19T00:58:09.623000;2016-01-19T00:58:09.697000;c6d52fc9-b2f9-4553-b7d3-38c7b6bb3b19;384.42;1.838;SELL
2016-01-19T00:58:09.623000;2016-01-19T00:58:09.697000;78fc4982-0517-4352-af39-dea09329fda5;384.41;0.9751;SELL
2016-01-19T00:58:40.180000;2016-01-19T00:58:40.197000;5191e33b-4b30-47db-9e85-2772db8f0951;384.42;0.546;SELL
2016-01-19T00:58:40.180000;2016-01-19T00:58:40.210000;584240f0-1204-4e0a-aa6d-7b3b03b0e5fa;384.42;0.02;SELL
2016-01-19T00:58:40.180000;2016-01-19T00:58:40.210000;d64561c1-ca0a-4f36-8641-588185f87979;384.41;0.52356713;SELL
2016-01-19T00:58:40.180000;2016-01-19T00:58:40.227000;44608ad6-261c-4c34-bdac-a8546074172d;384.41;0.97449271;SELL
2016-01-19T00:58:40.180000;2016-01-19T00:58:40.257000;f1e38ac6-1433-4d12-8b55-60e5d4ea50c9;384.41;0.02;SELL
2016-01-19T00:58:40.180000;2016-01-19T00:58:40.290000;5f201ec7-1eb4-4849-bceb-fd62af3d020c;384.4;0.90534016;SELL
2016-01-19T00:59:10.383000;2016-01-19T00:59:10.400000;b912fdb8-f449-4dba-ab3c-1fa0578b7f52;384.45;7.6089;BUY
2016-01-19T00:59:41.167000;2016-01-19T00:59:41.180000;51787c7c-1c12-49a3-b957-3a540769e8d4;384.45;12.3911;BUY
2016-01-19T00:59:41.167000;2016-01-19T00:59:41.197000;3416394c-0f65-4f86-a676-1e7c8865536d;384.45;0.02;BUY
2016-01-19T00:59:41.167000;2016-01-19T00:59:41.197000;775a4d70-874b-43cf-a08a-614fed71460f;384.56;10.7597;BUY
2016-01-19T01:00:00.950000;2016-01-19T01:00:00.977000;8124dd54-9c70-4174-919c-0abe6fe93105;384.41;2.0;SELL
2016-01-19T01:00:12.320000;2016-01-19T01:00:12.337000;da5623eb-7c23-42a6-ad4d-5e0049f330c8;384.54;0.11;BUY
2016-01-19T01:00:12.320000;2016-01-19T01:00:12.353000;bfc961da-0afd-4861-8a29-b44e5fe6f1bd;384.55;0.25;BUY
2016-01-19T01:00:12.320000;2016-01-19T01:00:12.353000;7afd8c73-394e-40ab-a88f-f2ed5fed8030;384.55;0.0635;BUY
2016-01-19T01:00:40.267000;2016-01-19T01:00:40.290000;85e56b91-52fa-48d0-969f-4e6994c41e52;384.57;0.2199;BUY
2016-01-19T01:00:52.550000;2016-01-19T01:00:52.570000;535a49d1-7d0a-467a-a8ae-61b02fc4f529;384.56;1.0;SELL
2016-01-19T01:00:53.860000;2016-01-19T01:00:53.883000;1910c39f-116d-49fe-ac24-25f25175f16f;384.57;0.01;BUY
2016-01-19T01:01:10.773000;2016-01-19T01:01:10.790000;8c76a57f-1b22-427c-b512-132bc397cfa4;384.57;0.9018;BUY
2016-01-19T01:01:30.003000;2016-01-19T01:01:30.023000;15e6e2d8-4bbc-4327-b4aa-c723df8f35f4;384.57;0.01;BUY
2016-01-19T01:01:40.770000;2016-01-19T01:01:40.790000;b6f1748d-e9be-4471-8e9b-bd9c32286e8e;384.57;0.8244;BUY
2016-01-19T01:02:05.267000;2016-01-19T01:02:05.273000;f9306000-1f26-4f61-8c0a-ae246008424e;384.57;0.01;BUY
2016-01-19T01:02:11.303000;2016-01-19T01:02:11.320000;fa52fa4a-5268-4f92-ae65-886b3423d51a;384.57;0.3858;BUY
2016-01-19T01:02:40.077000;2016-01-19T01:02:40.087000;33c9df81-32f8-43e9-b196-43b31f362c78;384.45;0.02;SELL
2016-01-19T01:02:40.077000;2016-01-19T01:02:40.117000;458f0e15-71b8-4c0c-a06b-46ebd84a4e7b;384.45;0.1002;SELL
2016-01-19T01:03:10.707000;2016-01-19T01:03:10.727000;88fb86c6-e953-4820-a61f-6f150b5c5390;384.5;0.1294;BUY
2016-01-19T01:04:12.853000;2016-01-19T01:04:12.853000;feca541c-0387-410e-a4f8-a32b9c94154e;384.5;0.4033;BUY
2016-01-19T01:05:10.567000;2016-01-19T01:05:10.570000;678670d7-6982-4e8d-bd20-f7362bdb745d;384.5;0.6149;BUY
2016-01-19T01:05:40.773000;2016-01-19T01:05:40.773000;7aa1cfb8-cf38-4049-8d28-7884254221b2;384.5;0.0541;BUY
2016-01-19T01:06:10.460000;2016-01-19T01:06:10.460000;1b014de1-0136-4012-92ec-5081a537b71f;384.5;2.0782;BUY
2016-01-19T01:06:40.907000;2016-01-19T01:06:40.957000;28521809-8e5f-4709-907a-7cd98e660eb4;384.5;0.2039;BUY
2016-01-19T01:07:10.660000;2016-01-19T01:07:10.707000;a62dea76-589f-48e1-9cdc-ecf295bab4cd;384.44;0.166;SELL
2016-01-19T01:07:10.660000;2016-01-19T01:07:10.707000;f299bda6-853f-4f7b-80f4-9fb7e7c4f471;384.44;0.02;SELL
2016-01-19T01:07:10.660000;2016-01-19T01:07:10.723000;b4a5d1cd-55f8-480d-8ae5-5f99a5743025;384.4;2.3521;SELL
2016-01-19T01:07:41.190000;2016-01-19T01:07:41.240000;8addb337-ec49-4a37-ac62-b20f3d7a6694;384.45;0.11;BUY
2016-01-19T01:07:41.190000;2016-01-19T01:07:41.253000;75088cb4-c450-40b4-957d-b24a3707adbb;384.46;0.27;BUY
2016-01-19T01:07:41.193000;2016-01-19T01:07:41.253000;094ce2c1-a468-4a4b-918b-c913f1cc0cdf;384.49;0.0094;BUY
2016-01-19T01:08:11.860000;2016-01-19T01:08:11.910000;915336c8-3579-4b8e-9b7f-fbe2ebf81efb;384.48;1.54;BUY
2016-01-19T01:08:11.860000;2016-01-19T01:08:11.910000;6fc077ad-0c0a-41f5-8928-7eb2442985e4;384.49;0.03;BUY
2016-01-19T01:08:11.860000;2016-01-19T01:08:11.943000;489cb6e8-2c4b-4a4a-bd57-2fde64587759;384.49;2.86;BUY
2016-01-19T01:08:11.860000;2016-01-19T01:08:11.943000;8ecee47b-5790-47d2-8bc5-32a56aa7540f;384.5;6.5162;BUY
2016-01-19T01:08:11.860000;2016-01-19T01:08:11.943000;4ad06f03-416c-4b9d-bc38-34140ce356f1;384.53;2.31;BUY
2016-01-19T01:08:11.860000;2016-01-19T01:08:11.943000;da2c6cd2-1d13-4c69-9cbe-80bdc89f6123;384.56;4.62;BUY
2016-01-19T01:08:11.860000;2016-01-19T01:08:11.943000;f34293c6-d420-45d8-a764-1ac50c13624d;384.56;0.911;BUY
2016-01-19T01:08:11.860000;2016-01-19T01:08:11.943000;b7f118d5-c7dd-4730-965c-15b1a0a7cf47;384.57;7.4382;BUY
2016-01-19T01:08:40.473000;2016-01-19T01:08:40.503000;f138e06f-c1ad-4445-83d2-e4e9ea052fef;384.4;1.6431;SELL
2016-01-19T01:08:43.670000;2016-01-19T01:08:43.707000;6dbf6597-cb3b-4b0b-8ce9-f711609e646d;384.41;0.03;BUY
2016-01-19T01:09:11.533000;2016-01-19T01:09:11.567000;4ddab16b-a7b9-4c4b-a63f-327bde57afad;384.41;1.356;BUY
2016-01-19T01:09:11.533000;2016-01-19T01:09:11.583000;759423a7-f045-4ab9-b63e-2d1f899472de;384.41;0.889;BUY
2016-01-19T01:09:11.537000;2016-01-19T01:09:11.583000;907aa959-ec52-44d7-b240-76c0667db446;384.41;1.635;BUY
2016-01-19T01:09:11.537000;2016-01-19T01:09:11.613000;fc2d0699-3cfc-4190-b7a1-30b39e9d447c;384.46;4.1029;BUY
2016-01-19T01:09:41.363000;2016-01-19T01:09:41.410000;9cc1262d-8210-4b11-860e-33405e1f98c7;384.41;0.0102;BUY
2016-01-19T01:10:11.503000;2016-01-19T01:10:11.537000;90c43c1d-4474-444d-8bbf-3530786a236f;384.41;1.0002;BUY
2016-01-19T01:10:41.037000;2016-01-19T01:10:41.067000;c429fd6f-89be-4de2-bb1a-e4c0fbe6d591;384.33;0.01;SELL
2016-01-19T01:10:41.037000;2016-01-19T01:10:41.097000;f6643614-5c17-445a-bd60-7e9276d21665;384.32;0.3895;SELL
2016-01-19T01:11:10.513000;2016-01-19T01:11:10.550000;c58ea4b7-04bc-4099-aaea-a165ac841256;384.32;0.58499271;SELL
2016-01-19T01:11:10.513000;2016-01-19T01:11:10.567000;4ef4fb2c-ead9-422d-a2fc-8f6fb0468687;384.32;1.89500729;SELL
2016-01-19T01:11:13.233000;2016-01-19T01:11:13.270000;d4a81438-65c4-4a35-9d2c-fe6a8c78c76f;384.33;0.6157;BUY
2016-01-19T01:11:19.477000;2016-01-19T01:11:19.520000;1ecd9a9d-db3a-4b6d-aecc-aeb3816ae56e;384.32;2.716;SELL
2016-01-19T01:11:35.930000;2016-01-19T01:11:35.957000;1447901c-810e-4db1-8c7d-899014d23b33;384.32;0.38899271;SELL
2016-01-19T01:11:35.930000;2016-01-19T01:11:35.990000;431f78c6-76a3-4255-aaa8-489660a0e234;384.32;5.0;SELL
2016-01-19T01:11:35.933000;2016-01-19T01:11:35.990000;07c15a7e-788c-454f-a4bd-b176b750e45d;384.27;0.01;SELL
2016-01-19T01:11:35.933000;2016-01-19T01:11:35.990000;a2a9cdc2-6791-4bc5-be44-fbcfe8620257;384.27;0.60100729;SELL
2016-01-19T01:11:41.237000;2016-01-19T01:11:41.270000;44973b54-a7d7-4abb-a9f2-222c5552228f;384.28;3.63;BUY
2016-01-19T01:11:41.237000;2016-01-19T01:11:41.270000;b144cdb8-13ca-4ee2-aac4-904e9944ff58;384.28;0.809;BUY
2016-01-19T01:11:41.237000;2016-01-19T01:11:41.300000;c2c71956-b541-43a9-912f-9041c07e936d;384.29;1.342;BUY
2016-01-19T01:11:41.237000;2016-01-19T01:11:41.300000;e9d268bb-15e1-4e4e-b4c4-8474c4492756;384.31;2.1324;BUY
2016-01-19T01:12:00.510000;2016-01-19T01:12:00.537000;12e1566c-14ce-4bb6-b136-a35f37085630;384.28;0.18037;BUY
2016-01-19T01:12:04.470000;2016-01-19T01:12:04.503000;ce367bfb-b9d1-466c-b0d5-d442eb4c1f36;384.27;4.39899271;SELL
2016-01-19T01:12:04.470000;2016-01-19T01:12:04.520000;27c62195-2ab5-4b84-b625-93346279dfe6;384.23;0.97449271;SELL
2016-01-19T01:12:04.470000;2016-01-19T01:12:04.537000;53202a1d-1600-422e-8cc8-5ed993ca7df3;384.23;5.0;SELL
2016-01-19T01:12:11.193000;2016-01-19T01:12:11.240000;a34ca2af-49a8-4b62-8241-15d73b529037;384.15;0.01;SELL
2016-01-19T01:12:11.193000;2016-01-19T01:12:11.253000;b6e5a541-7bbf-4b95-8a57-a405c553639f;384.14;0.97449271;SELL
2016-01-19T01:12:11.193000;2016-01-19T01:12:11.253000;01603493-4797-4faa-a7f3-857918585921;384.13;0.01;SELL
2016-01-19T01:12:11.193000;2016-01-19T01:12:11.270000;57cf4f75-61bd-4804-ae31-674a592f4faa;384.1;1.0;SELL
2016-01-19T01:12:11.193000;2016-01-19T01:12:11.270000;f2bba729-3b52-48c1-ac1f-b4dbf2e77575;384.05;0.97449271;SELL
2016-01-19T01:12:11.193000;2016-01-19T01:12:11.270000;eb629b92-f496-4b19-905e-e92df8668e08;384.0;2.5;SELL
2016-01-19T01:12:11.193000;2016-01-19T01:12:11.270000;bb5fa844-3bfd-410f-859d-6c8fda8025a6;383.9;0.01;SELL
2016-01-19T01:12:11.193000;2016-01-19T01:12:11.317000;d3905463-eafd-4604-9a26-327805ac6488;383.88;0.33;SELL
2016-01-19T01:12:11.193000;2016-01-19T01:12:11.317000;b2e8414f-1a77-46f3-887c-07a59c5a2be3;383.75;0.01;SELL
2016-01-19T01:12:11.193000;2016-01-19T01:12:11.317000;8f457061-f38e-454c-9900-c16f9a375b56;383.71;0.274;SELL
2016-01-19T01:12:11.197000;2016-01-19T01:12:11.317000;59be9c99-8e83-4764-b58d-0c0932516ed5;383.62;0.01;SELL
2016-01-19T01:12:11.197000;2016-01-19T01:12:11.317000;aa068cc9-e4ca-4b36-9dc4-207c17af51d4;383.62;1.343;SELL
2016-01-19T01:12:11.197000;2016-01-19T01:12:11.317000;3c55cb27-8e36-4f11-b79a-b29aa3a72fad;383.54;0.133;SELL
2016-01-19T01:12:11.197000;2016-01-19T01:12:11.317000;dd44d990-3c3d-4fb7-9d06-86fd7dae2e8a;383.51;0.01;SELL
2016-01-19T01:12:11.197000;2016-01-19T01:12:11.317000;849287c9-8228-43ed-8f7f-ddf5c0bdc583;383.28;0.01;SELL
2016-01-19T01:12:11.197000;2016-01-19T01:12:11.347000;080b0c20-7f13-48e6-a29d-0ba4ccf39066;383.16;0.01;SELL
2016-01-19T01:12:11.197000;2016-01-19T01:12:11.347000;35fb3961-1f48-49f7-9beb-763a03d1a412;383.0;0.0115;SELL
2016-01-19T01:12:11.197000;2016-01-19T01:12:11.347000;a512bbfc-c5a3-4676-9090-847cedb70c31;383.0;0.01;SELL
2016-01-19T01:12:11.197000;2016-01-19T01:12:11.347000;57487e26-6e04-412f-97a2-ef768da0bd66;382.94;1.071;SELL
2016-01-19T01:12:11.197000;2016-01-19T01:12:11.347000;69e3c4a4-adbe-400e-9f71-4c985c58921b;382.91;0.01;SELL
2016-01-19T01:12:11.197000;2016-01-19T01:12:11.347000;6582fdf0-39fb-4584-a839-48fc381cd5b8;382.81;1.1;SELL
2016-01-19T01:12:11.197000;2016-01-19T01:12:11.347000;4da3e181-ffe1-423f-bfc0-2ae4150a5c7b;382.8;0.01;SELL
2016-01-19T01:12:11.197000;2016-01-19T01:12:11.347000;71e496fc-c54f-496b-bd57-77982cf3d15b;382.8;0.99;SELL
2016-01-19T01:12:11.197000;2016-01-19T01:12:11.347000;94d6c4be-c759-4cb9-9722-fdf18639de73;382.79;1.176;SELL
2016-01-19T01:12:11.197000;2016-01-19T01:12:11.363000;193071e7-ecda-4dac-b9bb-3831280d26c1;382.67;0.01;SELL
2016-01-19T01:12:11.197000;2016-01-19T01:12:11.363000;147ceabd-518e-4813-ae9e-c60b2e57a600;382.66;0.758;SELL
2016-01-19T01:12:11.200000;2016-01-19T01:12:11.363000;ac05f8ff-b8f8-4099-9e56-3564974bd10c;382.61;0.88;SELL
2016-01-19T01:12:11.200000;2016-01-19T01:12:11.363000;7198e3e7-85d3-4f48-a19f-cb2105e5195a;382.6;0.01;SELL
2016-01-19T01:12:11.200000;2016-01-19T01:12:11.363000;6325a3d4-8e2c-4e1f-8ce6-98dc076a715a;382.6;0.2521;SELL
2016-01-19T01:12:11.200000;2016-01-19T01:12:11.363000;dddded44-a2df-4ab0-b3ce-013251199c70;382.54;1.1;SELL
2016-01-19T01:12:11.200000;2016-01-19T01:12:11.363000;1ecc8835-e780-4397-b7e6-56d33ced291a;382.53;0.38011611;SELL
2016-01-19T01:12:11.200000;2016-01-19T01:12:11.363000;693193d8-9c70-45be-92ee-37bcf162bea7;382.53;1.65;SELL
2016-01-19T01:12:11.200000;2016-01-19T01:12:11.363000;9e576f6a-1b2f-47e6-8176-0112e5893bf3;382.52;1.335;SELL
2016-01-19T01:12:11.200000;2016-01-19T01:12:11.363000;16fed645-69c8-4161-bb00-65aa236b569e;382.42;3.9769;SELL
2016-01-19T01:12:11.200000;2016-01-19T01:12:11.363000;67d1e584-cf53-4890-a260-83d14b54c45d;382.41;16.94919847;SELL
2016-01-19T01:12:24.867000;2016-01-19T01:12:24.910000;f93f9d9c-9715-49d9-a839-8fa9fa371b20;383.36;0.25;BUY
2016-01-19T01:12:24.867000;2016-01-19T01:12:24.910000;0d65e9d6-554d-402f-8e97-11abd9ab572c;383.37;2.53;BUY
2016-01-19T01:12:24.867000;2016-01-19T01:12:24.910000;edb42a2b-46f2-4c11-9e02-c3d701e5e73f;383.39;2.22;BUY
2016-01-19T01:12:42.213000;2016-01-19T01:12:42.240000;28df87d5-da9c-4161-9717-763b431feb04;383.32;0.01;SELL
2016-01-19T01:12:42.213000;2016-01-19T01:12:42.270000;a16cc2a4-481e-4a43-9661-8a9e7f0739db;383.31;0.01;SELL
2016-01-19T01:12:42.213000;2016-01-19T01:12:42.270000;6a2d154a-118e-497b-93fd-10792607994b;383.3;0.01;SELL
2016-01-19T01:12:42.217000;2016-01-19T01:12:42.270000;51e32741-f3ef-4e68-a347-4215043857a1;383.3;0.25;SELL
2016-01-19T01:12:42.217000;2016-01-19T01:12:42.287000;ab1e92d5-34e8-4749-b27d-8ead27962e68;383.29;0.01;SELL
2016-01-19T01:12:42.217000;2016-01-19T01:12:42.287000;6a1caa87-914c-4653-b9ae-cbccd7b1bf37;383.28;0.01;SELL
2016-01-19T01:12:42.217000;2016-01-19T01:12:42.287000;31356f27-8e1e-4e81-bf09-add2e9e4ee61;383.24;0.078;SELL
2016-01-19T01:12:42.217000;2016-01-19T01:12:42.287000;e2fb25c6-0b0f-4d8d-bcf4-d7fe6b797c55;383.23;0.01;SELL
2016-01-19T01:12:42.217000;2016-01-19T01:12:42.287000;12cc43b7-427c-4a0a-bf1f-99c936fe6588;383.2;0.08;SELL
2016-01-19T01:12:42.217000;2016-01-19T01:12:42.287000;154d2f7e-f90b-4b9a-be51-556e520cff73;383.17;0.01;SELL
2016-01-19T01:12:42.217000;2016-01-19T01:12:42.287000;0c2c18ad-6225-4d2e-8879-f12684e3729a;383.15;0.118;SELL
2016-01-19T01:12:42.217000;2016-01-19T01:12:42.287000;b801e37d-52be-41ff-add7-5dbe0d5a4d7c;383.14;0.01;SELL
2016-01-19T01:12:42.217000;2016-01-19T01:12:42.333000;251163b9-8abe-435d-83cf-71cd8754d5dd;382.95;0.01;SELL
2016-01-19T01:12:42.217000;2016-01-19T01:12:42.347000;895c7d87-fa4d-4536-ad33-65caadfe8624;382.87;0.01;SELL
2016-01-19T01:12:42.217000;2016-01-19T01:12:42.347000;511b61ac-2045-4f55-8b53-be71f4216f54;382.67;0.22;SELL
2016-01-19T01:12:42.217000;2016-01-19T01:12:42.347000;abedabc1-74d7-4c2f-89f0-7c5b0f2236d5;382.66;0.01;SELL
2016-01-19T01:12:42.217000;2016-01-19T01:12:42.347000;1f4b8cc0-21ae-4591-9695-a46d358723b4;382.64;0.9632;SELL
2016-01-19T01:13:02.277000;2016-01-19T01:13:02.300000;397878a0-ef4a-4efb-a240-27f6cd844785;383.29;0.01;BUY
2016-01-19T01:13:20.757000;2016-01-19T01:13:20.787000;6b11683d-f5e2-45e7-8694-409ee78c1699;383.24;0.25;BUY
2016-01-19T01:13:40.580000;2016-01-19T01:13:40.597000;f3a1f975-9a47-437c-83b7-8b2ffb4bae36;383.32;0.01;BUY
2016-01-19T01:13:40.580000;2016-01-19T01:13:40.613000;2e6f7539-b142-4ac8-af07-cb140dd15ebd;383.35;0.01;BUY
2016-01-19T01:13:40.580000;2016-01-19T01:13:40.613000;68f07c0d-aaf4-4849-be9b-9a86b756a56c;383.35;0.0583;BUY
2016-01-19T01:14:01.523000;2016-01-19T01:14:01.550000;86b1eb77-a4db-4cd6-a278-3baace32e77b;383.35;0.01;BUY
2016-01-19T01:14:41.863000;2016-01-19T01:14:41.897000;ab8a038b-379f-48a1-96d0-d2f50884c092;383.35;0.1817;BUY
2016-01-19T01:14:41.863000;2016-01-19T01:14:41.897000;8b7cf906-e79e-4d4c-a190-3b75c56cb7a0;383.36;0.03;BUY
2016-01-19T01:14:41.863000;2016-01-19T01:14:41.897000;75ddf374-3c2c-4970-97a2-8c6e0b60b251;383.36;0.23;BUY
2016-01-19T01:14:41.863000;2016-01-19T01:14:41.897000;ee919874-d03f-4544-8087-a66d932953ad;383.47;0.01;BUY
2016-01-19T01:14:41.863000;2016-01-19T01:14:41.897000;54f10ebc-20fe-4284-b30a-10e46cb25cee;383.48;0.01;BUY
2016-01-19T01:14:41.863000;2016-01-19T01:14:41.927000;a4dfdcc8-e89f-43ce-a168-a2fd0b84f558;383.49;0.01;BUY
2016-01-19T01:14:41.863000;2016-01-19T01:14:41.927000;eab7b6fc-120a-4a87-a08c-83b04f8979db;383.5;0.01;BUY
2016-01-19T01:14:41.863000;2016-01-19T01:14:41.927000;3b242d1a-d913-4072-acaf-84d47585e2b3;383.61;0.0416;BUY
2016-01-19T01:15:01.460000;2016-01-19T01:15:01.490000;527e3345-d643-49e5-ae36-97f22e943d91;383.56;0.01;BUY
2016-01-19T01:15:11.700000;2016-01-19T01:15:11.723000;b62e23cd-d01d-4aee-b5ec-132198975514;383.55;0.9059;SELL
2016-01-19T01:15:40.880000;2016-01-19T01:15:40.897000;c018e9d5-807f-40c1-a325-6f39fc573499;383.55;1.0551;SELL
2016-01-19T01:16:11.247000;2016-01-19T01:16:11.300000;328bfda1-6e05-46de-b1de-4ab6bf538570;383.56;0.24;BUY
2016-01-19T01:16:11.247000;2016-01-19T01:16:11.300000;46c8c9db-611b-495b-8bf1-07476410f4a3;383.62;0.01;BUY
2016-01-19T01:16:11.247000;2016-01-19T01:16:11.300000;51e4dd2c-40bd-4db4-a462-b04f08f3e979;383.69;0.124;BUY
2016-01-19T01:16:11.247000;2016-01-19T01:16:11.300000;26331302-3e30-40c8-bfe4-ad4dc413bb62;383.74;0.094;BUY
2016-01-19T01:16:11.247000;2016-01-19T01:16:11.300000;f719ecd5-01b3-4596-87eb-8261d4a4a973;383.8;0.2521;BUY
2016-01-19T01:16:11.247000;2016-01-19T01:16:11.300000;c506edac-4745-4034-b5d3-9ccb32126db0;383.85;0.102;BUY
2016-01-19T01:16:11.250000;2016-01-19T01:16:11.300000;6f14001a-76c9-4a00-8d40-d83f805d8518;383.9;0.0485;BUY
2016-01-19T01:16:31.200000;2016-01-19T01:16:31.223000;feca0849-bc72-465b-bf6f-14fb685dba4d;383.77;0.01;SELL
2016-01-19T01:16:31.203000;2016-01-19T01:16:31.240000;ff889ac8-3908-4262-bcf2-c7f9dcf1c6ef;383.66;0.07;SELL
2016-01-19T01:16:41.147000;2016-01-19T01:16:41.193000;4e86f06c-1928-4514-b818-3f1d32d6435e;383.92;0.0449;BUY
2016-01-19T01:17:10.687000;2016-01-19T01:17:10.723000;7a1a77d3-8907-4e0c-b1a9-da46e3fbcb7b;383.71;0.0521;BUY
2016-01-19T01:17:14.730000;2016-01-19T01:17:14.753000;3bb9e118-54c2-4695-bcd9-ee20f66511db;383.69;0.25;BUY
2016-01-19T01:17:14.730000;2016-01-19T01:17:14.753000;705167a8-1dd5-4226-9dd4-4114f36ea784;383.7;0.515;BUY
2016-01-19T01:17:40.540000;2016-01-19T01:17:40.550000;7c85c07d-e182-47c3-a057-21da337a7206;383.71;0.25;BUY
2016-01-19T01:17:40.540000;2016-01-19T01:17:40.567000;4238ee59-f8b7-48ff-bc08-db527602d211;383.72;0.862;BUY
2016-01-19T01:17:40.540000;2016-01-19T01:17:40.567000;a450f63b-4749-41ea-a7b2-1b9280a23659;383.76;0.25;BUY
2016-01-19T01:17:40.540000;2016-01-19T01:17:40.567000;c39c1a90-c449-4a14-a0f9-918ddcac16e0;383.88;1.2183;BUY
2016-01-19T01:18:10.783000;2016-01-19T01:18:10.800000;d68ab672-6a41-4139-a388-1f0a2709d14e;383.72;0.1664;BUY
2016-01-19T01:18:14.750000;2016-01-19T01:18:14.770000;3368ee64-db09-462c-988c-b68d55133a24;383.71;0.01;SELL
2016-01-19T01:18:14.750000;2016-01-19T01:18:14.770000;a8abacb4-7880-4dae-b541-e54e58eda058;383.7;4.99;SELL
2016-01-19T01:18:34.790000;2016-01-19T01:18:34.800000;f8c44495-163f-4bd6-b653-1c69f40ab26e;383.7;0.145;SELL
2016-01-19T01:18:34.790000;2016-01-19T01:18:34.817000;677773f5-c1ac-4466-a2ec-9dade358b0ee;383.7;0.01;SELL
2016-01-19T01:18:34.793000;2016-01-19T01:18:34.850000;33ef5255-0e25-4f83-bd30-11fabcfad575;383.69;0.2;SELL
2016-01-19T01:18:34.793000;2016-01-19T01:18:34.850000;e840eeec-07af-4a0d-970a-94d05fd01a94;383.57;0.124;SELL
2016-01-19T01:18:34.793000;2016-01-19T01:18:34.850000;22d441ab-1370-44fe-866f-de8bd65c3a0e;383.52;0.105;SELL
2016-01-19T01:18:34.793000;2016-01-19T01:18:34.850000;b2915fb7-ae05-4587-9e67-56ee303387f4;383.5;0.01;SELL
2016-01-19T01:18:34.793000;2016-01-19T01:18:34.850000;461fbaf8-3b4c-4286-af7a-03f10912e6b1;383.47;0.092;SELL
2016-01-19T01:18:34.793000;2016-01-19T01:18:34.850000;723cbaab-eedd-4e7c-a6c5-6cd16de81a59;383.41;0.88;SELL
2016-01-19T01:18:34.793000;2016-01-19T01:18:34.850000;67a953d2-7614-4599-9f49-2895f2937d46;383.4;1.828;SELL
2016-01-19T01:18:34.793000;2016-01-19T01:18:34.910000;a591b437-9045-40e1-bc41-46c0acdc5fa4;383.36;1.606;SELL
2016-01-19T01:18:40.873000;2016-01-19T01:18:40.897000;a2896e17-af8f-49ad-8fd4-d475e6564d62;383.66;0.772;BUY
2016-01-19T01:19:10.760000;2016-01-19T01:19:10.800000;5445ea9c-8afb-499d-855a-fe3f6e16ae04;383.55;0.25;BUY
2016-01-19T01:19:10.760000;2016-01-19T01:19:10.800000;f1115371-089a-4892-b5f3-d2d1eaac72f9;383.55;0.564;BUY
2016-01-19T01:19:10.760000;2016-01-19T01:19:10.800000;ac5105f4-1e4f-4795-b420-a59f40a59a98;383.64;1.7196;BUY
2016-01-19T01:19:28.740000;2016-01-19T01:19:28.753000;b3140285-c480-4eed-9e67-265aaef7c1bf;383.51;0.01;SELL
2016-01-19T01:19:28.740000;2016-01-19T01:19:28.770000;72c03674-2a0a-4dd4-a0d7-d0355a0497da;383.5;0.01;SELL
2016-01-19T01:19:28.740000;2016-01-19T01:19:28.770000;e8e55bea-ec74-40af-9072-9fb5f77cd267;383.41;0.107;SELL
2016-01-19T01:19:28.740000;2016-01-19T01:19:28.770000;e051d4d1-e988-4cba-a1ea-a79bfb27becf;383.36;0.29;SELL
2016-01-19T01:19:28.740000;2016-01-19T01:19:28.787000;f2f1265c-f1d5-4e5f-b05c-b7fd0cb8ec1a;383.34;0.01;SELL
2016-01-19T01:19:28.740000;2016-01-19T01:19:28.787000;0e6b1ae7-5129-4564-a1f4-94dc4fda3dd5;383.26;0.66;SELL
2016-01-19T01:19:28.740000;2016-01-19T01:19:28.787000;85a79903-5225-4eb2-b303-31771a762830;383.25;1.785;SELL
2016-01-19T01:19:28.740000;2016-01-19T01:19:28.787000;36da6010-64d7-4fca-9fad-c76081d8ac4c;383.2;1.768;SELL
2016-01-19T01:19:28.740000;2016-01-19T01:19:28.787000;cb0d8653-3916-4ebb-8eff-e79644a62833;383.16;0.36;SELL
2016-01-19T01:19:40.603000;2016-01-19T01:19:40.613000;9f013459-0e9b-4061-aa1e-16027957fb6e;383.11;0.01;SELL
2016-01-19T01:19:40.603000;2016-01-19T01:19:40.647000;da4a8569-6014-4993-a9e0-e57c6c78ab4d;383.1;0.01;SELL
2016-01-19T01:19:40.603000;2016-01-19T01:19:40.647000;1391fe19-1539-48a3-8b51-c80eaaed9e1a;383.09;0.085;SELL
2016-01-19T01:19:40.603000;2016-01-19T01:19:40.647000;913c6ddc-1dcb-4150-a5c5-d3a466ce065f;383.08;0.01;SELL
2016-01-19T01:19:40.603000;2016-01-19T01:19:40.660000;b65ad71b-3218-4409-81d5-1c193715d869;383.04;0.33;SELL
2016-01-19T01:19:40.603000;2016-01-19T01:19:40.660000;dc8872d6-468b-491a-80b4-5ec65f850bd2;383.03;1.155;SELL
2016-01-19T01:19:40.603000;2016-01-19T01:19:40.660000;24d7d37e-4414-4fdb-b64e-332108732889;383.0;1.552;SELL
2016-01-19T01:19:40.607000;2016-01-19T01:19:40.660000;99be8e1c-47a7-4967-824c-ba143438d7c4;382.95;1.56256188;SELL
2016-01-19T01:19:40.710000;2016-01-19T01:19:40.723000;7f9a6ba5-edcf-498e-8949-0994f908eb77;383.34;1.0002;BUY
2016-01-19T01:20:01.300000;2016-01-19T01:20:01.317000;0084b6f9-45eb-4b35-a9fc-32937823ac76;383.08;0.01;BUY
2016-01-19T01:20:10.860000;2016-01-19T01:20:10.880000;52854dd3-1859-42b0-8173-be9c70b50329;383.02;0.25;BUY
2016-01-19T01:20:10.860000;2016-01-19T01:20:10.910000;75154f37-e2c1-49ab-83da-a9c9879e601f;383.16;0.2204;BUY
2016-01-19T01:20:40.327000;2016-01-19T01:20:40.333000;fb302b9b-8e37-4a2b-bea9-e39d4be1a90c;383.14;0.0287;BUY
2016-01-19T01:20:47.747000;2016-01-19T01:20:47.770000;b4132d82-a345-4949-bbc6-b4da20325986;383.06;0.01071;BUY
2016-01-19T01:21:01.787000;2016-01-19T01:21:01.803000;670d7555-83a6-4708-a586-592f1b7da1c8;383.01;0.01;BUY
2016-01-19T01:21:10.280000;2016-01-19T01:21:10.287000;c7d880d4-88b6-4d18-9789-08937962104a;383.01;0.24;BUY
2016-01-19T01:21:10.280000;2016-01-19T01:21:10.303000;249d0db3-28d3-4f75-ae6a-b9e955679997;383.08;0.31;BUY
2016-01-19T01:21:10.280000;2016-01-19T01:21:10.303000;687fc2e0-90ac-4fa8-9cb2-ce305f9e49ce;383.15;0.116;BUY
2016-01-19T01:21:10.280000;2016-01-19T01:21:10.303000;fc5a784b-df9b-4ebc-be8a-1499aa258227;383.3;0.225;BUY
2016-01-19T01:21:10.280000;2016-01-19T01:21:10.333000;e8e3cc9b-5e84-4dcd-a794-04b1ec845da7;383.32;1.6942;BUY
2016-01-19T01:21:18.583000;2016-01-19T01:21:18.613000;bf3b7542-e89c-412b-bcb4-baf511895cbd;383.13;0.01;BUY
2016-01-19T01:21:26.383000;2016-01-19T01:21:26.410000;fdb72192-9b96-4932-960d-413e083d7845;383.04;0.01;SELL
2016-01-19T01:21:40.560000;2016-01-19T01:21:40.607000;12931348-1b6f-4870-81b1-74a50c3ea590;383.13;0.24;BUY
2016-01-19T01:21:40.560000;2016-01-19T01:21:40.637000;ae6bd882-f7a3-446c-86cb-669ff5074bbf;383.22;0.01;BUY
2016-01-19T01:21:40.560000;2016-01-19T01:21:40.637000;09f6f15a-0cdb-4128-a1a9-cc71545a022b;383.22;0.125;BUY
2016-01-19T01:21:40.560000;2016-01-19T01:21:40.653000;20dc041f-3124-4891-a52f-a7b33914ed14;383.27;0.107;BUY
2016-01-19T01:21:40.560000;2016-01-19T01:21:40.653000;c98d4247-e530-4438-b912-bc5ae95b5ca8;383.33;0.01;BUY
2016-01-19T01:21:40.560000;2016-01-19T01:21:40.653000;97440ec4-896f-45d0-ae8a-de4020efab69;383.43;0.1;BUY
2016-01-19T01:21:40.563000;2016-01-19T01:21:40.653000;7fd30245-09e3-4883-958e-e52bbdc404ac;383.55;0.1422;BUY
2016-01-19T01:22:01.470000;2016-01-19T01:22:01.513000;336c558c-2da5-4362-b48e-a3d2aba373be;383.34;0.01;BUY
2016-01-19T01:22:10.567000;2016-01-19T01:22:10.607000;aba6267e-3f17-4870-b80e-73c02ba78ce8;383.31;0.0466;BUY
2016-01-19T01:22:41.667000;2016-01-19T01:22:41.717000;fcbc385d-841a-4642-853d-381f358bd55c;383.28;0.25;BUY
2016-01-19T01:22:41.667000;2016-01-19T01:22:41.717000;0768217e-7cc3-4da8-9330-55931e601e6c;383.29;0.131;BUY
2016-01-19T01:22:41.667000;2016-01-19T01:22:41.733000;4ea6c576-986c-4eaf-a7d6-ec6bd1503bda;383.34;0.117;BUY
2016-01-19T01:22:41.667000;2016-01-19T01:22:41.733000;0bdf703d-450d-4efb-b0c4-ea2ee0bf36f8;383.41;0.521;BUY
2016-01-19T01:22:41.667000;2016-01-19T01:22:41.733000;5dcc1fcb-1a86-48cc-83ff-18bb88b823a7;383.44;0.22;BUY
2016-01-19T01:22:41.667000;2016-01-19T01:22:41.733000;930d3b1b-b3ff-4b5e-b3f1-657b691cc88c;383.45;0.74;BUY
2016-01-19T01:22:41.670000;2016-01-19T01:22:41.733000;ad3f2ead-e621-4b63-8d0c-66968d09ae82;383.47;0.9573;BUY
2016-01-19T01:22:43.910000;2016-01-19T01:22:43.967000;7e5631be-d68f-4ba4-a4be-db41f7343a46;383.17;0.01;SELL
2016-01-19T01:22:43.910000;2016-01-19T01:22:43.997000;e87470aa-0dda-4960-82a1-c404e47bcd4e;383.16;0.29;SELL
2016-01-19T01:22:43.913000;2016-01-19T01:22:43.997000;afc709f7-da87-43ef-88d3-49e21164c213;383.1;0.09;SELL
2016-01-19T01:22:43.913000;2016-01-19T01:22:43.997000;993654a3-92c9-42de-95ee-25a948038c30;383.05;0.102;SELL
2016-01-19T01:22:43.913000;2016-01-19T01:22:43.997000;2e473aad-e7f9-4a3a-8056-f8d3b4ae5738;383.0;0.112;SELL
2016-01-19T01:22:43.913000;2016-01-19T01:22:43.997000;16f7d6e0-8440-440f-8072-e64265f4ae66;382.92;0.01;SELL
2016-01-19T01:22:43.913000;2016-01-19T01:22:43.997000;71ed32c9-7b9a-4eb6-bba7-494a129df170;382.9;0.325;SELL
2016-01-19T01:22:43.913000;2016-01-19T01:22:43.997000;f70d5365-6a1e-4a4a-83e6-0c4ac1bc29b1;382.87;0.088;SELL
2016-01-19T01:22:43.913000;2016-01-19T01:22:43.997000;255d2ca3-da87-4f06-a054-7e675a404354;382.82;0.091;SELL
2016-01-19T01:22:43.913000;2016-01-19T01:22:43.997000;88ddfb19-a69e-4aef-b308-8710c1127135;382.78;0.44;SELL
2016-01-19T01:22:43.913000;2016-01-19T01:22:44.013000;4ad3f3f5-936a-4ff8-a0ca-daa423a3b9db;382.77;0.085;SELL
2016-01-19T01:22:43.917000;2016-01-19T01:22:44.013000;10ab66eb-d42e-47b1-bd77-de5810f60f55;382.77;0.11;SELL
2016-01-19T01:22:43.917000;2016-01-19T01:22:44.030000;822a01c0-3d08-41aa-b6fc-9fa3b6940e8d;382.76;0.343;SELL
2016-01-19T01:22:43.917000;2016-01-19T01:22:44.030000;92b5e0f9-ca82-4129-bd03-90b8948fb675;382.74;0.33;SELL
2016-01-19T01:22:43.917000;2016-01-19T01:22:44.030000;67871fa8-b2e7-4d30-be4c-6617f28b4c49;382.73;0.01;SELL
2016-01-19T01:22:43.917000;2016-01-19T01:22:44.030000;d9e29a72-c4f9-43f3-81f8-e56758382eec;382.73;0.33;SELL
2016-01-19T01:22:43.917000;2016-01-19T01:22:44.030000;7866d2c2-0d97-48e8-94a5-f08956c9ecd2;382.72;0.125;SELL
2016-01-19T01:22:43.917000;2016-01-19T01:22:44.030000;2ad414e5-1d77-4241-ac15-68d75b7515e9;382.65;0.77;SELL
2016-01-19T01:22:43.917000;2016-01-19T01:22:44.030000;bf215041-e059-41bc-8009-80e9fd8548ec;382.64;1.231;SELL
2016-01-19T01:22:43.917000;2016-01-19T01:22:44.043000;64dc0f61-ebb8-41b8-ad93-618377e4a5cc;382.51;0.44;SELL
2016-01-19T01:22:43.917000;2016-01-19T01:22:44.043000;cf4a54b9-e089-405c-a45d-eb3a2114a41c;382.5;1.374;SELL
2016-01-19T01:22:43.917000;2016-01-19T01:22:44.043000;1d32325c-651d-4f65-9cfb-3b28c163659c;382.4;0.01;SELL
2016-01-19T01:22:43.917000;2016-01-19T01:22:44.043000;b5034ae5-41b4-4591-91c2-c3fc1ef9b8b1;382.38;0.11;SELL
2016-01-19T01:22:43.917000;2016-01-19T01:22:44.077000;10b6512c-a616-41b3-8f55-cf588cf1622e;382.37;0.771;SELL
2016-01-19T01:22:43.917000;2016-01-19T01:22:44.077000;b4456897-23a1-407b-9cc9-4c1fed6de1fb;382.35;0.34;SELL
2016-01-19T01:22:43.917000;2016-01-19T01:22:44.077000;bca1d4a0-5a13-4100-8649-408c82d192ab;382.28;0.01;SELL
2016-01-19T01:22:43.917000;2016-01-19T01:22:44.077000;dda01ce8-d996-4a77-b8d4-3fc48977e5cf;382.24;0.74;SELL
2016-01-19T01:22:43.917000;2016-01-19T01:22:44.077000;386fc66e-05b8-4407-8e2b-f12808329f96;382.2;0.01;SELL
2016-01-19T01:22:43.917000;2016-01-19T01:22:44.077000;8b1b5632-e03f-4770-9fed-3343a8ad3911;382.12;0.2523;SELL
2016-01-19T01:22:43.920000;2016-01-19T01:22:44.077000;fd4735a3-7aa2-4bbb-89e0-5fb2dec4d30b;382.11;0.44;SELL
2016-01-19T01:22:43.920000;2016-01-19T01:22:44.077000;8a95ab10-8880-4773-a9fe-1cd396698e7a;382.1;1.005;SELL
2016-01-19T01:22:43.920000;2016-01-19T01:22:44.090000;f6090ce0-744b-4972-af4f-6dc59b76153d;382.1;0.01;SELL
2016-01-19T01:22:43.920000;2016-01-19T01:22:44.090000;be36486c-e7f0-49a9-a42c-964bc60d8701;382.0;0.1010101;SELL
2016-01-19T01:22:43.920000;2016-01-19T01:22:44.090000;88951f84-0ead-4541-9f5e-717317b61194;382.0;0.01;SELL
2016-01-19T01:22:43.920000;2016-01-19T01:22:44.090000;d7e547db-b1a5-45e4-ad1a-3154d12120cf;382.0;0.03165087;SELL
2016-01-19T01:22:43.920000;2016-01-19T01:22:44.090000;6baaee7a-5a83-4b1e-a4dd-891324922905;381.96;1.207;SELL
2016-01-19T01:22:43.920000;2016-01-19T01:22:44.090000;ec2fcf8a-966b-4bc9-bfbc-139173924e7a;381.96;1.0;SELL
2016-01-19T01:22:43.920000;2016-01-19T01:22:44.090000;5c8edc8d-f39a-4496-9ecd-59fad3b58b80;381.95;1.0;SELL
2016-01-19T01:22:43.920000;2016-01-19T01:22:44.090000;2876bf7b-0d65-4afa-8d04-e80beca16ba2;381.91;1.0;SELL
2016-01-19T01:22:43.920000;2016-01-19T01:22:44.090000;aebd4798-bd28-409e-9d34-79d2caf5aa8c;381.9;0.01;SELL
2016-01-19T01:22:43.920000;2016-01-19T01:22:44.090000;539b54eb-86ba-4160-bd45-44d5dbd05215;381.81;0.0177;SELL
2016-01-19T01:22:43.923000;2016-01-19T01:22:44.090000;023828dd-a1a8-4b9b-b11e-d44ebe11edaa;381.81;1.0;SELL
2016-01-19T01:22:43.923000;2016-01-19T01:22:44.107000;c0bc16ae-014c-4ced-ba6d-bb5b9ccdabde;381.81;0.742;SELL
2016-01-19T01:22:43.923000;2016-01-19T01:22:44.107000;3648c805-c5de-43b8-97e7-c940d1c9191f;381.71;0.01;SELL
2016-01-19T01:22:43.923000;2016-01-19T01:22:44.107000;23c5ee6a-17e3-4d10-adb8-e07544c7161b;381.71;1.0;SELL
2016-01-19T01:22:43.923000;2016-01-19T01:22:44.123000;9e9f101a-c675-4c43-9bb1-7ba18a824cc3;381.68;0.685;SELL
2016-01-19T01:22:43.923000;2016-01-19T01:22:44.123000;5331efba-8806-44bd-8750-a16a59ce7e7a;381.68;1.0;SELL
2016-01-19T01:22:43.923000;2016-01-19T01:22:44.123000;d75454f1-cb3a-4a6e-a90d-fc12751b81d8;381.64;0.01;SELL
2016-01-19T01:22:43.923000;2016-01-19T01:22:44.123000;ac243a16-7c32-4009-b8d9-be1823c307fd;381.64;1.0;SELL
2016-01-19T01:22:43.923000;2016-01-19T01:22:44.123000;69860db0-60bd-4d57-8fbb-c1ccde75f180;381.64;1.0;SELL
2016-01-19T01:22:43.923000;2016-01-19T01:22:44.123000;a4bd52b6-6c05-4c3d-878b-22e8200047b8;381.52;0.01;SELL
2016-01-19T01:22:43.923000;2016-01-19T01:22:44.123000;18c449d3-9c2c-408f-bc2a-14a2d041e317;381.52;1.0;SELL
2016-01-19T01:22:43.923000;2016-01-19T01:22:44.123000;076fc4b5-e2db-4b05-bb93-6e934996c490;381.34;0.01;SELL
2016-01-19T01:22:43.923000;2016-01-19T01:22:44.153000;977cf27f-73a8-4fa8-801e-946e350f2127;381.34;0.65140516;SELL
2016-01-19T01:23:11.943000;2016-01-19T01:23:12.013000;b089c048-4385-4161-8721-abff114175a1;382.95;0.01;BUY
2016-01-19T01:23:11.943000;2016-01-19T01:23:12.013000;8f57723f-d20a-48ac-b026-223f604cf272;382.95;0.49;BUY
2016-01-19T01:23:11.947000;2016-01-19T01:23:12.013000;fd3a5a05-4e9a-4d74-918b-1a8d0f0420b2;383.0;0.0733;BUY
2016-01-19T01:23:40.780000;2016-01-19T01:23:40.840000;41772985-2021-41f2-b44f-eacef5927958;382.95;0.01;SELL
2016-01-19T01:23:40.780000;2016-01-19T01:23:40.840000;0056826c-cbc5-4553-8d3d-d3aba3534ab7;382.94;0.01;SELL
2016-01-19T01:23:40.780000;2016-01-19T01:23:40.840000;bba588e1-808f-44d9-9ff9-edb4cc949e5a;382.92;0.01;SELL
2016-01-19T01:23:40.780000;2016-01-19T01:23:40.840000;89a7a5ff-af7a-4c2e-9b35-158226ea909d;382.89;0.01;SELL
2016-01-19T01:23:40.780000;2016-01-19T01:23:40.857000;24e8b859-67fa-40bc-92ee-f2b556018d4b;382.89;0.123;SELL
2016-01-19T01:23:40.780000;2016-01-19T01:23:40.857000;65ff6a61-ad18-46ce-a666-c465e6da57da;382.84;0.0576;SELL
2016-01-19T01:24:01.057000;2016-01-19T01:24:01.090000;35fdfedf-f2fc-4892-b301-140ca082979c;382.86;0.01;SELL
2016-01-19T01:24:01.417000;2016-01-19T01:24:01.450000;6e67905f-9bd7-4241-ab4b-ee06ed74fdaa;382.86;0.01;BUY
2016-01-19T01:24:10.517000;2016-01-19T01:24:10.560000;fd1d48e9-0c74-490c-80f4-acc008259847;382.86;0.44980588;BUY
2016-01-19T01:24:10.517000;2016-01-19T01:24:10.577000;2c8450c9-dc1c-4559-a578-1cf1f7019e9e;382.91;0.14809412;BUY
2016-01-19T01:25:01.417000;2016-01-19T01:25:01.450000;bf87365a-55e7-4db9-87a7-a937beae3167;382.86;0.01;BUY
2016-01-19T01:25:11.403000;2016-01-19T01:25:11.437000;fbc9c728-706c-4e21-acc6-349130316386;382.86;0.033;BUY
2016-01-19T01:25:53.763000;2016-01-19T01:25:53.793000;82e8f6ca-5402-496e-98b1-df3d27b78f3e;382.85;0.01;SELL
2016-01-19T01:25:53.767000;2016-01-19T01:25:53.810000;b1c818f0-02b6-4ee7-a372-9e07d5ff9ddd;382.85;0.23;SELL
2016-01-19T01:25:53.767000;2016-01-19T01:25:53.810000;35b30186-b32d-4f26-ba7d-072a2c9129ee;382.85;0.44;SELL
2016-01-19T01:25:53.767000;2016-01-19T01:25:53.827000;69d8a2b1-af1f-4679-9798-bd7c49319672;382.76;0.01;SELL
2016-01-19T01:25:53.767000;2016-01-19T01:25:53.840000;7377b04c-4e3d-4722-a867-2831315357c9;382.72;0.198;SELL
2016-01-19T01:25:53.767000;2016-01-19T01:25:53.890000;c1dcd5e2-1444-4826-a0a0-8e4c8d8f3124;382.67;0.159;SELL
2016-01-19T01:25:53.767000;2016-01-19T01:25:53.890000;f3bc1a7c-4eb8-4ee1-b185-b581d6fae2dd;382.59;0.115;SELL
2016-01-19T01:25:53.767000;2016-01-19T01:25:53.890000;fcd79af0-0213-466b-952a-84fb82eedadc;382.54;0.086;SELL
2016-01-19T01:25:53.767000;2016-01-19T01:25:53.890000;e768985b-fc01-4c60-89a9-4523d57fd2ff;382.45;0.094;SELL
2016-01-19T01:25:53.767000;2016-01-19T01:25:53.890000;7cf5f32d-ad48-45c0-a2a4-fb938be5e5e5;382.4;0.125;SELL
2016-01-19T01:25:53.767000;2016-01-19T01:25:53.903000;f34b8184-3c61-4acc-8db8-d51d80c4987b;382.27;0.01;SELL
2016-01-19T01:25:53.767000;2016-01-19T01:25:53.903000;c9ee19c4-6e67-46a4-aad5-f6dce993ac39;382.1;0.59;SELL
2016-01-19T01:25:53.767000;2016-01-19T01:25:53.903000;dce9ea20-5f87-4778-9bc7-609a10d58ad3;382.09;0.01;SELL
2016-01-19T01:26:01.803000;2016-01-19T01:26:01.840000;bb0b3fac-ed5e-4c9f-8ea5-d80a7c818df5;381.99;0.01;BUY
2016-01-19T01:26:10.607000;2016-01-19T01:26:10.653000;fd867bfd-f614-4c48-97ad-9d1641bcb7f5;381.95;0.01;SELL
2016-01-19T01:26:10.607000;2016-01-19T01:26:10.670000;24e24d00-effc-434c-ab46-5f667819d4f5;381.95;0.094;SELL
2016-01-19T01:26:10.607000;2016-01-19T01:26:10.670000;0e68f5b1-00b0-4456-8d7b-df68e19238d3;381.94;0.01;SELL
2016-01-19T01:26:10.610000;2016-01-19T01:26:10.670000;0656d0dd-594a-4345-9db6-aa2e2747bfd1;381.93;0.01;SELL
2016-01-19T01:26:10.610000;2016-01-19T01:26:10.670000;b4bc3f98-b787-4b2a-874d-dee5144aaa3e;381.92;0.01;SELL
2016-01-19T01:26:10.610000;2016-01-19T01:26:10.670000;fb35d205-9f91-40d1-9b8d-a0e11383ca6e;381.9;0.01;SELL
2016-01-19T01:26:10.610000;2016-01-19T01:26:10.717000;44d4d9c1-b495-44a7-b217-3f35ca4c935f;381.9;0.072;SELL
2016-01-19T01:26:10.610000;2016-01-19T01:26:10.717000;f2edd61b-f34a-4307-bf0d-94d3b4ba1689;381.85;0.073;SELL
2016-01-19T01:26:10.610000;2016-01-19T01:26:10.717000;11426740-5dce-4f3a-bc01-04d69a063cf5;381.8;0.077;SELL
2016-01-19T01:26:10.610000;2016-01-19T01:26:10.717000;eb797e06-ed68-4513-abe7-b368c75f8f9a;381.75;0.122;SELL
2016-01-19T01:26:10.610000;2016-01-19T01:26:10.717000;6f2f4c36-078b-4861-af96-aa915be407b7;381.7;0.01;SELL
2016-01-19T01:26:10.610000;2016-01-19T01:26:10.747000;7aa0366f-3197-4dc5-98eb-eeeb0fe5859c;381.65;0.01;SELL
2016-01-19T01:26:10.610000;2016-01-19T01:26:10.747000;e33f12a9-8f8d-45d1-9d68-b694cc7a9469;381.46;0.01;SELL
2016-01-19T01:26:10.610000;2016-01-19T01:26:10.747000;9e7844aa-3f89-4aa1-86b7-49b9094fcf7d;381.46;0.2838;SELL
2016-01-19T01:26:37.087000;2016-01-19T01:26:37.123000;bf50539e-7bb6-47f1-a4dd-346481436f79;381.56;0.01;SELL
2016-01-19T01:26:37.087000;2016-01-19T01:26:37.140000;4b7c565d-8e74-48af-a033-55c4acd0002d;381.55;0.05;SELL
2016-01-19T01:26:40.917000;2016-01-19T01:26:40.950000;f9fa4d85-5665-4f40-ab19-651037e086e7;381.88;0.25;BUY
2016-01-19T01:26:40.917000;2016-01-19T01:26:40.967000;36f1c3c0-b0a6-4276-b762-87191c2c8b2a;381.91;0.0213;BUY
2016-01-19T01:27:01.863000;2016-01-19T01:27:01.890000;e82b2a7f-a153-4490-a464-16176a1c24a8;381.86;0.01;BUY
2016-01-19T01:27:04.627000;2016-01-19T01:27:04.653000;8289ab13-f216-4016-91a7-2aaee17f9f37;381.62;0.01;SELL
2016-01-19T01:27:04.627000;2016-01-19T01:27:04.670000;97f5f727-da23-493e-936e-bc1a299a4309;381.62;0.079;SELL
2016-01-19T01:27:04.627000;2016-01-19T01:27:04.670000;6a9452d3-8622-40a3-9bc4-24fa4598f464;381.61;0.01;SELL
2016-01-19T01:27:04.627000;2016-01-19T01:27:04.687000;ef5890e0-0398-4b8a-bcba-6e451eaffc13;381.6;0.01;SELL
2016-01-19T01:27:04.627000;2016-01-19T01:27:04.687000;054c0b55-274c-458f-9d55-45263ea33c11;381.59;0.01;SELL
2016-01-19T01:27:04.627000;2016-01-19T01:27:04.763000;60fa5254-91e6-45d4-9726-8a1ad587b9a1;381.58;0.01;SELL
2016-01-19T01:27:04.627000;2016-01-19T01:27:04.763000;681dfc0d-2986-4944-866b-ad498e7e08b6;381.56;0.081;SELL
2016-01-19T01:27:04.627000;2016-01-19T01:27:04.763000;f4f984fb-5f95-4ba1-85cd-77c78bc30fee;381.54;0.01;SELL
2016-01-19T01:27:04.943000;2016-01-19T01:27:04.997000;3924b495-fdba-4d17-8117-6ee9fd77416f;381.5;0.107;BUY
2016-01-19T01:27:10.927000;2016-01-19T01:27:10.967000;12751756-60f8-4519-ae50-164449b3ac28;381.49;0.25;BUY
2016-01-19T01:27:10.930000;2016-01-19T01:27:10.983000;fb8afdd4-dfed-4ecf-9841-18580bd48560;381.5;0.0688;BUY
2016-01-19T01:27:17.520000;2016-01-19T01:27:17.560000;f9f70594-5b50-4255-a027-2d0b36f2d7f7;381.5;0.027;BUY
2016-01-19T01:27:40.970000;2016-01-19T01:27:40.997000;13aa9792-e03c-4107-b12e-ef0126ab8c8f;381.5;0.0002;BUY
2016-01-19T01:27:40.970000;2016-01-19T01:27:41.013000;4e5b4f0e-a108-4811-8d91-01b0610d244c;381.78;0.42;BUY
2016-01-19T01:27:40.970000;2016-01-19T01:27:41.013000;1bb51ef7-2704-40f3-86c4-e56c802fa985;381.92;0.01;BUY
2016-01-19T01:27:40.970000;2016-01-19T01:27:41.030000;af75634d-5300-414d-8615-92555474e49a;381.98;0.01;BUY
2016-01-19T01:27:40.970000;2016-01-19T01:27:41.030000;85d2d202-fe4a-4a77-9005-28e2467fc247;382.02;0.01;BUY
2016-01-19T01:27:40.970000;2016-01-19T01:27:41.030000;048ce402-d73d-4879-98e5-cd62fc99a3bf;382.1;0.01;BUY
2016-01-19T01:27:40.970000;2016-01-19T01:27:41.030000;0f2e3201-f984-4a3f-a22b-28efa1bd2ed8;382.11;0.01;BUY
2016-01-19T01:27:40.970000;2016-01-19T01:27:41.030000;8663eeee-33a3-4b23-aa2c-02448469a5fd;382.12;0.01;BUY
2016-01-19T01:27:40.970000;2016-01-19T01:27:41.043000;e5f62d43-3199-453f-a6c5-51c4456bda7d;382.13;0.01;BUY
2016-01-19T01:27:40.970000;2016-01-19T01:27:41.043000;b294e1d9-9b1c-41e7-ac72-aa99a527a896;382.18;0.01;BUY
2016-01-19T01:27:40.970000;2016-01-19T01:27:41.043000;908a7f9c-3b27-4417-bc5a-70f38b4d6287;382.32;0.44;BUY
2016-01-19T01:27:40.970000;2016-01-19T01:27:41.090000;5aa0001f-1176-4ecc-9e5b-c41f952992a9;382.33;0.01;BUY
2016-01-19T01:27:40.973000;2016-01-19T01:27:41.107000;25ee0ca6-8106-471f-831b-77c5fc72078d;382.37;0.3303;BUY
2016-01-19T01:28:01.793000;2016-01-19T01:28:01.827000;ad481e60-9272-403c-87d3-54f7b6963993;382.27;0.01;BUY
2016-01-19T01:28:10.557000;2016-01-19T01:28:10.607000;1b7f0092-18bd-481c-ad64-1bf92610d5f0;382.27;0.09;BUY
2016-01-19T01:28:10.557000;2016-01-19T01:28:10.607000;1dce1cfa-a293-49b9-8214-2e144868dff0;382.27;0.1;BUY
2016-01-19T01:28:10.557000;2016-01-19T01:28:10.607000;dba803d7-e0f7-492e-bbd3-2172644f7be6;382.38;0.01;BUY
2016-01-19T01:28:10.557000;2016-01-19T01:28:10.607000;96226fc2-ce48-4f2e-8db4-982d5f5b24ab;382.48;0.129;BUY
2016-01-19T01:28:10.557000;2016-01-19T01:28:10.607000;e15a3feb-2d7d-4b09-9809-71c78c7d3bc5;382.52;0.09;BUY
2016-01-19T01:28:10.557000;2016-01-19T01:28:10.607000;c1ba9780-479e-4274-ae21-b372973757ae;382.56;0.01;BUY
2016-01-19T01:28:10.557000;2016-01-19T01:28:10.623000;8bab2d9d-1e5e-4b69-96b2-f0e4db652f14;382.56;0.11;BUY
2016-01-19T01:28:10.557000;2016-01-19T01:28:10.623000;4dece162-e1af-4675-af8c-301060e513f8;382.57;0.01;BUY
2016-01-19T01:28:10.557000;2016-01-19T01:28:10.623000;5973c9cf-ab3a-492f-8940-97c1e7b9d828;382.57;0.01;BUY
2016-01-19T01:28:10.557000;2016-01-19T01:28:10.623000;db4cb00f-bec7-4533-85fb-a41179ead66f;382.57;0.0493;BUY
2016-01-19T01:28:47.670000;2016-01-19T01:28:47.700000;f6e5d8a5-7fd6-4f5f-b000-54a3542b3ae1;382.4;1.1829;BUY
2016-01-19T01:29:01.463000;2016-01-19T01:29:01.497000;33da4f77-c671-4a2d-8d35-350544dedd17;382.4;0.01;BUY
2016-01-19T01:29:11.437000;2016-01-19T01:29:11.467000;cb131b5c-bd04-4175-8bbd-4af3f179b8cb;382.4;0.0391;BUY
2016-01-19T01:29:41.040000;2016-01-19T01:29:41.060000;638f6bf7-07c6-436f-8dfb-81a0d0e37bb2;382.39;6.1778;BUY
2016-01-19T01:30:01.370000;2016-01-19T01:30:01.390000;9ac29c69-b4f8-4552-9fd7-d8beeec40776;382.39;0.01;BUY
2016-01-19T01:30:11.367000;2016-01-19T01:30:11.390000;6e0cc81c-9a93-4150-a0f9-10b803a0418e;382.38;0.1232;BUY
2016-01-19T01:30:40.330000;2016-01-19T01:30:40.357000;aa27cbfc-5fce-44f7-b83a-b563bb433580;382.38;0.1268;BUY
2016-01-19T01:30:40.330000;2016-01-19T01:30:40.373000;e28755c4-a776-42bc-8cb6-33d6c460f953;382.39;0.78;BUY
2016-01-19T01:31:01.720000;2016-01-19T01:31:01.747000;9be5fda7-daf0-461d-b8db-47f1e249e0d6;382.38;0.01;BUY
2016-01-19T01:31:04.447000;2016-01-19T01:31:04.467000;b4e565d0-8a69-430a-95d0-b04fcaa6b2a4;382.38;0.01;BUY
2016-01-19T01:31:40.527000;2016-01-19T01:31:40.543000;d6c1021c-d4cb-4721-92b0-596619ff4228;382.37;0.25;BUY
2016-01-19T01:31:40.527000;2016-01-19T01:31:40.560000;6105c797-2fa2-4f08-bdfa-64ac3a5557cc;382.38;0.0674;BUY
2016-01-19T01:32:01.737000;2016-01-19T01:32:01.747000;02dec8d1-bdf8-4e23-968c-7805e053bca3;382.38;0.01;BUY
2016-01-19T01:32:55.907000;2016-01-19T01:32:55.937000;442a935f-fb0f-4e76-9bd9-4c012c2ea30e;382.35;0.01;SELL
2016-01-19T01:32:55.907000;2016-01-19T01:32:55.937000;b0a52093-edf9-4959-b284-619a50f081da;382.34;0.01;SELL
2016-01-19T01:32:55.907000;2016-01-19T01:32:55.937000;dae80201-f1dc-4127-a54b-8d7e6e962a7a;382.34;2.106;SELL
2016-01-19T01:33:01.437000;2016-01-19T01:33:01.450000;c4e63538-b9d2-4761-a2ce-99b3def74e62;382.35;0.01;BUY
2016-01-19T01:33:06.773000;2016-01-19T01:33:06.793000;649da07a-7146-4ad1-8a6c-b018517e4522;382.34;0.194;SELL
2016-01-19T01:33:11.943000;2016-01-19T01:33:11.967000;387c4124-5f2a-4729-86d0-6b4a1ffccad4;382.12;0.0789;BUY
2016-01-19T01:33:28.957000;2016-01-19T01:33:28.967000;4aa6aa99-6a94-4758-85d0-56642000bd5d;382.1;0.01;SELL
2016-01-19T01:33:40.467000;2016-01-19T01:33:40.483000;f223dc16-8cad-4874-96cc-231009f6e5e5;382.07;0.01;SELL
2016-01-19T01:34:01.397000;2016-01-19T01:34:01.403000;ec7347dd-5d9c-4b0c-9e5e-431454d2c56e;381.93;0.01;BUY
2016-01-19T01:34:07.683000;2016-01-19T01:34:07.700000;e629b184-d644-4cc3-b16e-0aee6a29dc8a;381.92;0.01;SELL
2016-01-19T01:34:07.683000;2016-01-19T01:34:07.717000;777c0dbc-62ba-4878-96fc-ad9e040f9d6c;381.91;0.01;SELL
2016-01-19T01:34:07.683000;2016-01-19T01:34:07.717000;57ef8d35-d7ca-4de4-83e8-101968d37e24;381.9;0.01;SELL
2016-01-19T01:34:07.683000;2016-01-19T01:34:07.733000;43d5e3c5-4bb6-4212-bf0c-5d74f1a1a497;381.89;0.1;SELL
2016-01-19T01:34:11.453000;2016-01-19T01:34:11.483000;45b9192c-4d7e-4521-b017-ba861ef29146;381.85;0.1;SELL
2016-01-19T01:34:30.683000;2016-01-19T01:34:30.700000;f072b882-ad96-44c2-a3bf-2ac7d2875c4a;381.78;0.01;SELL
2016-01-19T01:34:30.683000;2016-01-19T01:34:30.717000;b621c5d8-2487-4fb4-98b1-ddf94724eea8;381.77;0.3153;SELL
2016-01-19T01:34:30.683000;2016-01-19T01:34:30.717000;1db8deab-c881-400a-85cd-30c687474475;381.69;0.01;SELL
2016-01-19T01:34:30.683000;2016-01-19T01:34:30.733000;e4326fb0-98f3-43d1-8512-9291e6d06da7;381.68;0.1;SELL
2016-01-19T01:34:30.683000;2016-01-19T01:34:30.780000;f918f18e-5b67-4968-b27f-f9d970f3f8c4;381.65;0.01;SELL
2016-01-19T01:34:30.683000;2016-01-19T01:34:30.780000;fb163c94-4431-4297-a0be-0abc3bf3015b;381.62;0.35;SELL
2016-01-19T01:34:30.683000;2016-01-19T01:34:30.780000;3ee25298-9fbb-417b-ae18-7c16deb01f3e;381.56;0.076;SELL
2016-01-19T01:34:30.683000;2016-01-19T01:34:30.780000;040d2239-f743-4fa3-b23b-984f87e4e59b;381.51;6.95;SELL
2016-01-19T01:34:30.683000;2016-01-19T01:34:30.780000;44126edc-13fc-40ea-a6c3-5fc80638a6f6;381.5;2.1787;SELL
2016-01-19T01:34:41.603000;2016-01-19T01:34:41.623000;dfe40f19-88ef-49c9-a11a-2533fabe507e;381.57;0.01;SELL
2016-01-19T01:34:41.603000;2016-01-19T01:34:41.623000;049dd50d-46f7-4de9-83f0-bb06c56ddd6e;381.53;0.095;SELL
2016-01-19T01:34:41.603000;2016-01-19T01:34:41.640000;850d85fd-0122-422b-b703-57e04c87aeae;381.52;0.01;SELL
2016-01-19T01:34:41.603000;2016-01-19T01:34:41.640000;6d4ecaa8-5ef8-48a2-b9b4-453c9c027967;381.5;1.3982;SELL
2016-01-19T01:35:01.390000;2016-01-19T01:35:01.420000;79861fa0-8d0e-41c6-bcde-06903f2cee7a;381.64;0.01;BUY
2016-01-19T01:35:42.330000;2016-01-19T01:35:42.343000;9b598095-fc5a-4efa-ab97-02accead0e46;381.63;0.533;BUY
2016-01-19T01:35:42.330000;2016-01-19T01:35:42.357000;70fd1bf8-df82-465f-b98b-75c073638fad;381.65;0.99;BUY
2016-01-19T01:35:42.330000;2016-01-19T01:35:42.357000;f165ef86-9709-4568-9463-50543f22c8d5;381.66;0.581;BUY
2016-01-19T01:35:42.330000;2016-01-19T01:35:42.357000;8b6528a1-8ef5-4db0-9e8b-43fbbba20e87;381.66;0.66;BUY
2016-01-19T01:35:42.330000;2016-01-19T01:35:42.373000;e3db8501-b69e-4fa6-9fdc-df2dfe4e31f9;381.67;0.771;BUY
2016-01-19T01:35:42.330000;2016-01-19T01:35:42.437000;5469d7b5-8e54-4d93-ac78-71206ca5c0e0;381.67;0.22;BUY
2016-01-19T01:35:42.330000;2016-01-19T01:35:42.437000;31a136df-4744-49d4-84d8-023719f8eca4;381.68;0.27;BUY
2016-01-19T01:35:42.330000;2016-01-19T01:35:42.437000;a7fe234b-316d-4b12-8c0b-c85813fd7ac7;381.68;0.11;BUY
2016-01-19T01:35:42.330000;2016-01-19T01:35:42.437000;444d62ec-e4ac-4194-a6e0-6b8568bdeee7;381.69;1.014;BUY
2016-01-19T01:35:42.330000;2016-01-19T01:35:42.450000;24793fc3-6179-4623-b982-3a445bbd9c0a;381.73;0.33;BUY
2016-01-19T01:35:42.330000;2016-01-19T01:35:42.450000;755062c9-0033-47e3-b662-c8ac96de9002;381.74;0.709;BUY
2016-01-19T01:35:42.330000;2016-01-19T01:35:42.450000;71681411-8e93-4324-97fa-e426c40e5cdc;381.75;0.01;BUY
2016-01-19T01:35:42.330000;2016-01-19T01:35:42.450000;af4e9496-19b2-4e65-a3d7-b2290f2cd13b;381.75;1.105;BUY
2016-01-19T01:35:42.330000;2016-01-19T01:35:42.450000;ce6adfaa-dccb-4606-865f-46f3def9189f;381.78;35.17;BUY
2016-01-19T01:35:42.330000;2016-01-19T01:35:42.450000;11776123-b438-41cd-91c1-1312bf26e4b8;381.79;1.179;BUY
2016-01-19T01:35:42.330000;2016-01-19T01:35:42.450000;7ee245b4-f39e-4c2e-9641-8c244448ef44;381.79;4.5893;BUY
2016-01-19T01:35:53.837000;2016-01-19T01:35:53.857000;befffdf7-0e6f-4699-91d2-6c2c77b2bd4c;381.65;5.87;SELL
2016-01-19T01:36:10.773000;2016-01-19T01:36:10.797000;40f46327-ad96-417e-bdd4-34ed9983c8db;381.84;0.81;BUY
2016-01-19T01:36:10.773000;2016-01-19T01:36:10.797000;020cbff9-c98b-478a-ae25-2d5fd9a00684;381.84;0.1916;BUY
2016-01-19T01:36:22.363000;2016-01-19T01:36:22.390000;ecf76371-9ec5-410f-ab20-d527a5e0ca95;381.84;0.01;BUY
2016-01-19T01:36:40.957000;2016-01-19T01:36:40.983000;34d22579-3304-411c-9eba-2f83f4fbdfed;381.84;0.914;BUY
2016-01-19T01:36:40.957000;2016-01-19T01:36:40.983000;e13fd1dc-5ddf-46d3-9c29-9275c39b8272;381.89;1.463;BUY
2016-01-19T01:36:40.957000;2016-01-19T01:36:40.997000;23c50b39-340c-41bc-9a37-e05de60293ea;381.89;0.09;BUY
2016-01-19T01:37:01.343000;2016-01-19T01:37:01.390000;2a594ee4-ab70-4843-83ff-9698a075def8;381.92;0.01;BUY
2016-01-19T01:37:12.110000;2016-01-19T01:37:12.153000;e3126025-9c9b-485c-a416-5bf0095af732;381.76;1.9996;SELL
2016-01-19T01:37:40.850000;2016-01-19T01:37:40.920000;8125e559-db1e-45d1-bc58-9ececace4025;381.75;0.826;BUY
2016-01-19T01:37:40.850000;2016-01-19T01:37:40.920000;c4bf1949-37a2-4a2e-8598-2fa94d86f214;381.75;0.4164;BUY
2016-01-19T01:38:01.723000;2016-01-19T01:38:01.780000;28f207a5-5c10-49b7-9c22-50230114fec1;381.75;0.01;BUY
2016-01-19T01:38:11.553000;2016-01-19T01:38:11.607000;59c392fd-ef62-444d-b9cc-7a02c5e54bb6;381.75;0.1505;BUY
2016-01-19T01:38:11.553000;2016-01-19T01:38:11.623000;812fc879-e3f4-4ea7-bc8c-07ddf9d0ebeb;381.8;0.1071;BUY
2016-01-19T01:38:40.973000;2016-01-19T01:38:41.030000;535384b7-2143-4f76-ab72-4265683c0c9e;381.77;0.3684;SELL
2016-01-19T01:39:01.500000;2016-01-19T01:39:01.543000;8d1c8606-e22c-4d2a-9e9f-4960aeaae73f;381.99;0.01;BUY
2016-01-19T01:39:10.937000;2016-01-19T01:39:10.983000;e186b8b1-2e3c-4f21-ab0e-8f2260e070bf;382.0;0.0555;BUY
2016-01-19T01:39:39.563000;2016-01-19T01:39:39.623000;2a45e75b-40f1-4427-8fa5-9d2149bc136e;382.0;0.05961535;BUY
2016-01-19T01:39:40.897000;2016-01-19T01:39:40.937000;139b3a28-7036-42eb-ad1b-3d70ff8245b1;382.0;0.14410682;BUY
2016-01-19T01:39:40.897000;2016-01-19T01:39:40.967000;c7cc362a-7243-4d5c-8395-ea9240e33476;382.0;0.5;BUY
2016-01-19T01:39:40.897000;2016-01-19T01:39:40.967000;244bb0cb-40e1-4c51-9345-873ab27720fc;382.01;0.2;BUY
2016-01-19T01:39:40.897000;2016-01-19T01:39:40.967000;77811248-6574-4324-a01f-ca6349f8d123;382.02;0.3;BUY
2016-01-19T01:39:40.897000;2016-01-19T01:39:40.983000;7e1df61c-43c5-47a6-8968-ba266efae1b5;382.03;0.27829318;BUY
2016-01-19T01:40:11.527000;2016-01-19T01:40:11.577000;a0ff529d-efb4-4988-8eca-0b451de9d1b9;382.02;0.1603;SELL
2016-01-19T01:40:26.897000;2016-01-19T01:40:26.950000;fe577552-452d-4338-8871-8b1a6e93ecce;382.03;0.22170682;BUY
2016-01-19T01:40:26.897000;2016-01-19T01:40:26.950000;c5f9f3e5-984c-42ce-b8ce-c3202d64014e;382.1;0.01;BUY
2016-01-19T01:40:26.897000;2016-01-19T01:40:26.950000;81e5fee4-e9e8-4ade-91e6-c0f72c7d01a8;382.16;0.02;BUY
2016-01-19T01:40:26.897000;2016-01-19T01:40:26.967000;7d800403-bfca-481b-8d0b-f084b904a609;382.17;0.00829318;BUY
2016-01-19T01:40:41.127000;2016-01-19T01:40:41.187000;98cc7cb3-7ed0-4bee-b47c-14859e19bb00;382.17;0.00170682;BUY
2016-01-19T01:40:41.127000;2016-01-19T01:40:41.187000;c41e3831-306d-4b2d-b348-3acb448484e1;382.28;0.01;BUY
2016-01-19T01:40:41.127000;2016-01-19T01:40:41.200000;6c2f03aa-e4b4-4643-8766-804b2c1fbb6a;382.3;0.01;BUY
2016-01-19T01:40:41.127000;2016-01-19T01:40:41.200000;30c63a4d-434a-413c-b6ee-982372c03a62;382.33;0.01;BUY
2016-01-19T01:40:41.127000;2016-01-19T01:40:41.200000;7a7d1a61-6ef5-465c-a7f9-d450ce7b96e8;382.33;0.03369318;BUY
2016-01-19T01:41:12.320000;2016-01-19T01:41:12.373000;65c0d005-df45-484d-aff7-f0d2a4b9512e;382.37;2.4067;BUY
2016-01-19T01:41:40.550000;2016-01-19T01:41:40.593000;3525e9fd-7aa3-441b-8d5c-d32201d2271c;382.21;0.5;SELL
2016-01-19T01:41:41.300000;2016-01-19T01:41:41.340000;2d38d8e8-2b7e-4ded-b407-b2798816a125;382.37;1.4761;BUY
2016-01-19T01:42:41.440000;2016-01-19T01:42:41.483000;3d8ccb0b-704e-438e-8e4d-f11b67084247;382.27;0.0176;SELL
2016-01-19T01:42:45.413000;2016-01-19T01:42:45.450000;ad65f8d9-a97f-474f-919b-460fe8477efc;382.26;0.022;BUY
2016-01-19T01:43:11.713000;2016-01-19T01:43:11.747000;6ddace03-5585-44c5-89bd-d8608f5bf0e5;382.3;0.07972933;BUY
2016-01-19T01:43:11.713000;2016-01-19T01:43:11.763000;9c81a7b9-ca77-45ff-b1d6-ff400acb9625;382.38;0.01;BUY
2016-01-19T01:43:11.713000;2016-01-19T01:43:11.763000;162acb83-05d1-48ca-a702-4820ebd76e10;382.5;0.01;BUY
2016-01-19T01:43:11.713000;2016-01-19T01:43:11.763000;49053fb6-4dba-4ef5-8683-9fcf66f8dc9b;382.5;0.093;BUY
2016-01-19T01:43:11.713000;2016-01-19T01:43:11.780000;86cebac5-9af8-4ae3-96b3-07c3efc1a55d;382.52;0.01;BUY
2016-01-19T01:43:11.717000;2016-01-19T01:43:11.780000;1ba96a82-9873-4d4f-971a-8ce8e0e88b4b;382.53;0.01;BUY
2016-01-19T01:43:11.717000;2016-01-19T01:43:11.780000;61c7a24f-a6be-4189-89bd-504cd144dbe4;382.55;0.01;BUY
2016-01-19T01:43:11.717000;2016-01-19T01:43:11.793000;de99ba93-e7e2-4286-8d0c-dcf7afe31103;382.56;0.079;BUY
2016-01-19T01:43:11.717000;2016-01-19T01:43:11.793000;08f2d0fc-d6a2-4508-a422-6fbc65d4303e;382.58;0.01;BUY
2016-01-19T01:43:11.717000;2016-01-19T01:43:11.793000;76a449f8-e911-4ce0-b0d3-fe49a3c3adc6;382.59;0.01;BUY
2016-01-19T01:43:11.717000;2016-01-19T01:43:11.793000;1032ac72-4878-4fe0-b33e-8af5d17dd9ea;382.6;0.01;BUY
2016-01-19T01:43:11.717000;2016-01-19T01:43:11.793000;03bf4eab-5e51-4b0d-bf11-76854c227e97;382.62;0.09607067;BUY
2016-01-19T01:43:41.447000;2016-01-19T01:43:41.483000;06eedcc9-0b7d-4e13-91c8-fde35599e070;382.25;4.52;SELL
2016-01-19T01:43:41.447000;2016-01-19T01:43:41.497000;6155a69b-7f60-44f6-a190-ce56c7f96a5e;382.24;0.35;SELL
2016-01-19T01:43:41.447000;2016-01-19T01:43:41.497000;fe193105-44ff-43bd-9b6b-e5f4dcf4756e;382.16;0.138;SELL
2016-01-19T01:43:41.447000;2016-01-19T01:43:41.497000;74c4e5d6-f69e-42e6-81a2-abb5e34e1cec;382.14;0.01;SELL
2016-01-19T01:43:41.447000;2016-01-19T01:43:41.497000;1b0c138c-aebe-4384-a7f1-ddeb01d0b754;381.93;0.9556;SELL
2016-01-19T01:44:12.850000;2016-01-19T01:44:12.890000;b82108fa-9e87-4885-b919-2af42dda1c4b;382.51;0.828;BUY
2016-01-19T01:44:12.850000;2016-01-19T01:44:12.903000;cad0d236-d3f4-4479-8ec8-b8b373acf085;382.51;0.1744;BUY
2016-01-19T01:44:20.760000;2016-01-19T01:44:20.793000;5a852980-5b51-4d00-aa04-6207e57ce47f;382.51;0.01;BUY
2016-01-19T01:44:41.473000;2016-01-19T01:44:41.513000;ff872228-58eb-416a-975a-46dbdf6d8214;382.5;0.01172;SELL
2016-01-19T01:44:41.473000;2016-01-19T01:44:41.530000;1235eccd-d514-429d-95d4-c20ef91198c4;382.35;0.01;SELL
2016-01-19T01:44:41.473000;2016-01-19T01:44:41.530000;f7fcca77-2fc9-4845-8cb5-9a845e5e9242;382.32;0.07928;SELL
2016-01-19T01:45:41.517000;2016-01-19T01:45:41.543000;f7c43812-5e62-4910-8d30-d62131eba80c;382.34;0.42;BUY
2016-01-19T01:45:41.517000;2016-01-19T01:45:41.560000;af43658d-3838-4851-887e-48deb69ec522;382.34;4.9849;BUY
2016-01-19T01:46:11.200000;2016-01-19T01:46:11.233000;bd0d98ba-912b-4b46-a17a-f9c0aa1bf593;382.36;3.45;BUY
2016-01-19T01:46:11.200000;2016-01-19T01:46:11.233000;fbe6db9e-7180-4cf5-b145-24e40f6dc954;382.37;0.74;BUY
2016-01-19T01:46:11.200000;2016-01-19T01:46:11.233000;7504029a-b87f-4e10-b246-00854ad1e387;382.39;0.756;BUY
2016-01-19T01:46:11.200000;2016-01-19T01:46:11.247000;6d7c4e33-8492-4790-a834-098052810d26;382.44;0.766;BUY
2016-01-19T01:46:11.200000;2016-01-19T01:46:11.247000;a6d15be5-d7aa-4fa4-941d-ab34eb6178bb;382.48;1.2549;BUY
2016-01-19T01:46:43.920000;2016-01-19T01:46:43.950000;2118341e-e7fa-4d7b-8850-ff447afd9425;382.29;0.01;SELL
2016-01-19T01:46:43.920000;2016-01-19T01:46:43.967000;e735d56a-12fd-447f-a9f1-4c4fd77a3ff3;382.28;0.01;SELL
2016-01-19T01:46:43.920000;2016-01-19T01:46:43.967000;9f20d390-7dee-444a-a742-971f7173f707;382.27;0.11;SELL
2016-01-19T01:46:43.920000;2016-01-19T01:46:43.967000;e3b60fd2-14a8-4f27-9a26-7e54f41e59a0;382.26;0.01;SELL
2016-01-19T01:46:43.920000;2016-01-19T01:46:43.983000;9f8eaa30-0a31-43bf-8545-297bf77aef2e;382.23;0.22;SELL
2016-01-19T01:46:43.923000;2016-01-19T01:46:43.983000;1753640e-db18-402c-bc73-06ea5bd10158;382.22;0.121;SELL
2016-01-19T01:46:43.923000;2016-01-19T01:46:43.983000;ecbe390e-66e0-41dd-a166-728b84825665;382.19;0.33;SELL
2016-01-19T01:46:43.923000;2016-01-19T01:46:44.030000;5d7d0c45-5866-4817-bd0a-259958c02774;382.18;0.31;SELL
2016-01-19T01:46:43.923000;2016-01-19T01:46:44.060000;b18b4811-5ae6-4251-b846-6bf75c97361d;382.1;0.55;SELL
2016-01-19T01:46:43.923000;2016-01-19T01:46:44.060000;0231f03a-7c97-4dd9-81be-4d845e773387;382.09;0.01;SELL
2016-01-19T01:46:43.923000;2016-01-19T01:46:44.060000;085937d2-797b-425a-b6a0-9433afafabaf;382.09;0.55;SELL
2016-01-19T01:46:43.923000;2016-01-19T01:46:44.060000;e689babc-e644-4363-872c-9700b8684e7a;382.08;0.109;SELL
2016-01-19T01:46:43.923000;2016-01-19T01:46:44.060000;bc128d01-8677-4c16-9104-2aa7b521cb33;382.04;0.88;SELL
2016-01-19T01:46:43.923000;2016-01-19T01:46:44.060000;4166b0a5-228d-4d0a-ada6-aeb8b2a3f485;382.03;0.082;SELL
2016-01-19T01:46:43.923000;2016-01-19T01:46:44.060000;b6dc59c7-b398-4d9d-af67-413555df8b0a;381.99;1.32;SELL
2016-01-19T01:46:43.923000;2016-01-19T01:46:44.060000;dab76f27-3375-4cdd-977a-41f2fc7c2c09;381.98;0.109;SELL
2016-01-19T01:46:43.923000;2016-01-19T01:46:44.060000;1624a074-f33a-438c-8a47-e09ea7431995;381.98;0.3596;SELL
2016-01-19T01:47:11.330000;2016-01-19T01:47:11.357000;3e879c15-ccd4-4a5b-824e-5304c366e527;381.93;1.32;SELL
2016-01-19T01:47:11.330000;2016-01-19T01:47:11.357000;b4fd81f1-ee40-40d3-961b-a62a81c0dd35;381.92;1.43;SELL
2016-01-19T01:47:11.330000;2016-01-19T01:47:11.390000;59e7d4ec-0eb6-4c6b-aa51-b48be8e44ab0;381.92;0.01;SELL
2016-01-19T01:47:11.330000;2016-01-19T01:47:11.390000;52e236c2-5ac6-4fad-94e3-b9941e8286bd;381.91;0.562;SELL
2016-01-19T01:47:11.330000;2016-01-19T01:47:11.390000;686b4a22-962c-40dd-893b-57ef7068003f;381.91;0.99;SELL
2016-01-19T01:47:11.330000;2016-01-19T01:47:11.390000;45741e93-c034-45f2-8323-235f78a729a2;381.9;0.01;SELL
2016-01-19T01:47:11.330000;2016-01-19T01:47:11.390000;3360b143-acce-4f6f-b36d-5e87b13aadec;381.9;1.1;SELL
2016-01-19T01:47:11.330000;2016-01-19T01:47:11.390000;786b997f-7d94-4c5c-9bae-5c9f75882bc4;381.89;0.01;SELL
2016-01-19T01:47:11.330000;2016-01-19T01:47:11.390000;22b1a6c2-bcd9-4379-840e-38d4936d478a;381.86;1.43;SELL
2016-01-19T01:47:11.330000;2016-01-19T01:47:11.403000;40b77924-909d-4c33-b187-6cf4d4c76784;381.85;1.191;SELL
2016-01-19T01:47:11.330000;2016-01-19T01:47:11.403000;0c934ee8-54d1-4e04-a9cd-ee882f964147;381.84;0.44;SELL
2016-01-19T01:47:11.330000;2016-01-19T01:47:11.403000;8b851316-454d-4888-a56b-37ed2aac7696;381.83;0.115;SELL
2016-01-19T01:47:11.330000;2016-01-19T01:47:11.403000;d330c181-5583-4ab1-902b-7d495225c6d3;381.81;0.66;SELL
2016-01-19T01:47:11.330000;2016-01-19T01:47:11.403000;9be0459e-daf8-4ab8-9277-e29e07577706;381.8;0.526;SELL
2016-01-19T01:47:42.010000;2016-01-19T01:47:42.043000;aa893ed3-c0ce-483d-b440-0f836a884360;382.24;0.44;BUY
2016-01-19T01:47:42.010000;2016-01-19T01:47:42.043000;59b9fdea-5cb2-462a-bb1c-bb40578fcbfb;382.25;0.59;BUY
2016-01-19T01:47:42.010000;2016-01-19T01:47:42.043000;d612dc61-7116-494d-8fd9-d797fa4275fc;382.3;0.4976;BUY
2016-01-19T01:48:11.650000;2016-01-19T01:48:11.700000;b53c4126-4c82-4598-8e03-9dd3be59037f;382.31;0.01;BUY
2016-01-19T01:48:11.650000;2016-01-19T01:48:11.700000;d02ac000-1c50-4dac-8fe8-580c4809be87;382.37;0.01;BUY
2016-01-19T01:48:11.650000;2016-01-19T01:48:11.700000;534bb881-df54-467f-a675-f894601a6fe2;382.47;0.01;BUY
2016-01-19T01:48:11.653000;2016-01-19T01:48:11.717000;5aab141a-3589-467f-918a-942793210594;382.48;0.01;BUY
2016-01-19T01:48:11.653000;2016-01-19T01:48:11.747000;fcb0e280-0860-4d2c-bb4f-51d791964181;382.49;0.0251;BUY
2016-01-19T01:48:32.430000;2016-01-19T01:48:32.450000;1d0b80c7-9dab-4a3f-a2ba-1f904a4ef823;382.36;0.01;SELL
2016-01-19T01:48:32.430000;2016-01-19T01:48:32.467000;ce5ead20-37e4-43da-8668-f8e8d793cf62;382.35;0.01;SELL
2016-01-19T01:48:32.430000;2016-01-19T01:48:32.467000;64c673f3-cb4c-4f0b-ad5c-c0e211f3abcb;382.35;0.38;SELL
2016-01-19T01:48:32.430000;2016-01-19T01:48:32.467000;5c3513a2-62dd-454c-8e20-795da71b8e81;382.26;0.098;SELL
2016-01-19T01:48:32.430000;2016-01-19T01:48:32.467000;71615f50-a21e-4e8e-bcce-56c02449bfde;382.19;0.125;SELL
2016-01-19T01:48:32.430000;2016-01-19T01:48:32.483000;f9d5b57e-e563-4785-a686-10ac9d9172fa;382.07;0.01;SELL
2016-01-19T01:48:32.430000;2016-01-19T01:48:32.483000;6e103efa-0178-4d9d-8a9b-dcdc13c70b97;381.93;0.367;SELL
2016-01-19T01:48:41.773000;2016-01-19T01:48:41.793000;f15af199-8eef-4565-87c0-9557a59a4a0b;382.42;0.5187;BUY
2016-01-19T01:49:11.660000;2016-01-19T01:49:11.687000;f1cefc50-4561-4bba-a7d5-b84ef074a00b;381.99;0.1848;SELL
2016-01-19T01:49:41.213000;2016-01-19T01:49:41.247000;ecc64544-7c2e-4aa1-9df3-7cb5fc2bb53c;382.5;0.1902;BUY
2016-01-19T01:50:12.257000;2016-01-19T01:50:12.280000;c41c9b98-1f33-4354-9752-116d82437610;382.5;0.8098;BUY
2016-01-19T01:50:12.257000;2016-01-19T01:50:12.280000;6e11d988-96b7-4023-93d3-04aa9f2d483e;382.53;0.01;BUY
2016-01-19T01:50:12.257000;2016-01-19T01:50:12.297000;a6940475-eed4-438b-8c55-6e1d286c69fd;382.54;0.01;BUY
2016-01-19T01:50:12.257000;2016-01-19T01:50:12.297000;2b7a23b3-f012-4ca0-9b5f-18ff0520ed73;382.55;0.01;BUY
2016-01-19T01:50:12.257000;2016-01-19T01:50:12.297000;554cc384-7f69-47c4-aed3-ccd12d41e9ee;382.57;0.01;BUY
2016-01-19T01:50:12.257000;2016-01-19T01:50:12.297000;2b57b508-3b48-45f3-bd90-e5736b0c515f;382.62;0.01;BUY
2016-01-19T01:50:12.257000;2016-01-19T01:50:12.297000;2c7dba64-9752-4b2e-ad9b-e941bf4517e3;382.75;0.01;BUY
2016-01-19T01:50:12.257000;2016-01-19T01:50:12.343000;d463b02c-9e2c-4646-a875-c5bd960d8aea;382.75;0.203;BUY
2016-01-19T01:50:12.257000;2016-01-19T01:50:12.343000;f5cb3faf-edc2-4ab0-aa98-c7e449d26085;382.76;0.01;BUY
2016-01-19T01:50:12.257000;2016-01-19T01:50:12.343000;5d5f11b6-360b-41e3-8ca7-089b77a9e81c;382.76;0.202;BUY
2016-01-19T01:50:12.257000;2016-01-19T01:50:12.343000;c897fb1d-15d5-4da7-b993-6bfb48d82c01;382.79;0.1142;BUY
2016-01-19T01:50:20.157000;2016-01-19T01:50:20.187000;49214a08-099a-4ff9-973e-46f181bc8058;382.53;1.21;SELL
2016-01-19T01:50:20.157000;2016-01-19T01:50:20.187000;707adf87-b984-4838-aef3-61636968463a;382.52;1.996;SELL
2016-01-19T01:50:20.157000;2016-01-19T01:50:20.187000;2b3feb42-d68e-4349-af25-1db26519e0c4;382.29;0.01;SELL
2016-01-19T01:50:20.157000;2016-01-19T01:50:20.217000;6098d153-76a0-4112-a5c7-b696102e89f8;382.15;0.089;SELL
2016-01-19T01:50:20.157000;2016-01-19T01:50:20.217000;311c7422-5001-44fc-802e-5fa02969ccc3;382.15;0.01;SELL
2016-01-19T01:50:20.157000;2016-01-19T01:50:20.217000;c83ff2af-4fa1-4fdf-840b-56654413d708;382.12;6.685;SELL
2016-01-19T01:50:22.247000;2016-01-19T01:50:22.280000;7220ad39-3db6-4321-a3c7-1e992cfabe7a;382.34;0.2;SELL
2016-01-19T01:50:41.957000;2016-01-19T01:50:41.983000;53ad3c54-0c14-49d3-a0a3-30d2ffe9b987;382.74;0.0264;BUY
2016-01-19T01:51:04.447000;2016-01-19T01:51:04.467000;77b08141-a686-4378-bdd2-674293bea8cf;382.74;0.01;BUY
2016-01-19T01:51:43.893000;2016-01-19T01:51:43.920000;73892dbf-f66e-4bd1-8326-3e5d92f17098;382.36;0.3892;SELL
2016-01-19T01:52:11.813000;2016-01-19T01:52:11.850000;75e80d95-939f-4d5d-9c52-011f4dd63fd5;382.65;0.39;BUY
2016-01-19T01:52:11.813000;2016-01-19T01:52:11.867000;14f81bee-53b5-4a3f-8ac4-562e0f15d8c4;382.66;0.6628;BUY
2016-01-19T01:52:42.470000;2016-01-19T01:52:42.523000;a23af2ec-56b4-48ea-8d04-1290f309f35f;382.48;0.01;SELL
2016-01-19T01:52:42.470000;2016-01-19T01:52:42.523000;950dec87-dfbd-4a7d-8ae7-e669f6ef0356;382.43;0.158;SELL
2016-01-19T01:53:08.350000;2016-01-19T01:53:08.400000;a26109d5-ea94-4e0f-91e1-55ff078ade3d;382.66;0.01;BUY
2016-01-19T01:53:12.023000;2016-01-19T01:53:12.087000;0fd41304-eb15-491f-b897-d7c4954b4017;382.66;0.19;BUY
2016-01-19T01:53:12.023000;2016-01-19T01:53:12.087000;7c21a3a6-9587-47f3-aea2-70d581833e2b;382.66;0.01;BUY
2016-01-19T01:53:12.023000;2016-01-19T01:53:12.087000;198844d7-eb17-44eb-b193-80d6edf3ec23;382.77;0.01;BUY
2016-01-19T01:53:12.023000;2016-01-19T01:53:12.087000;f46573ee-bf37-49f3-9a3b-e244d49801ab;382.78;0.01;BUY
2016-01-19T01:53:12.023000;2016-01-19T01:53:12.087000;c6248c30-198c-4042-bb68-5bb9d653e411;382.83;0.01;BUY
2016-01-19T01:53:12.027000;2016-01-19T01:53:12.087000;1215e0e8-bc64-4c59-87b8-f72f12c7062a;382.84;0.04;BUY
2016-01-19T01:53:12.027000;2016-01-19T01:53:12.087000;39a58999-c5e5-4090-8a6b-c330936d853f;382.87;0.098;BUY
2016-01-19T01:53:12.027000;2016-01-19T01:53:12.087000;d64c36b6-22e3-4d9e-b698-91039ccfff5a;382.88;0.01;BUY
2016-01-19T01:53:12.027000;2016-01-19T01:53:12.087000;5b261d74-a7cc-4352-baac-f3bae5dbca70;382.89;0.01;BUY
2016-01-19T01:53:12.027000;2016-01-19T01:53:12.100000;015853fe-7bf5-4069-9578-713ec639e7ed;382.92;1.298;BUY
2016-01-19T01:53:12.027000;2016-01-19T01:53:12.100000;384d0073-d4d6-4b25-a66c-d6ff5508d7e1;382.96;0.9347;BUY
2016-01-19T01:53:41.763000;2016-01-19T01:53:41.803000;9721aba7-50d9-4cdd-b180-18373677d1ed;382.98;0.11;BUY
2016-01-19T01:53:41.763000;2016-01-19T01:53:41.820000;be60ccca-a1a6-46c6-9082-3e13f6692156;382.99;0.2;BUY
2016-01-19T01:53:41.763000;2016-01-19T01:53:41.820000;baf74ec5-d54e-43b9-a719-fd018c4ed963;382.99;0.431;BUY
2016-01-19T01:53:41.763000;2016-01-19T01:53:41.820000;1ecc7eb6-ad45-4f2a-9473-e3d33c075f0e;383.0;0.045;BUY
2016-01-19T01:53:41.763000;2016-01-19T01:53:41.837000;1c0320de-c3c6-464b-a402-289913db461e;383.0;0.1623;BUY
2016-01-19T01:54:12.257000;2016-01-19T01:54:12.303000;22afd14f-d82e-4ce6-8b5d-4869a8f3142c;382.95;0.0504;BUY
2016-01-19T01:54:38.463000;2016-01-19T01:54:38.507000;ff370c20-10ac-4c90-9da2-a88529ca258e;383.0;0.0977;BUY
2016-01-19T01:54:38.723000;2016-01-19T01:54:38.757000;d58940a5-91eb-431f-8c6c-78138ed102b8;383.04;0.01;BUY
2016-01-19T01:54:38.723000;2016-01-19T01:54:38.757000;1904b2e1-0e48-428f-9601-5dca217f0e6f;383.04;0.2;BUY
2016-01-19T01:54:38.723000;2016-01-19T01:54:38.757000;4d84e4c2-a100-4760-a63f-fbeeb659efbd;383.07;0.099;BUY
2016-01-19T01:54:38.723000;2016-01-19T01:54:38.773000;849a5239-1521-403d-b90c-92d180c792f9;383.08;0.48991201;BUY
2016-01-19T01:54:39.743000;2016-01-19T01:54:39.790000;0623747d-8b2c-4e5a-b149-1982f6c5db70;383.12;0.01;BUY
2016-01-19T01:54:39.743000;2016-01-19T01:54:39.790000;6df7889e-78e2-47b1-a835-fd12461e3374;383.13;0.01;BUY
2016-01-19T01:54:39.743000;2016-01-19T01:54:39.790000;c8cb25d7-bc91-4a19-af4a-c20e5d004b62;383.2;0.01;BUY
2016-01-19T01:54:40.753000;2016-01-19T01:54:40.803000;a0ba6ee6-a36f-416f-a046-6ced903e1a2f;383.24;0.01;BUY
2016-01-19T01:54:40.753000;2016-01-19T01:54:40.803000;0788e25b-3be6-4bb7-bdd1-e5b36077ace9;383.24;0.01;BUY
2016-01-19T01:54:40.753000;2016-01-19T01:54:40.803000;5679abc3-0c42-4041-904f-2661c5cbe96d;383.28;0.77891201;BUY
2016-01-19T01:54:41.397000;2016-01-19T01:54:41.430000;9157414f-9af2-4ea4-80d4-7656f6c4c9ce;383.32;0.2589;BUY
2016-01-19T01:55:00.870000;2016-01-19T01:55:00.900000;d282ffff-6ea5-48b6-a666-9a2f4837b6f2;383.27;0.766;BUY
2016-01-19T01:55:00.870000;2016-01-19T01:55:00.913000;73d77457-464e-4ea8-956a-8c9329bfc239;383.31;0.234;BUY
2016-01-19T01:55:11.613000;2016-01-19T01:55:11.663000;c6243ffb-a24d-4c0b-97e5-2a9105732a7a;383.29;0.3044;BUY
2016-01-19T01:55:39.560000;2016-01-19T01:55:39.587000;f552bf1d-2278-4cbe-b3d8-934742e95528;383.21;0.76891201;SELL
2016-01-19T01:56:00.580000;2016-01-19T01:56:00.633000;25f48a73-832d-4960-9b72-6acbd98243cd;383.13;0.01;SELL
2016-01-19T01:56:00.580000;2016-01-19T01:56:00.633000;a67b8d47-62da-4453-9025-3f637962331c;383.05;0.33;SELL
2016-01-19T01:56:00.580000;2016-01-19T01:56:00.633000;15226969-3680-4bb5-84e1-b039aec6b31b;383.04;0.2;SELL
2016-01-19T01:56:00.580000;2016-01-19T01:56:00.633000;c0d1c545-de44-45be-94b4-12618347305b;383.03;0.70121201;SELL
2016-01-19T01:56:00.580000;2016-01-19T01:56:00.633000;b8b74b91-4a87-4fef-812f-78fe343b7949;383.03;0.27;SELL
2016-01-19T01:56:00.580000;2016-01-19T01:56:00.650000;48588fc8-5469-41e5-8604-addd87cb5d3f;383.02;0.28;SELL
2016-01-19T01:56:00.580000;2016-01-19T01:56:00.650000;cadae2c3-6508-4972-bb06-584489ee09bb;382.97;0.122;SELL
2016-01-19T01:56:00.580000;2016-01-19T01:56:00.650000;b03162c2-7f56-48c4-9b4d-9e0ac744531b;382.95;0.11;SELL
2016-01-19T01:56:00.580000;2016-01-19T01:56:00.650000;de714537-e0c1-4db0-b10b-3479b399cc5c;382.94;0.79891201;SELL
2016-01-19T01:56:00.583000;2016-01-19T01:56:00.663000;3acf2447-a91a-497a-b516-e22e4be6ec70;382.94;0.01;SELL
2016-01-19T01:56:00.583000;2016-01-19T01:56:00.663000;cc6d1610-8fbb-4757-8ca0-8d610ea1528c;382.88;0.214;SELL
2016-01-19T01:56:00.583000;2016-01-19T01:56:00.663000;32a3d5f5-9694-45cc-bb8b-68cd8b6e32e0;382.85;0.79891201;SELL
2016-01-19T01:56:00.583000;2016-01-19T01:56:00.663000;09333d5a-0643-4d49-b848-197a5a62d25f;382.83;0.218;SELL
2016-01-19T01:56:00.583000;2016-01-19T01:56:00.680000;45bf6033-6ad2-4492-a9d2-c97da96de228;382.78;0.166;SELL
2016-01-19T01:56:00.583000;2016-01-19T01:56:00.680000;522f16ac-8aa5-4c0c-9e1b-a06be298a995;382.76;0.79891201;SELL
2016-01-19T01:56:00.583000;2016-01-19T01:56:00.680000;6e3033a8-e000-46d7-be19-cab4d25b4bb9;382.75;0.01;SELL
2016-01-19T01:56:00.583000;2016-01-19T01:56:00.680000;51b64605-e705-4848-8a78-7cf5335b4322;382.67;0.79891201;SELL
2016-01-19T01:56:00.583000;2016-01-19T01:56:00.697000;3bb65107-de12-475d-9325-f916a5afc865;382.64;0.99;SELL
