time_exchange;time_coinpai;guid;price;base_amount;taker_side
2016-01-19T00:00:02.000000;2016-01-19T00:00:02.000000;01ea8bc2-7c94-4cdf-a1b3-66da3ffa2572;387.04;1.64720546;UNKNOWN
2016-01-19T00:00:02.000000;2016-01-19T00:00:02.000000;2e327718-726d-4da4-9ab1-3233480060ff;387.04;0.10240669;UNKNOWN
2016-01-19T00:00:02.000000;2016-01-19T00:00:02.000000;23bf0182-6ba6-4687-916c-218cc13d8fff;387.04;0.5;UNKNOWN
2016-01-19T00:00:03.000000;2016-01-19T00:00:03.000000;fdef4e78-648c-4bb0-b820-21b9c69c5edf;387.01;0.3982817;UNKNOWN
2016-01-19T00:00:06.000000;2016-01-19T00:00:06.000000;14837d71-a82f-4deb-940e-8c86b16c03ef;387.04;2.0;UNKNOWN
2016-01-19T00:00:09.000000;2016-01-19T00:00:09.000000;ca2cb533-e28f-4d77-865e-0c081f455cbe;387.01;0.6017183;UNKNOWN
2016-01-19T00:01:05.000000;2016-01-19T00:01:05.000000;ce40726a-fdac-4a30-8cba-029de213cf03;386.73;1.43773271;UNKNOWN
2016-01-19T00:01:05.000000;2016-01-19T00:01:05.000000;2b7bb272-a7b0-43c8-a330-77d91de42882;387.0;0.15;UNKNOWN
2016-01-19T00:01:29.000000;2016-01-19T00:01:29.000000;616152c8-fb77-4b52-8e42-eb1406e2ae24;386.63;0.52;UNKNOWN
2016-01-19T00:02:41.000000;2016-01-19T00:02:41.000000;cf1d4fee-63e1-4a59-8e11-4bbe3b056a3f;386.85;0.01;UNKNOWN
2016-01-19T00:06:09.000000;2016-01-19T00:06:09.000000;814d98ef-bdea-4990-b183-801c0568f215;387.19;0.7562;UNKNOWN
2016-01-19T00:09:01.000000;2016-01-19T00:09:01.000000;72f4df21-0780-43d5-8c9f-6c1e86e6d581;386.87;1.0;UNKNOWN
2016-01-19T00:11:33.000000;2016-01-19T00:11:33.000000;a9dd0783-ff11-47e6-8b52-bec3fa2f0bcc;386.59;0.01;UNKNOWN
2016-01-19T00:11:37.000000;2016-01-19T00:11:37.000000;aa847caa-e9a2-4cf4-89fb-155600f3e967;386.96;1.1;UNKNOWN
2016-01-19T00:12:42.000000;2016-01-19T00:12:42.000000;93c6cf41-e0fc-40a0-bf8f-bc7b9f30abf4;386.45;12.38;UNKNOWN
2016-01-19T00:14:48.000000;2016-01-19T00:14:48.000000;7644c0e0-603d-42c5-8db0-8b5a2fcacccf;386.48;0.01;UNKNOWN
2016-01-19T00:15:05.000000;2016-01-19T00:15:05.000000;7c094f97-5624-4776-968b-391b0ce314ec;386.38;1.37273783;UNKNOWN
2016-01-19T00:17:05.000000;2016-01-19T00:17:05.000000;95fb5a08-9450-4595-873f-1c2ba384a5c6;386.15;2.0;UNKNOWN
2016-01-19T00:17:38.000000;2016-01-19T00:17:38.000000;2ea03abc-9297-404d-96ef-2d2e411da8bf;386.32;4.85742049;UNKNOWN
2016-01-19T00:19:05.000000;2016-01-19T00:19:05.000000;aff54738-230f-4ed9-bb77-29380dcf88fc;386.11;1.99846967;UNKNOWN
2016-01-19T00:19:05.000000;2016-01-19T00:19:05.000000;39067bf4-c75a-40dc-ba1c-17b4ef29ba6e;386.15;0.01407;UNKNOWN
2016-01-19T00:20:08.000000;2016-01-19T00:20:08.000000;fb45c568-95bc-4b2d-a756-5e4d5f940f51;386.05;0.64608465;UNKNOWN
2016-01-19T00:21:57.000000;2016-01-19T00:21:57.000000;0ee379ae-e80f-4408-90c7-555f8fb4297b;386.14;0.02601;UNKNOWN
2016-01-19T00:22:01.000000;2016-01-19T00:22:01.000000;cc63fdc9-4c1a-4564-aaa6-7418237cbf8f;386.16;2.0041;UNKNOWN
2016-01-19T00:25:05.000000;2016-01-19T00:25:05.000000;581b3673-b188-4030-9801-442a2366ecbf;386.2;1.36664862;UNKNOWN
2016-01-19T00:25:08.000000;2016-01-19T00:25:08.000000;99e47e4b-d0b5-497c-a4f8-a6363ebdd3f4;386.19;0.05128994;UNKNOWN
2016-01-19T00:26:08.000000;2016-01-19T00:26:08.000000;e0618ffa-627b-4888-834b-6a88240010ec;386.26;0.1;UNKNOWN
2016-01-19T00:26:08.000000;2016-01-19T00:26:08.000000;e369bed8-ce79-4f1d-a5bb-c7cbbf047839;386.26;0.14;UNKNOWN
2016-01-19T00:26:23.000000;2016-01-19T00:26:23.000000;15c01172-df0c-4323-a89f-e5b6b465447a;386.26;0.11;UNKNOWN
2016-01-19T00:26:23.000000;2016-01-19T00:26:23.000000;7ce1c363-0243-4035-9eb5-dbf307019b64;386.26;0.16;UNKNOWN
2016-01-19T00:26:40.000000;2016-01-19T00:26:40.000000;72f06ac3-1ed4-4e22-873d-5d94b3551414;386.26;0.14;UNKNOWN
2016-01-19T00:27:05.000000;2016-01-19T00:27:05.000000;945f4c30-ebe8-4b14-ae02-22603bf72de3;386.26;1.54334569;UNKNOWN
2016-01-19T00:27:21.000000;2016-01-19T00:27:21.000000;f591db5e-03d5-4114-90eb-2d68f36fab21;386.25;6.3892;UNKNOWN
2016-01-19T00:29:05.000000;2016-01-19T00:29:05.000000;5682dc9f-b6fc-41c2-85e5-f5927293a3eb;386.24;2.0;UNKNOWN
2016-01-19T00:30:49.000000;2016-01-19T00:30:49.000000;afb28c97-b89c-4c56-b4b7-baea6001b63f;386.27;0.1;UNKNOWN
2016-01-19T00:30:55.000000;2016-01-19T00:30:55.000000;32d4aa38-b656-4e53-96af-1e54fe9f797d;386.31;0.06;UNKNOWN
2016-01-19T00:30:55.000000;2016-01-19T00:30:55.000000;120dfef1-6b08-4e13-bbc0-0bed37b50dbc;386.27;0.04;UNKNOWN
2016-01-19T00:31:13.000000;2016-01-19T00:31:13.000000;b1b8bc1a-a118-4a37-9212-3a715b0e238c;386.23;0.025;UNKNOWN
2016-01-19T00:31:13.000000;2016-01-19T00:31:13.000000;c3013e46-9b4b-4e89-9395-7c33bfd22621;386.23;2.2518352;UNKNOWN
2016-01-19T00:31:13.000000;2016-01-19T00:31:13.000000;ad585699-cfa0-4020-9181-fb45e08aa5e0;386.29;5.49;UNKNOWN
2016-01-19T00:31:19.000000;2016-01-19T00:31:19.000000;500343cd-02ce-47d8-af44-7605fa4ea290;386.29;0.13;UNKNOWN
2016-01-19T00:31:19.000000;2016-01-19T00:31:19.000000;caa26583-0a7b-4af9-adea-170f2490d644;386.29;0.1;UNKNOWN
2016-01-19T00:31:37.000000;2016-01-19T00:31:37.000000;38dddd7b-9590-4a56-a483-7ee283720981;386.28;0.07;UNKNOWN
2016-01-19T00:33:13.000000;2016-01-19T00:33:13.000000;6da6f262-d22f-4d61-94b2-807df108c6db;386.67;0.06;UNKNOWN
2016-01-19T00:35:07.000000;2016-01-19T00:35:07.000000;90757c50-b540-4c1e-bc32-4d400aacf3a3;386.22;0.07;UNKNOWN
2016-01-19T00:35:07.000000;2016-01-19T00:35:07.000000;aef858dd-2b0a-4209-8533-29547a6fb6de;386.11;0.5159;UNKNOWN
2016-01-19T00:35:07.000000;2016-01-19T00:35:07.000000;2883c26f-359f-41f6-974c-944c46f1e985;386.2;0.2;UNKNOWN
2016-01-19T00:35:07.000000;2016-01-19T00:35:07.000000;e21cb62d-54c9-4556-9ebb-7091e6ed5242;386.16;0.25;UNKNOWN
2016-01-19T00:35:37.000000;2016-01-19T00:35:37.000000;56903a0e-944a-4060-9d67-1d8c877ac400;386.26;0.07;UNKNOWN
2016-01-19T00:35:37.000000;2016-01-19T00:35:37.000000;00a9f4b2-44c8-4e10-b51b-d4da87a8da5b;386.25;0.11;UNKNOWN
2016-01-19T00:35:37.000000;2016-01-19T00:35:37.000000;57dec2d9-636b-49ba-9876-ddec060c48dc;386.23;0.14;UNKNOWN
2016-01-19T00:37:42.000000;2016-01-19T00:37:42.000000;c105314e-95f5-4f29-a511-357eb5c7ba00;386.28;0.01;UNKNOWN
2016-01-19T00:37:52.000000;2016-01-19T00:37:52.000000;91d99251-c392-436c-bd7f-403763c0eaeb;386.86;2.02;UNKNOWN
2016-01-19T00:37:52.000000;2016-01-19T00:37:52.000000;25d5b43b-b247-4984-85b9-e953449a7e69;386.71;12.0;UNKNOWN
2016-01-19T00:37:52.000000;2016-01-19T00:37:52.000000;67d6a1ad-e927-4c4e-8e1f-a64ebb8643d3;386.41;0.09;UNKNOWN
2016-01-19T00:37:52.000000;2016-01-19T00:37:52.000000;a28c9326-c49a-42ab-950d-2978f84e15cf;386.72;12.5;UNKNOWN
2016-01-19T00:37:52.000000;2016-01-19T00:37:52.000000;f8c500c7-6f22-4866-86b5-4d58ce446698;386.47;0.07;UNKNOWN
2016-01-19T00:37:52.000000;2016-01-19T00:37:52.000000;6e9646ab-ccf5-44c8-b1aa-1008a5482505;386.69;0.5;UNKNOWN
2016-01-19T00:37:52.000000;2016-01-19T00:37:52.000000;ac6daaad-67e7-4d32-b3f3-f4678ff854fe;386.71;6.0;UNKNOWN
2016-01-19T00:37:52.000000;2016-01-19T00:37:52.000000;29d399e7-8de9-417e-a4a4-d5050b970fd1;386.34;0.15;UNKNOWN
2016-01-19T00:37:52.000000;2016-01-19T00:37:52.000000;7c3c9025-d752-4882-9c4a-11dcafd87bdc;386.7;3.0;UNKNOWN
2016-01-19T00:37:52.000000;2016-01-19T00:37:52.000000;3a7a44f6-2d83-49ff-b881-8cf2be2d9750;386.87;2.104012;UNKNOWN
2016-01-19T00:40:05.000000;2016-01-19T00:40:05.000000;87e4b4b8-7a76-4bce-a03e-a36261505659;387.03;0.5;UNKNOWN
2016-01-19T00:40:05.000000;2016-01-19T00:40:05.000000;7798af47-5533-4e6c-88c0-edf79c5800cc;387.02;1.09297512;UNKNOWN
2016-01-19T00:40:25.000000;2016-01-19T00:40:25.000000;c805fe8b-c924-421c-9579-cff91878d5eb;387.16;0.98;UNKNOWN
2016-01-19T00:41:07.000000;2016-01-19T00:41:07.000000;e6cbbda0-2414-42c8-8fda-ba44d6130093;386.73;0.05066899;UNKNOWN
2016-01-19T00:43:41.000000;2016-01-19T00:43:41.000000;ec79387a-9f7b-4dde-a43d-55f0708ce27b;386.62;4.016;UNKNOWN
2016-01-19T00:45:06.000000;2016-01-19T00:45:06.000000;5a44f119-516b-4a73-8aca-0360fac8935e;386.79;0.23919916;UNKNOWN
2016-01-19T00:45:41.000000;2016-01-19T00:45:41.000000;33cb4d6d-e08c-4ac7-8002-0b8ea41cbdb7;387.13;0.476;UNKNOWN
2016-01-19T00:46:33.000000;2016-01-19T00:46:33.000000;a3a678be-989b-4fb4-bdea-803b4c8016e7;387.19;4.974;UNKNOWN
2016-01-19T00:46:44.000000;2016-01-19T00:46:44.000000;3eeccc69-8f75-4b19-b448-73edc67014cc;387.2;3.89;UNKNOWN
2016-01-19T00:50:05.000000;2016-01-19T00:50:05.000000;20b335df-e326-40bf-999a-53b20d526b9f;387.22;0.30485505;UNKNOWN
2016-01-19T00:51:57.000000;2016-01-19T00:51:57.000000;f60b9400-db8f-46ed-8b72-c870ea08fa36;387.01;0.03879547;UNKNOWN
2016-01-19T00:52:37.000000;2016-01-19T00:52:37.000000;b41379ce-ea96-4b08-82a1-5282c9084676;387.2;5.0;UNKNOWN
2016-01-19T00:53:06.000000;2016-01-19T00:53:06.000000;bd23bb03-22bf-404f-ab32-8b6f31f9b443;387.07;0.5;UNKNOWN
2016-01-19T00:53:06.000000;2016-01-19T00:53:06.000000;ae633066-e250-4f50-93de-9bd4590bad0d;387.06;1.5662758;UNKNOWN
2016-01-19T00:53:07.000000;2016-01-19T00:53:07.000000;4fd484e6-4575-4ade-9f37-6e96a3c4d90c;387.06;1.42448233;UNKNOWN
2016-01-19T00:54:37.000000;2016-01-19T00:54:37.000000;57c5eed8-fddc-49e0-9456-81ef24e438e1;387.03;0.12929154;UNKNOWN
2016-01-19T00:56:04.000000;2016-01-19T00:56:04.000000;bf9cfce4-7c02-4431-90a8-3001a35472fb;387.23;0.1;UNKNOWN
2016-01-19T00:56:18.000000;2016-01-19T00:56:18.000000;ef89f869-5a9e-42b9-a663-08235d06dde3;386.99;0.12931491;UNKNOWN
2016-01-19T01:00:05.000000;2016-01-19T01:00:05.000000;f17b00a6-e572-4331-b203-c39bf9e948fa;386.8;0.02;UNKNOWN
2016-01-19T01:00:05.000000;2016-01-19T01:00:05.000000;3da146d5-f34a-441d-9431-3b67a9a728aa;386.83;0.98;UNKNOWN
2016-01-19T01:00:16.000000;2016-01-19T01:00:16.000000;f8c22c70-30bc-4564-9691-d9448f3cb18e;386.91;0.4;UNKNOWN
2016-01-19T01:04:05.000000;2016-01-19T01:04:05.000000;3170335e-42e4-4fa2-bce8-189b1efb978c;386.91;1.0106;UNKNOWN
2016-01-19T01:04:07.000000;2016-01-19T01:04:07.000000;03a5c54b-7b08-4352-9096-60e01d9fd807;386.8;0.05046411;UNKNOWN
2016-01-19T01:05:17.000000;2016-01-19T01:05:17.000000;9f6dd0e3-e55a-4eeb-9677-2d39c43c4d96;386.81;0.77637099;UNKNOWN
2016-01-19T01:05:32.000000;2016-01-19T01:05:32.000000;6d2c7ac9-0980-4474-8703-73fc06bb83b5;386.9;1.6;UNKNOWN
2016-01-19T01:05:45.000000;2016-01-19T01:05:45.000000;7ac278f6-9062-475a-9186-acea5042d2e9;386.8;0.02;UNKNOWN
2016-01-19T01:06:05.000000;2016-01-19T01:06:05.000000;dd712f37-3953-4726-b92a-b5557109657f;387.09;0.694577;UNKNOWN
2016-01-19T01:06:06.000000;2016-01-19T01:06:06.000000;3330b5e8-2570-4ce3-bc56-b90a87451d9b;386.8;0.0756;UNKNOWN
2016-01-19T01:06:08.000000;2016-01-19T01:06:08.000000;e9b76dd3-c040-4146-a108-f83793ed018a;386.8;0.07693589;UNKNOWN
2016-01-19T01:06:08.000000;2016-01-19T01:06:08.000000;34ad1bf1-bb72-4254-abdf-42caba6c25ac;386.78;1.22881739;UNKNOWN
2016-01-19T01:07:05.000000;2016-01-19T01:07:05.000000;635dc069-62e9-4014-b8fc-2a4b65b7ffe1;386.57;1.41697797;UNKNOWN
2016-01-19T01:07:48.000000;2016-01-19T01:07:48.000000;06975683-322c-4fc3-9415-98e6e6d9002c;386.69;2.6;UNKNOWN
2016-01-19T01:08:05.000000;2016-01-19T01:08:05.000000;13b2df93-e66a-46ce-a1ff-81e3f9e45403;386.5;0.2;UNKNOWN
2016-01-19T01:08:05.000000;2016-01-19T01:08:05.000000;d5866c2c-f9e7-4d13-ad22-842f3584d594;386.48;0.03;UNKNOWN
2016-01-19T01:08:06.000000;2016-01-19T01:08:06.000000;2d1b9971-740d-4c00-bcef-d6fcd350e41d;386.69;6.3862;UNKNOWN
2016-01-19T01:08:30.000000;2016-01-19T01:08:30.000000;196b2a9d-caeb-43a6-b689-8748a96c0a06;386.69;10.9138;UNKNOWN
2016-01-19T01:08:30.000000;2016-01-19T01:08:30.000000;75cb1bc7-7b65-4775-a663-0af5528b4a11;386.7;11.11;UNKNOWN
2016-01-19T01:08:30.000000;2016-01-19T01:08:30.000000;8145538e-8ea5-46d5-afec-df5b72722c50;386.32;12.5936395;UNKNOWN
2016-01-19T01:08:30.000000;2016-01-19T01:08:30.000000;be9e6894-c47c-44fc-a07f-a4b40148a94c;386.4;0.2;UNKNOWN
2016-01-19T01:08:42.000000;2016-01-19T01:08:42.000000;d3dd5f44-d1dc-4c94-adfc-5110b4671819;386.32;0.49917661;UNKNOWN
2016-01-19T01:08:55.000000;2016-01-19T01:08:55.000000;74933e57-275f-429d-9be2-07fbbfc0cedd;386.62;0.25;UNKNOWN
2016-01-19T01:08:58.000000;2016-01-19T01:08:58.000000;748d1001-2127-470c-b7f4-6775573d524e;386.2;0.04;UNKNOWN
2016-01-19T01:08:58.000000;2016-01-19T01:08:58.000000;98a7b44d-eceb-42af-8a44-9d805d4a762a;386.2;5.7824;UNKNOWN
2016-01-19T01:09:00.000000;2016-01-19T01:09:00.000000;2ca6b4a7-4cea-48a6-89e1-494f592b085f;386.2;0.065;UNKNOWN
2016-01-19T01:09:21.000000;2016-01-19T01:09:21.000000;0a9911ba-77ab-4511-8ae5-a355b65e6668;386.41;0.075;UNKNOWN
2016-01-19T01:09:52.000000;2016-01-19T01:09:52.000000;b1eb85a5-6879-4c50-b53f-3e712711253d;386.23;7.7247612;UNKNOWN
2016-01-19T01:10:04.000000;2016-01-19T01:10:04.000000;c402e8e1-c8b4-455c-8727-8420bebc52bc;386.16;0.25;UNKNOWN
2016-01-19T01:10:07.000000;2016-01-19T01:10:07.000000;1389d573-4986-4dbe-a182-68a91bca1b64;385.96;0.25;UNKNOWN
2016-01-19T01:10:07.000000;2016-01-19T01:10:07.000000;f053ad68-90eb-4294-b2f9-84c41cd6716a;386.0;0.07002;UNKNOWN
2016-01-19T01:10:07.000000;2016-01-19T01:10:07.000000;be29efc6-727e-4c51-ac50-87b2573ea9cc;385.79;0.69688;UNKNOWN
2016-01-19T01:10:07.000000;2016-01-19T01:10:07.000000;74e8e32f-4c1f-4b7a-81c0-23dd31ce0342;385.8;0.02;UNKNOWN
2016-01-19T01:10:07.000000;2016-01-19T01:10:07.000000;76b7f957-225d-4c2f-9c89-bc5140dcb8b5;385.91;0.25;UNKNOWN
2016-01-19T01:10:07.000000;2016-01-19T01:10:07.000000;d8e4de18-3f66-47f9-80b8-a82168decbc1;386.1;0.115;UNKNOWN
2016-01-19T01:10:07.000000;2016-01-19T01:10:07.000000;b7adacc2-f61c-415a-9e8c-86e17a3bb406;386.0;0.0106;UNKNOWN
2016-01-19T01:10:07.000000;2016-01-19T01:10:07.000000;ebe157c4-f8ec-49e2-bde7-3c1dea9c17c3;386.01;0.01;UNKNOWN
2016-01-19T01:10:07.000000;2016-01-19T01:10:07.000000;71dc92ac-de80-43d9-aac5-3eaaf892fa66;386.03;2.5775;UNKNOWN
2016-01-19T01:10:07.000000;2016-01-19T01:10:07.000000;437be4fb-2341-46a3-ab65-b8adc0bbaa18;386.0;1.0;UNKNOWN
2016-01-19T01:10:11.000000;2016-01-19T01:10:11.000000;983479bc-4d03-4a54-bfbb-5297c0d40931;386.1;6.4135;UNKNOWN
2016-01-19T01:10:11.000000;2016-01-19T01:10:11.000000;7648e07c-a773-4684-aed1-a35d9a1f162e;386.11;0.0209;UNKNOWN
2016-01-19T01:11:25.000000;2016-01-19T01:11:25.000000;4646e360-7517-47f8-9911-5c5f0dd1d38f;385.75;1.0;UNKNOWN
2016-01-19T01:11:25.000000;2016-01-19T01:11:25.000000;b679c439-0452-4e51-bbe6-29c6f34aa0ed;385.75;5.4398;UNKNOWN
2016-01-19T01:11:44.000000;2016-01-19T01:11:44.000000;5bc2d62b-d674-4a61-9a75-7c1caf10b9a3;385.75;6.3981;UNKNOWN
2016-01-19T01:11:47.000000;2016-01-19T01:11:47.000000;d370a46b-c66e-4d27-84f5-ee6ad1da26e4;385.75;10.0;UNKNOWN
2016-01-19T01:11:53.000000;2016-01-19T01:11:53.000000;475faeb8-161f-434c-bbee-86c24e5cc5e6;385.75;3.1621;UNKNOWN
2016-01-19T01:11:53.000000;2016-01-19T01:11:53.000000;c7e62ee2-f950-4443-822a-16adc6da29c4;385.51;1.8379;UNKNOWN
2016-01-19T01:11:56.000000;2016-01-19T01:11:56.000000;2b055bdd-ceb9-46ac-aae5-e02b2f8c3c2c;385.75;3.1621;UNKNOWN
2016-01-19T01:12:03.000000;2016-01-19T01:12:03.000000;39749298-1b67-4776-a2db-e3ca7ac1a333;385.5;0.05;UNKNOWN
2016-01-19T01:12:03.000000;2016-01-19T01:12:03.000000;e4f8c480-f7a0-45b9-b8b8-8433c1ced61d;385.5;2.35214879;UNKNOWN
2016-01-19T01:12:03.000000;2016-01-19T01:12:03.000000;50222191-7776-4cff-9801-a165455d4dcd;385.52;3.1621;UNKNOWN
2016-01-19T01:12:03.000000;2016-01-19T01:12:03.000000;87c4c72b-48e2-441b-8538-2a50fc1f1744;385.54;6.4625;UNKNOWN
2016-01-19T01:12:33.000000;2016-01-19T01:12:33.000000;4c1ec321-89bd-44b4-8875-c8702c6ff4e3;385.5;2.4111;UNKNOWN
2016-01-19T01:12:33.000000;2016-01-19T01:12:33.000000;b68da728-5d8f-4d3c-804c-424e5661d5ae;385.52;6.4268;UNKNOWN
2016-01-19T01:12:33.000000;2016-01-19T01:12:33.000000;db6e7102-9ecb-43db-a5f8-bed744525ffa;385.52;3.1621;UNKNOWN
2016-01-19T01:12:49.000000;2016-01-19T01:12:49.000000;4f569ee2-1ce5-4532-8343-39fd891d3018;385.62;0.294;UNKNOWN
2016-01-19T01:12:57.000000;2016-01-19T01:12:57.000000;b7a32f4c-edb3-43f0-ae1c-f4c6d9c13c24;385.52;0.06487367;UNKNOWN
2016-01-19T01:12:57.000000;2016-01-19T01:12:57.000000;b97cf5c1-cfdd-47ec-a187-0e71674523a0;385.52;0.12715241;UNKNOWN
2016-01-19T01:13:08.000000;2016-01-19T01:13:08.000000;771e0d46-036b-4ac1-b343-fbddd722c750;385.76;0.294;UNKNOWN
2016-01-19T01:13:21.000000;2016-01-19T01:13:21.000000;eca723e6-841c-49ca-bde6-23abe2891dad;385.71;0.294;UNKNOWN
2016-01-19T01:13:24.000000;2016-01-19T01:13:24.000000;2b518768-5776-472c-a1e7-d4e1ad9d23ff;385.69;0.196;UNKNOWN
2016-01-19T01:13:24.000000;2016-01-19T01:13:24.000000;65092457-137e-4da7-b427-0fd519a182f9;385.53;1.0;UNKNOWN
2016-01-19T01:13:26.000000;2016-01-19T01:13:26.000000;83ddf34f-bd9d-4f0d-baf5-09eb80cb8481;385.69;0.196;UNKNOWN
2016-01-19T01:13:31.000000;2016-01-19T01:13:31.000000;c92cc1dc-0182-4ee9-bc6e-506b5c48349a;385.69;0.294;UNKNOWN
2016-01-19T01:14:05.000000;2016-01-19T01:14:05.000000;7e5f6cec-73a0-402d-b95a-d9c9f27ab597;385.69;0.196;UNKNOWN
2016-01-19T01:14:05.000000;2016-01-19T01:14:05.000000;b7005bca-a147-489c-9566-15c651fb1987;385.55;1.67531587;UNKNOWN
2016-01-19T01:14:13.000000;2016-01-19T01:14:13.000000;06d3cc97-6b69-44f3-ac70-459597dc0a04;385.69;0.196;UNKNOWN
2016-01-19T01:14:23.000000;2016-01-19T01:14:23.000000;434e1f29-1f28-4c48-8e80-38400d301574;385.69;0.117;UNKNOWN
2016-01-19T01:15:05.000000;2016-01-19T01:15:05.000000;51e2bc06-7ec9-4e67-a8ab-489fff04248c;385.88;0.39340327;UNKNOWN
2016-01-19T01:15:38.000000;2016-01-19T01:15:38.000000;09d67477-83e3-4100-9732-1f8cf8f7c6b8;385.7;1.1624359;UNKNOWN
2016-01-19T01:15:47.000000;2016-01-19T01:15:47.000000;0b71dd16-ec05-49b2-a402-0bf4c904deca;385.74;1.55777596;UNKNOWN
2016-01-19T01:17:05.000000;2016-01-19T01:17:05.000000;1af73e2c-4eda-4415-b2e4-a27792383d7e;385.67;0.02394183;UNKNOWN
2016-01-19T01:18:46.000000;2016-01-19T01:18:46.000000;5ea38b0a-f7c5-4e77-92fa-fd54e320e427;385.67;0.2004;UNKNOWN
2016-01-19T01:19:01.000000;2016-01-19T01:19:01.000000;8d3d3e4d-3e96-457d-b873-0797b67ebb4c;385.66;0.2;UNKNOWN
2016-01-19T01:19:06.000000;2016-01-19T01:19:06.000000;6713fdc7-b590-42d4-9926-060b3c8fc2a0;385.56;0.68846661;UNKNOWN
2016-01-19T01:19:06.000000;2016-01-19T01:19:06.000000;167bd128-592e-4bc1-9b98-247685927d20;385.66;0.78;UNKNOWN
2016-01-19T01:19:21.000000;2016-01-19T01:19:21.000000;16b3e957-3ec3-47dd-9626-d7bafc819d12;385.74;0.05;UNKNOWN
2016-01-19T01:19:21.000000;2016-01-19T01:19:21.000000;e4429855-7b8e-4685-952f-735f3c8dce2f;385.59;2.33;UNKNOWN
2016-01-19T01:20:21.000000;2016-01-19T01:20:21.000000;3b0af558-20ce-4d62-bb9a-264387a87c3c;385.55;4.58;UNKNOWN
2016-01-19T01:20:21.000000;2016-01-19T01:20:21.000000;a9ae42e2-a29e-4ca0-bd77-6efa0193897f;385.55;0.42;UNKNOWN
2016-01-19T01:20:21.000000;2016-01-19T01:20:21.000000;658d11c9-2b64-428b-9af4-122d3e840650;385.55;0.98;UNKNOWN
2016-01-19T01:21:00.000000;2016-01-19T01:21:00.000000;3ac08ee6-e7a0-4c7f-84f1-5d0ade84950c;385.54;2.71;UNKNOWN
2016-01-19T01:21:11.000000;2016-01-19T01:21:11.000000;5822661a-96e6-4fc8-8f32-45ea8559695b;385.5;20.06675121;UNKNOWN
2016-01-19T01:21:11.000000;2016-01-19T01:21:11.000000;0e916cf3-26fb-48f6-a1ed-02256fe2529a;385.52;0.17;UNKNOWN
2016-01-19T01:22:02.000000;2016-01-19T01:22:02.000000;78e52efa-c6e3-45e6-b21d-311f86e0dfd8;385.52;0.1;UNKNOWN
2016-01-19T01:22:48.000000;2016-01-19T01:22:48.000000;845aa4d3-d221-41d1-bbdb-ba4c9ac2a588;385.02;1.02;UNKNOWN
2016-01-19T01:22:48.000000;2016-01-19T01:22:48.000000;fc805d43-276b-463e-8697-ea35ffbca978;385.25;25.0;UNKNOWN
2016-01-19T01:22:48.000000;2016-01-19T01:22:48.000000;a3e84129-980b-407f-a35b-f05bf3e5610c;385.02;12.5817;UNKNOWN
2016-01-19T01:22:48.000000;2016-01-19T01:22:48.000000;f78dae5d-6e8c-47fe-96a1-37731a80cabb;385.2;0.02;UNKNOWN
2016-01-19T01:22:48.000000;2016-01-19T01:22:48.000000;4bb06def-9b26-4bc4-b2c5-5b5f21754056;385.16;0.5;UNKNOWN
2016-01-19T01:22:48.000000;2016-01-19T01:22:48.000000;8e1d1618-17fa-4500-bda3-14276d249d72;385.25;1.0;UNKNOWN
2016-01-19T01:22:48.000000;2016-01-19T01:22:48.000000;c2de959e-9144-4c30-a1d1-47a9cb99fb55;385.05;0.209;UNKNOWN
2016-01-19T01:22:48.000000;2016-01-19T01:22:48.000000;949f36f4-61f6-411b-bea9-16661dc23c7f;385.26;6.3919;UNKNOWN
2016-01-19T01:22:48.000000;2016-01-19T01:22:48.000000;952dc568-f120-4d04-935e-c376b3d95d85;385.07;13.1074;UNKNOWN
2016-01-19T01:22:48.000000;2016-01-19T01:22:48.000000;7569b30d-ec01-41ba-9d64-b9be2b99e2ed;385.5;0.17;UNKNOWN
2016-01-19T01:22:48.000000;2016-01-19T01:22:48.000000;fe584a09-8bbb-436e-a272-e7c5da0efd19;385.15;1.0;UNKNOWN
2016-01-19T01:22:59.000000;2016-01-19T01:22:59.000000;98fd2fcc-e995-4aee-a240-a11b3895f2e0;385.02;1.07941799;UNKNOWN
2016-01-19T01:24:05.000000;2016-01-19T01:24:05.000000;9cf0a65f-d7c8-4ff4-8337-55296a0c7292;385.08;0.089;UNKNOWN
2016-01-19T01:24:12.000000;2016-01-19T01:24:12.000000;1253af87-b336-47b6-b759-098b2889557e;385.32;1.0;UNKNOWN
2016-01-19T01:24:34.000000;2016-01-19T01:24:34.000000;4a8261b3-b8cd-4d24-ac0a-2a424bd8c4fb;385.06;6.4107;UNKNOWN
2016-01-19T01:24:34.000000;2016-01-19T01:24:34.000000;5fa56955-5080-4398-a67b-0a278d7e76fe;385.01;25.0;UNKNOWN
2016-01-19T01:24:34.000000;2016-01-19T01:24:34.000000;7fe740cf-c2c9-423b-a972-4e15de7b0531;385.03;0.98;UNKNOWN
2016-01-19T01:24:34.000000;2016-01-19T01:24:34.000000;b3f7e09a-5e1f-4551-9610-63fba568f4c8;385.05;9.9;UNKNOWN
2016-01-19T01:24:34.000000;2016-01-19T01:24:34.000000;9edd5cd7-28dc-44a3-9fd9-e8f276eb5e06;385.01;4.7401;UNKNOWN
2016-01-19T01:24:34.000000;2016-01-19T01:24:34.000000;c509f5cd-117e-4913-9892-3decd291e507;385.01;14.8390766;UNKNOWN
2016-01-19T01:24:48.000000;2016-01-19T01:24:48.000000;2c439185-0b8a-4c72-b16a-0f1f6990240a;385.0;0.06;UNKNOWN
2016-01-19T01:24:48.000000;2016-01-19T01:24:48.000000;ea30dee4-ba33-4e74-87e4-3380b5f21b38;385.01;0.19;UNKNOWN
2016-01-19T01:24:53.000000;2016-01-19T01:24:53.000000;f69230cb-4cea-4dc6-8bd1-d351936d4392;385.0;9.7;UNKNOWN
2016-01-19T01:24:53.000000;2016-01-19T01:24:53.000000;417a41c5-dfd7-40a8-a1c7-1be27ba98093;385.0;0.1;UNKNOWN
2016-01-19T01:24:53.000000;2016-01-19T01:24:53.000000;0f99d152-cbb6-4175-9fb7-5ee2bf152f5a;385.01;0.2;UNKNOWN
2016-01-19T01:24:55.000000;2016-01-19T01:24:55.000000;ec48ed29-3103-433d-84a6-e7b994809dc4;385.0;1.0;UNKNOWN
2016-01-19T01:25:05.000000;2016-01-19T01:25:05.000000;63f5d22f-bb3d-43cc-b64d-f2ca68a0499a;385.0;1.52003092;UNKNOWN
2016-01-19T01:25:06.000000;2016-01-19T01:25:06.000000;5859e366-e47f-4bff-a5e0-963670e4165a;385.0;1.43252653;UNKNOWN
2016-01-19T01:25:06.000000;2016-01-19T01:25:06.000000;3df675eb-11d7-4103-9393-1814de03b2c8;385.01;0.2;UNKNOWN
2016-01-19T01:25:29.000000;2016-01-19T01:25:29.000000;06ec2b55-d7ef-480f-841e-4f72b57fcb32;385.0;22.20255745;UNKNOWN
2016-01-19T01:25:29.000000;2016-01-19T01:25:29.000000;a68aeab2-65be-4b91-ac27-59e677b42680;385.0;10.0;UNKNOWN
2016-01-19T01:25:29.000000;2016-01-19T01:25:29.000000;1b3fd89c-2612-4d2f-9451-d501f1fd2777;385.0;0.25;UNKNOWN
2016-01-19T01:25:29.000000;2016-01-19T01:25:29.000000;e2243c8e-e8f8-4721-9d00-460f23d49586;385.0;0.2;UNKNOWN
2016-01-19T01:25:29.000000;2016-01-19T01:25:29.000000;e394880b-4edd-46d8-a833-c9e9279d75ac;385.0;7.34744255;UNKNOWN
2016-01-19T01:25:33.000000;2016-01-19T01:25:33.000000;f78e279a-bf24-4f32-9b20-c0a260f23714;385.0;1.46;UNKNOWN
2016-01-19T01:25:47.000000;2016-01-19T01:25:47.000000;5c2eb537-aa76-426d-a91c-2657efff6fc7;385.0;0.7351;UNKNOWN
2016-01-19T01:26:14.000000;2016-01-19T01:26:14.000000;ddf076b7-616f-4076-9280-582f2747f3c1;385.01;0.1;UNKNOWN
2016-01-19T01:26:23.000000;2016-01-19T01:26:23.000000;a14e64a2-ec2b-4507-9903-65ef63205b50;385.0;0.05;UNKNOWN
2016-01-19T01:26:23.000000;2016-01-19T01:26:23.000000;83ebcdc6-b2c4-4281-91c8-1d7e29c2811e;385.0;0.60234255;UNKNOWN
2016-01-19T01:26:23.000000;2016-01-19T01:26:23.000000;0a8524ab-f9cb-4819-8939-ee20ca21fee6;384.9;0.1;UNKNOWN
2016-01-19T01:26:23.000000;2016-01-19T01:26:23.000000;4e830e58-59c2-4864-9775-24a68430367f;384.89;6.4131;UNKNOWN
2016-01-19T01:26:23.000000;2016-01-19T01:26:23.000000;2f5532cf-2e3f-48dc-97d4-effe7508374c;385.0;0.1;UNKNOWN
2016-01-19T01:26:27.000000;2016-01-19T01:26:27.000000;cf63c23c-5896-421b-80e1-5b360d7ff23b;384.88;0.29632332;UNKNOWN
2016-01-19T01:26:42.000000;2016-01-19T01:26:42.000000;224925ae-5e9b-4395-bdc9-12736ab211bb;384.89;0.18;UNKNOWN
2016-01-19T01:26:42.000000;2016-01-19T01:26:42.000000;b9ad1b81-1215-439a-bcdf-68aa850ae00f;384.88;1.11;UNKNOWN
2016-01-19T01:26:57.000000;2016-01-19T01:26:57.000000;f91ec083-694b-4107-b449-bdfe989c1097;384.88;0.02860002;UNKNOWN
2016-01-19T01:27:05.000000;2016-01-19T01:27:05.000000;674bad3b-a91c-4ff5-8363-546578f356a5;384.97;0.01;UNKNOWN
2016-01-19T01:27:06.000000;2016-01-19T01:27:06.000000;077b89e1-1464-480a-884f-7d08f82616eb;384.88;0.10411;UNKNOWN
2016-01-19T01:27:06.000000;2016-01-19T01:27:06.000000;3bb7e744-c82a-42ae-909f-d49bebb2b2cb;384.97;0.01;UNKNOWN
2016-01-19T01:27:11.000000;2016-01-19T01:27:11.000000;ad21e02f-7f32-416c-aedd-bb40eb2ba90c;384.97;0.004;UNKNOWN
2016-01-19T01:27:11.000000;2016-01-19T01:27:11.000000;b123801a-72bc-498e-8430-b055ca0b1341;384.97;0.01;UNKNOWN
2016-01-19T01:27:11.000000;2016-01-19T01:27:11.000000;0763c33b-70cf-4d4e-b814-d7d57106c9b5;384.99;0.006;UNKNOWN
2016-01-19T01:27:30.000000;2016-01-19T01:27:30.000000;ac7c1528-0a82-4a1a-8b59-4321d5347091;384.99;1.0680908;UNKNOWN
2016-01-19T01:27:51.000000;2016-01-19T01:27:51.000000;69450a65-d096-4184-91ca-60328546905d;384.8;3.334e-05;UNKNOWN
2016-01-19T01:27:51.000000;2016-01-19T01:27:51.000000;ffb0854e-06dd-434e-b07e-512cef6c83f1;384.88;0.46096666;UNKNOWN
2016-01-19T01:27:57.000000;2016-01-19T01:27:57.000000;dab73363-58a5-4654-b707-c549b41420e6;384.8;0.98;UNKNOWN
2016-01-19T01:27:57.000000;2016-01-19T01:27:57.000000;679e371a-e358-432e-a15e-57e28f3ced6b;384.74;0.09193444;UNKNOWN
2016-01-19T01:27:57.000000;2016-01-19T01:27:57.000000;ef8e0ed7-4581-4eda-b52d-7c620bd456dd;384.74;2.51513334;UNKNOWN
2016-01-19T01:27:57.000000;2016-01-19T01:27:57.000000;904ae511-4bd6-4201-94e5-27be6c114925;384.8;0.09996666;UNKNOWN
2016-01-19T01:27:57.000000;2016-01-19T01:27:57.000000;d387abf9-d073-4136-93b4-4c92af5a2f28;384.81;6.4049;UNKNOWN
2016-01-19T01:28:05.000000;2016-01-19T01:28:05.000000;0005c77d-3149-4702-b5a6-3709ed9b2ba8;384.99;3.8;UNKNOWN
2016-01-19T01:28:12.000000;2016-01-19T01:28:12.000000;92cc9c0d-ed46-422f-aae4-660a5616d620;384.77;0.1;UNKNOWN
2016-01-19T01:28:21.000000;2016-01-19T01:28:21.000000;cd318a4e-01f3-44af-be43-247754dddaaa;384.83;6.4545;UNKNOWN
2016-01-19T01:28:21.000000;2016-01-19T01:28:21.000000;26d31ea8-2010-440c-80bb-42baf48a7d2b;384.82;6.0455;UNKNOWN
2016-01-19T01:28:38.000000;2016-01-19T01:28:38.000000;5baeada1-d593-4d3d-bb16-a71f2cdd21e5;384.81;1.73;UNKNOWN
2016-01-19T01:29:15.000000;2016-01-19T01:29:15.000000;a8137e22-2a4a-4b53-a810-901fee678299;385.13;0.01;UNKNOWN
2016-01-19T01:30:10.000000;2016-01-19T01:30:10.000000;2163c8dd-6573-4c55-a953-d3df3ed33d2c;385.13;0.3;UNKNOWN
2016-01-19T01:30:11.000000;2016-01-19T01:30:11.000000;40244dd6-4ef8-44fa-822b-8027684432c6;385.13;0.52;UNKNOWN
2016-01-19T01:30:35.000000;2016-01-19T01:30:35.000000;d29873b2-6335-4c0d-af48-937c1a01ed31;385.1;0.52;UNKNOWN
2016-01-19T01:31:41.000000;2016-01-19T01:31:41.000000;c4615d0b-e126-404c-a23f-1ab91175518c;384.78;1.85;UNKNOWN
2016-01-19T01:32:45.000000;2016-01-19T01:32:45.000000;46d49ec5-437f-48b2-897c-205e368268a7;384.37;2.6;UNKNOWN
2016-01-19T01:32:45.000000;2016-01-19T01:32:45.000000;cfcada05-8e91-45a4-9f00-934f7f44eb5f;384.65;1.0;UNKNOWN
2016-01-19T01:32:45.000000;2016-01-19T01:32:45.000000;e783ec26-0321-4fec-977a-8877d1e2ccd0;384.61;0.070091;UNKNOWN
2016-01-19T01:32:45.000000;2016-01-19T01:32:45.000000;d964cb12-0ec5-4956-8b47-282fa7344c77;384.47;0.98;UNKNOWN
2016-01-19T01:32:45.000000;2016-01-19T01:32:45.000000;75387713-0e5e-47b0-b948-957435566d6b;384.31;2.6;UNKNOWN
2016-01-19T01:32:45.000000;2016-01-19T01:32:45.000000;2a0be47f-6e10-441f-b56a-bcb78a97722f;384.26;16.9012;UNKNOWN
2016-01-19T01:32:45.000000;2016-01-19T01:32:45.000000;c58de01c-bed4-4361-a4d0-0997f99cd155;384.26;7.094109;UNKNOWN
2016-01-19T01:32:45.000000;2016-01-19T01:32:45.000000;c9d29e9b-8958-40bd-b81b-1211c3f2466f;384.6;0.1;UNKNOWN
2016-01-19T01:32:45.000000;2016-01-19T01:32:45.000000;95204ddd-d3bb-4fc8-afde-7a60542f6478;384.34;0.64;UNKNOWN
2016-01-19T01:32:45.000000;2016-01-19T01:32:45.000000;13af9866-f2af-4fac-963a-b3eb3b101664;384.61;0.5;UNKNOWN
2016-01-19T01:32:45.000000;2016-01-19T01:32:45.000000;2fded30f-5795-40c1-b07d-d810d370fe37;384.66;0.05;UNKNOWN
2016-01-19T01:32:45.000000;2016-01-19T01:32:45.000000;dee0186e-7468-4074-bfb3-2fe25374d73f;384.4;14.7646;UNKNOWN
2016-01-19T01:32:45.000000;2016-01-19T01:32:45.000000;77af19c0-ca18-45b6-97b6-bd97d84a2916;384.7;0.1;UNKNOWN
2016-01-19T01:32:45.000000;2016-01-19T01:32:45.000000;27233cfb-6fd6-46f3-b0f5-3426a7558d7d;384.27;2.6;UNKNOWN
2016-01-19T01:32:47.000000;2016-01-19T01:32:47.000000;ac5fe9b2-72d2-461f-9844-c7551e53eb4c;384.21;0.0714874;UNKNOWN
2016-01-19T01:32:47.000000;2016-01-19T01:32:47.000000;d0b1f941-432d-4d11-8507-be133aba8925;384.2;20.0;UNKNOWN
2016-01-19T01:32:47.000000;2016-01-19T01:32:47.000000;401bc787-4563-4142-be12-e8e5550b0274;384.22;2.6;UNKNOWN
2016-01-19T01:32:47.000000;2016-01-19T01:32:47.000000;c09dcd40-1eb3-49b6-883b-44c23cda7e8f;384.26;10.0;UNKNOWN
2016-01-19T01:32:47.000000;2016-01-19T01:32:47.000000;ba775db9-d8ae-4bfe-bd7a-1009ae5e4a4f;384.17;0.1083;UNKNOWN
2016-01-19T01:32:47.000000;2016-01-19T01:32:47.000000;cde0d889-df44-4b3e-995a-5900a30abd29;384.11;0.2015;UNKNOWN
2016-01-19T01:32:47.000000;2016-01-19T01:32:47.000000;a59348b6-33a7-4133-9fd3-de1263b68c19;384.06;6.26723164;UNKNOWN
2016-01-19T01:32:47.000000;2016-01-19T01:32:47.000000;806b9e70-d5aa-485a-8a7c-21448d8967d6;384.2;0.02;UNKNOWN
2016-01-19T01:32:47.000000;2016-01-19T01:32:47.000000;0aaad9c0-4ce1-4333-b4ff-9c444440cee1;384.21;0.0714874;UNKNOWN
2016-01-19T01:32:47.000000;2016-01-19T01:32:47.000000;382786d4-f79d-464a-b4c5-2c0b3fdd2d15;384.26;10.0;UNKNOWN
2016-01-19T01:32:47.000000;2016-01-19T01:32:47.000000;98b6501a-a1e1-4730-9413-bdc7d3a129c0;384.25;2.6;UNKNOWN
2016-01-19T01:32:47.000000;2016-01-19T01:32:47.000000;1790cc8b-5d0a-42de-a942-4559c10f1261;384.18;0.05;UNKNOWN
2016-01-19T01:32:47.000000;2016-01-19T01:32:47.000000;6ffa1b2a-0553-45ff-8dc8-46b6f1639b16;384.24;0.10410256;UNKNOWN
2016-01-19T01:32:47.000000;2016-01-19T01:32:47.000000;6702ca5a-58c6-4b97-93a3-f63b39888576;384.26;7.905891;UNKNOWN
2016-01-19T01:32:53.000000;2016-01-19T01:32:53.000000;411255cc-0117-45b7-9ebe-20cc8425ca6e;384.05;2.49;UNKNOWN
2016-01-19T01:32:53.000000;2016-01-19T01:32:53.000000;f6c3b82c-cc03-49d5-a5bb-7fa4cd94d4cd;384.03;0.09;UNKNOWN
2016-01-19T01:32:53.000000;2016-01-19T01:32:53.000000;700329d7-19a1-45b5-b7c2-af5d883cf85f;384.0;0.1;UNKNOWN
2016-01-19T01:32:53.000000;2016-01-19T01:32:53.000000;141c890e-ddf4-4326-b92a-5f61d35fad89;384.0;2.19;UNKNOWN
2016-01-19T01:32:53.000000;2016-01-19T01:32:53.000000;9eab4035-13a9-4d06-9377-06c36c2d338a;384.05;0.11;UNKNOWN
2016-01-19T01:32:53.000000;2016-01-19T01:32:53.000000;58761524-e066-4f12-9aa8-a08b3ed2c3da;384.01;2.6;UNKNOWN
2016-01-19T01:32:53.000000;2016-01-19T01:32:53.000000;0342788f-7dc1-4322-9c48-263480d16fa9;384.0;1.31;UNKNOWN
2016-01-19T01:32:53.000000;2016-01-19T01:32:53.000000;832a3abe-02ce-4e80-94fb-7d804d2badf4;384.0;2.537;UNKNOWN
2016-01-19T01:32:53.000000;2016-01-19T01:32:53.000000;dcdc7c86-396b-4185-92bb-c151784eecff;384.0;0.163;UNKNOWN
2016-01-19T01:32:53.000000;2016-01-19T01:32:53.000000;b2322978-b1c5-4ecc-9ea7-a92d8cf3af5e;384.03;2.51;UNKNOWN
2016-01-19T01:32:53.000000;2016-01-19T01:32:53.000000;0c6a8af2-7cf4-4748-92c5-35b8d6c0b359;384.0;0.1;UNKNOWN
2016-01-19T01:32:53.000000;2016-01-19T01:32:53.000000;32efa00a-a952-4bc5-a01f-b74e351da615;384.0;0.25;UNKNOWN
2016-01-19T01:32:53.000000;2016-01-19T01:32:53.000000;dedc97ea-9c00-4f04-9adc-96010cbfb613;384.0;0.0576;UNKNOWN
2016-01-19T01:32:53.000000;2016-01-19T01:32:53.000000;71835eb4-db8e-4a01-aae0-aa08762a190e;384.0;0.05;UNKNOWN
2016-01-19T01:32:53.000000;2016-01-19T01:32:53.000000;ee885fd0-76e6-4144-bfbb-99230300f88c;383.96;2.6;UNKNOWN
2016-01-19T01:32:53.000000;2016-01-19T01:32:53.000000;77dca8d8-6288-4d80-a45f-286efdc557d7;383.9;24.0944;UNKNOWN
2016-01-19T01:32:53.000000;2016-01-19T01:32:53.000000;a597779b-466d-4018-b830-d965ba94e03e;383.97;13.3056;UNKNOWN
2016-01-19T01:32:53.000000;2016-01-19T01:32:53.000000;ad41da1b-4a64-42f5-8537-57e74221e724;383.97;2.6;UNKNOWN
2016-01-19T01:32:53.000000;2016-01-19T01:32:53.000000;e808c825-99e1-4325-adfe-279461e91177;383.97;1.9524;UNKNOWN
2016-01-19T01:32:56.000000;2016-01-19T01:32:56.000000;d19dc950-5797-4387-8e13-76e96984c107;383.93;35.0;UNKNOWN
2016-01-19T01:32:56.000000;2016-01-19T01:32:56.000000;142d7c4d-a96f-437b-8fd9-945ad4080dcb;383.9;15.0;UNKNOWN
2016-01-19T01:32:59.000000;2016-01-19T01:32:59.000000;f0e77fb0-a2ef-4ed9-8531-60f1b88d8d67;384.12;0.01;UNKNOWN
2016-01-19T01:32:59.000000;2016-01-19T01:32:59.000000;47ad520e-a539-4a5d-a438-b8ac91a5fc9c;384.12;0.01;UNKNOWN
2016-01-19T01:33:00.000000;2016-01-19T01:33:00.000000;1af194ab-5f89-44ff-9d8c-de6f33a3291e;383.75;2.6;UNKNOWN
2016-01-19T01:33:00.000000;2016-01-19T01:33:00.000000;c78e4fd9-9e1c-4df8-89c9-39858e91fb11;383.75;1.34627988;UNKNOWN
2016-01-19T01:33:00.000000;2016-01-19T01:33:00.000000;4d11d552-ad5e-4c6b-ba74-8db5782c5ffd;383.9;35.9056;UNKNOWN
2016-01-19T01:33:00.000000;2016-01-19T01:33:00.000000;a6d20044-4c58-4fb0-94a5-072db9a25a81;383.8;0.14812012;UNKNOWN
2016-01-19T01:33:02.000000;2016-01-19T01:33:02.000000;c9816719-9336-42eb-9488-efc90b048b84;384.12;0.01;UNKNOWN
2016-01-19T01:33:02.000000;2016-01-19T01:33:02.000000;18dfc7c1-1b17-4471-881a-30af4faee15d;384.12;0.01;UNKNOWN
2016-01-19T01:33:05.000000;2016-01-19T01:33:05.000000;218701c0-a586-4b28-8bae-c372c980ab1b;383.69;0.57446802;UNKNOWN
2016-01-19T01:33:07.000000;2016-01-19T01:33:07.000000;a4caf74c-15ba-41ab-bb5b-81012b9b0d05;383.52;9.95;UNKNOWN
2016-01-19T01:33:07.000000;2016-01-19T01:33:07.000000;7fa1c3a3-9756-4c01-83ea-cfa97838992f;383.55;0.05;UNKNOWN
2016-01-19T01:33:10.000000;2016-01-19T01:33:10.000000;eb5fcec1-38c4-4b58-bafe-c0f90544436c;383.52;0.52;UNKNOWN
2016-01-19T01:33:18.000000;2016-01-19T01:33:18.000000;8f44153b-45c9-407c-89c9-0f23b7ee1782;383.52;0.52;UNKNOWN
2016-01-19T01:33:31.000000;2016-01-19T01:33:31.000000;96e33832-2bd4-4c27-bbac-0cfcc19ab6d8;383.86;0.01;UNKNOWN
2016-01-19T01:33:31.000000;2016-01-19T01:33:31.000000;28664403-221a-4f1a-b4a5-979fe5dcbd3b;383.86;0.01;UNKNOWN
2016-01-19T01:33:34.000000;2016-01-19T01:33:34.000000;0ddef2b1-7a87-462b-92b7-4091d32dfe7b;383.84;0.01;UNKNOWN
2016-01-19T01:33:34.000000;2016-01-19T01:33:34.000000;1911db03-2c7f-4539-9414-8b64ac9594a6;383.82;0.01;UNKNOWN
2016-01-19T01:33:38.000000;2016-01-19T01:33:38.000000;82689d93-bc23-4d71-b711-10d85a476694;383.8;0.01;UNKNOWN
2016-01-19T01:33:39.000000;2016-01-19T01:33:39.000000;e12f32e0-10fa-4ad0-acb9-fac11b46199a;383.8;0.01;UNKNOWN
2016-01-19T01:33:56.000000;2016-01-19T01:33:56.000000;c6d93703-b7b4-4194-b44a-97048a835c60;383.71;0.295;UNKNOWN
2016-01-19T01:33:59.000000;2016-01-19T01:33:59.000000;b9ae4b99-4648-42c4-b053-6ae976727603;383.69;0.02;UNKNOWN
2016-01-19T01:34:02.000000;2016-01-19T01:34:02.000000;a2a8ee97-72c2-4167-979f-0f3a021f4a40;383.66;0.035;UNKNOWN
2016-01-19T01:34:07.000000;2016-01-19T01:34:07.000000;11e00ca6-f89b-491d-9082-23fcc3ec9c89;383.65;0.197;UNKNOWN
2016-01-19T01:34:09.000000;2016-01-19T01:34:09.000000;c3b680b6-51f5-48c0-8191-2ba6d89bcd88;383.63;0.01;UNKNOWN
2016-01-19T01:34:10.000000;2016-01-19T01:34:10.000000;67d0036c-12c6-4b98-8816-ba4fb891b08e;383.4;0.01;UNKNOWN
2016-01-19T01:34:10.000000;2016-01-19T01:34:10.000000;0c2abf1f-024b-461c-9406-b70e31ef2575;383.5;0.1;UNKNOWN
2016-01-19T01:34:10.000000;2016-01-19T01:34:10.000000;50e04844-1538-44dc-8f16-d6ccac2170d4;383.5;0.1;UNKNOWN
2016-01-19T01:34:10.000000;2016-01-19T01:34:10.000000;e33e69ba-a85d-4d72-b005-19b20bf06789;383.2;0.02;UNKNOWN
2016-01-19T01:34:10.000000;2016-01-19T01:34:10.000000;2498a30f-e8c6-4c5c-a0f9-af8f877d7f18;383.15;4.97452924;UNKNOWN
2016-01-19T01:34:10.000000;2016-01-19T01:34:10.000000;29e42ae0-d62a-487e-a406-d939d33d5e99;383.52;0.2210315;UNKNOWN
2016-01-19T01:34:10.000000;2016-01-19T01:34:10.000000;6fc9dd2f-3f93-4496-b163-a2be0f754993;383.51;0.2;UNKNOWN
2016-01-19T01:34:10.000000;2016-01-19T01:34:10.000000;f81b64c2-b0e4-49fb-a1b5-493205957ec6;383.2;0.98;UNKNOWN
2016-01-19T01:34:10.000000;2016-01-19T01:34:10.000000;e158c910-7bb5-40e6-a98e-17ea0bdbe6df;383.51;0.3;UNKNOWN
2016-01-19T01:34:10.000000;2016-01-19T01:34:10.000000;4e9d0469-6f4f-4a51-baf2-aa57b5239dc9;383.5;0.09443926;UNKNOWN
2016-01-19T01:34:10.000000;2016-01-19T01:34:10.000000;4047dd7d-76e8-4c99-aff5-2ab3ee63519c;383.49;1.0;UNKNOWN
2016-01-19T01:34:11.000000;2016-01-19T01:34:11.000000;e9307d04-5e87-4188-9b56-b262300102b5;383.65;0.01;UNKNOWN
2016-01-19T01:34:14.000000;2016-01-19T01:34:14.000000;55c9ddb2-8456-447d-8920-58a460ef68a1;383.65;0.09;UNKNOWN
2016-01-19T01:34:15.000000;2016-01-19T01:34:15.000000;b5c1172a-3c7e-4db7-8ca1-e803707dc01d;383.66;0.033;UNKNOWN
2016-01-19T01:34:15.000000;2016-01-19T01:34:15.000000;3d450f42-3686-4aef-aeac-f2aab03e2105;383.66;0.06148877;UNKNOWN
2016-01-19T01:34:16.000000;2016-01-19T01:34:16.000000;7ca46420-ca63-4fbe-9e6c-3ea67c70cc92;383.66;0.09448215;UNKNOWN
2016-01-19T01:34:16.000000;2016-01-19T01:34:16.000000;afa7cb3f-2cf0-43ae-a33c-423f2ba1cb55;383.66;0.09449692;UNKNOWN
2016-01-19T01:34:19.000000;2016-01-19T01:34:19.000000;f954a5fc-9321-4f87-b276-c25c06c255fe;383.66;0.295;UNKNOWN
2016-01-19T01:34:34.000000;2016-01-19T01:34:34.000000;2600210a-fd7b-4de3-afe9-e3f804773570;383.9;0.295;UNKNOWN
2016-01-19T01:34:46.000000;2016-01-19T01:34:46.000000;de1fb99e-f85b-465b-88b6-a9dffca8099b;383.95;0.033;UNKNOWN
2016-01-19T01:34:53.000000;2016-01-19T01:34:53.000000;a25fc9c3-ed22-45c2-8ec0-008d75aa2a5b;384.01;0.01;UNKNOWN
2016-01-19T01:34:55.000000;2016-01-19T01:34:55.000000;b7f95129-a2bb-4326-b1db-29985c2a65a7;384.01;0.01;UNKNOWN
2016-01-19T01:34:55.000000;2016-01-19T01:34:55.000000;e19cf1c6-a154-40b6-ab29-5d2068912719;384.01;0.01;UNKNOWN
2016-01-19T01:34:56.000000;2016-01-19T01:34:56.000000;920ed962-70cb-4e18-9236-49109aa00142;384.01;0.01;UNKNOWN
2016-01-19T01:34:57.000000;2016-01-19T01:34:57.000000;64fbbf1f-624e-40c5-b2b5-f4aef8750f46;384.01;0.8;UNKNOWN
2016-01-19T01:34:57.000000;2016-01-19T01:34:57.000000;1a4d173e-5d20-4301-9b90-540b940032c7;384.01;0.11028468;UNKNOWN
2016-01-19T01:35:01.000000;2016-01-19T01:35:01.000000;ee3959e1-24a2-48a0-873c-b95bb3e83365;384.1;0.32926339;UNKNOWN
2016-01-19T01:35:08.000000;2016-01-19T01:35:08.000000;a77ad83c-6240-429f-a161-e5ee94fd7650;384.09;0.01;UNKNOWN
2016-01-19T01:35:08.000000;2016-01-19T01:35:08.000000;9be12ff3-d57d-4c33-9bc4-7b6e69b6ecf2;384.01;0.01;UNKNOWN
2016-01-19T01:35:24.000000;2016-01-19T01:35:24.000000;3cfce9f5-759e-4ee5-97b5-d56046a16c8e;384.05;0.1;UNKNOWN
2016-01-19T01:35:27.000000;2016-01-19T01:35:27.000000;64c9af6a-d84a-4f46-a70c-00d9e856bf5b;384.01;0.01;UNKNOWN
2016-01-19T01:35:52.000000;2016-01-19T01:35:52.000000;87695f2a-a281-46bf-9619-2c53edfe1624;384.01;0.16;UNKNOWN
2016-01-19T01:35:52.000000;2016-01-19T01:35:52.000000;9a712437-d64d-4c01-8a6f-bb07619928c1;384.01;0.070429;UNKNOWN
2016-01-19T01:35:52.000000;2016-01-19T01:35:52.000000;9ae42a90-fb3c-4b8c-a798-d2c003c7f536;384.01;0.050511;UNKNOWN
2016-01-19T01:35:58.000000;2016-01-19T01:35:58.000000;f4e2885e-3f01-4d31-bc66-602a2d24d2d2;384.01;0.16;UNKNOWN
2016-01-19T01:35:59.000000;2016-01-19T01:35:59.000000;fa719761-03eb-4011-8b63-83a37f02c1e6;384.0;9.967;UNKNOWN
2016-01-19T01:35:59.000000;2016-01-19T01:35:59.000000;5f854a71-43c4-4719-9fe5-b98b690d9362;383.86;0.036;UNKNOWN
2016-01-19T01:36:01.000000;2016-01-19T01:36:01.000000;6b984b17-4d1a-41f5-95bc-99e164ca008b;383.86;0.1;UNKNOWN
2016-01-19T01:36:05.000000;2016-01-19T01:36:05.000000;58eda2aa-5358-4f03-87f2-52b2f73fca9c;384.0;0.070437;UNKNOWN
2016-01-19T01:36:05.000000;2016-01-19T01:36:05.000000;3be27169-32b4-417c-b1d0-1bcf6596b0d0;383.78;1.6346637;UNKNOWN
2016-01-19T01:36:05.000000;2016-01-19T01:36:05.000000;32950d41-ef79-4324-bfbf-b4981c9edea7;384.0;0.1;UNKNOWN
2016-01-19T01:36:06.000000;2016-01-19T01:36:06.000000;8ea5ed93-f319-40f4-aad1-f542a3338c4a;383.78;2.03519152;UNKNOWN
2016-01-19T01:36:10.000000;2016-01-19T01:36:10.000000;19094274-c23f-4e81-b546-3dd3d2b2d6f0;383.8;0.01;UNKNOWN
2016-01-19T01:36:10.000000;2016-01-19T01:36:10.000000;fb5b7040-53e5-4c10-968d-fdcf97e56cd0;383.8;2.3;UNKNOWN
2016-01-19T01:36:12.000000;2016-01-19T01:36:12.000000;9ea3e15f-84ac-4b3b-a4d4-50908e4a27d4;383.7;0.01;UNKNOWN
2016-01-19T01:36:12.000000;2016-01-19T01:36:12.000000;55ab421a-e828-4b37-88e5-5f6afc50182b;383.7;0.01;UNKNOWN
2016-01-19T01:36:46.000000;2016-01-19T01:36:46.000000;059f9cb8-3744-4c1f-b65b-47590afbfc89;384.01;1.415;UNKNOWN
2016-01-19T01:36:47.000000;2016-01-19T01:36:47.000000;416d682a-1745-473e-836b-1414ff2b6ca3;383.8;0.01;UNKNOWN
2016-01-19T01:36:47.000000;2016-01-19T01:36:47.000000;7a778120-7fbd-4bb7-9cc6-3199e522723b;383.8;0.01;UNKNOWN
2016-01-19T01:37:06.000000;2016-01-19T01:37:06.000000;7f3b1543-42aa-4e19-92ef-4bfad432e96d;383.71;0.01391733;UNKNOWN
2016-01-19T01:37:06.000000;2016-01-19T01:37:06.000000;d570dade-fd70-421b-99e5-0b054685fdf5;383.8;0.050455;UNKNOWN
2016-01-19T01:37:06.000000;2016-01-19T01:37:06.000000;e4299201-f3a0-461f-85ab-ac755c1c6528;383.71;0.01;UNKNOWN
2016-01-19T01:37:10.000000;2016-01-19T01:37:10.000000;e76cdc6b-41bc-49dc-bc90-b001516f5012;383.71;0.01;UNKNOWN
2016-01-19T01:37:17.000000;2016-01-19T01:37:17.000000;1996c1ca-c0d5-4458-acd9-75100c14677a;383.82;0.070453;UNKNOWN
2016-01-19T01:37:17.000000;2016-01-19T01:37:17.000000;bd0de874-babc-46cf-b5cd-52621e87ac5f;383.71;0.0872757;UNKNOWN
2016-01-19T01:37:52.000000;2016-01-19T01:37:52.000000;79e1cd50-26ce-4c6d-85f5-c43f9502ec60;383.82;0.070453;UNKNOWN
2016-01-19T01:37:52.000000;2016-01-19T01:37:52.000000;fde868aa-2f5b-4142-a2c1-e079a68031c4;383.73;0.229547;UNKNOWN
2016-01-19T01:38:05.000000;2016-01-19T01:38:05.000000;5a59d890-a8b4-4246-868c-399e1b466384;383.91;1.0;UNKNOWN
2016-01-19T01:38:06.000000;2016-01-19T01:38:06.000000;16107fe2-c29e-46ac-962e-e9bf48dec642;384.15;0.4;UNKNOWN
2016-01-19T01:38:06.000000;2016-01-19T01:38:06.000000;55c70f5a-5e79-43f4-b8ff-3f8fa9b45fc7;384.01;0.14406;UNKNOWN
2016-01-19T01:38:06.000000;2016-01-19T01:38:06.000000;79c0f1f1-437d-4e96-8166-a09e3ad61ce7;384.17;2.12874648;UNKNOWN
2016-01-19T01:38:07.000000;2016-01-19T01:38:07.000000;a04f6c89-2984-478d-9f97-3a333e236f8c;383.91;0.04651163;UNKNOWN
2016-01-19T01:38:20.000000;2016-01-19T01:38:20.000000;e6cc2575-aeec-4c86-a3b7-8ca05e095733;384.32;0.1;UNKNOWN
2016-01-19T01:38:21.000000;2016-01-19T01:38:21.000000;8a7d7da5-79da-48d9-a2b5-a7dba9c095ab;384.31;0.2;UNKNOWN
2016-01-19T01:38:28.000000;2016-01-19T01:38:28.000000;4d214d4f-3a68-4ac9-8449-7a70a69ef0c8;384.37;0.52;UNKNOWN
2016-01-19T01:38:51.000000;2016-01-19T01:38:51.000000;e6a793cf-b125-435a-b25c-f9b538aa8c6d;384.31;0.51;UNKNOWN
2016-01-19T01:39:27.000000;2016-01-19T01:39:27.000000;5c7b6f66-dc57-4469-a81d-d6f5c4ec16e5;384.59;6.4974;UNKNOWN
2016-01-19T01:39:46.000000;2016-01-19T01:39:46.000000;635555d6-562e-4e57-b06a-8cd8d85cef00;384.65;0.2005;UNKNOWN
2016-01-19T01:40:13.000000;2016-01-19T01:40:13.000000;bc9a4b7d-b27b-41ac-825e-6b4b5d78745d;384.64;2.0;UNKNOWN
2016-01-19T01:40:16.000000;2016-01-19T01:40:16.000000;f5867213-17d1-4f0d-afbf-3db39334af0c;384.64;0.1;UNKNOWN
2016-01-19T01:40:41.000000;2016-01-19T01:40:41.000000;4b10a6d5-3c8e-4099-8368-24a6fd15b722;384.6;0.0591;UNKNOWN
2016-01-19T01:40:42.000000;2016-01-19T01:40:42.000000;166d170f-649e-4427-bd2d-f504008d4f32;384.6;1.95;UNKNOWN
2016-01-19T01:40:44.000000;2016-01-19T01:40:44.000000;8e70558b-c293-4a52-9567-dcd446795d3e;384.36;0.36495066;UNKNOWN
2016-01-19T01:42:23.000000;2016-01-19T01:42:23.000000;7136d9a4-6190-468c-b7c6-9320bf35e944;384.48;1.00340841;UNKNOWN
2016-01-19T01:42:33.000000;2016-01-19T01:42:33.000000;9e4b8b26-514b-428b-8035-9d813df873af;384.59;2.0;UNKNOWN
2016-01-19T01:42:42.000000;2016-01-19T01:42:42.000000;8bf55d4b-6fad-40f7-9463-767f704aaa14;384.47;1.0;UNKNOWN
2016-01-19T01:42:42.000000;2016-01-19T01:42:42.000000;e04309b9-c673-4ed4-87f1-93e18e44724c;384.47;0.60619638;UNKNOWN
2016-01-19T01:43:00.000000;2016-01-19T01:43:00.000000;35fcb609-6957-441a-aa6f-2d555c880638;384.59;6.0;UNKNOWN
2016-01-19T01:43:02.000000;2016-01-19T01:43:02.000000;0448ffbb-5874-4306-a0b1-c7321a523108;384.47;1.18431031;UNKNOWN
2016-01-19T01:43:15.000000;2016-01-19T01:43:15.000000;292f9958-ae40-4596-9594-4f5a220a0ced;384.59;2.0;UNKNOWN
2016-01-19T01:43:39.000000;2016-01-19T01:43:39.000000;94c445b1-0dc5-43d2-81c6-18622f28cedd;384.59;0.2;UNKNOWN
2016-01-19T01:43:43.000000;2016-01-19T01:43:43.000000;5853406d-426d-4c57-8232-3217973b9e78;384.59;5.25;UNKNOWN
2016-01-19T01:44:30.000000;2016-01-19T01:44:30.000000;654f4227-e971-481f-b4af-35c097a706c2;384.5;0.22485844;UNKNOWN
2016-01-19T01:44:39.000000;2016-01-19T01:44:39.000000;e1e8d0dc-7c46-4240-b636-bce6965a7d71;384.5;0.2;UNKNOWN
2016-01-19T01:45:38.000000;2016-01-19T01:45:38.000000;8b45acc6-61cb-4a52-b329-2d05a05ea9f5;384.46;0.95;UNKNOWN
2016-01-19T01:47:06.000000;2016-01-19T01:47:06.000000;b88e884d-7340-4fa6-a9dc-f1d0bf3d3ea9;384.33;2.11454643;UNKNOWN
2016-01-19T01:47:07.000000;2016-01-19T01:47:07.000000;f27da78d-fa81-4a0c-8bc1-3853f724939d;384.34;1.73;UNKNOWN
2016-01-19T01:48:07.000000;2016-01-19T01:48:07.000000;688ef219-e7ca-4e01-8297-3d3b4560598f;384.39;1.56284309;UNKNOWN
2016-01-19T01:50:05.000000;2016-01-19T01:50:05.000000;94973096-0da9-45bf-9d17-dee59bd80365;384.48;0.02399944;UNKNOWN
2016-01-19T01:50:37.000000;2016-01-19T01:50:37.000000;b7cf2369-2b2e-4271-8034-f7c0fe6ca2fc;384.48;1.56227379;UNKNOWN
2016-01-19T01:51:19.000000;2016-01-19T01:51:19.000000;8ed79605-53c6-4141-a8f4-f7414f3dcb45;384.51;8.8123877;UNKNOWN
2016-01-19T01:51:19.000000;2016-01-19T01:51:19.000000;d1da7e90-6589-4784-9b5c-633ecb7a980d;384.5;0.0876123;UNKNOWN
2016-01-19T01:51:19.000000;2016-01-19T01:51:19.000000;0b2f59fc-f68f-41bf-91c7-0209ebdc244f;384.49;0.1;UNKNOWN
2016-01-19T01:52:03.000000;2016-01-19T01:52:03.000000;654b020b-e5b5-4c8a-a65d-b03d788a3b8f;384.51;0.1876123;UNKNOWN
2016-01-19T01:52:28.000000;2016-01-19T01:52:28.000000;20f3a4e7-67ce-4c8c-ad1c-82271f8de723;384.85;0.097;UNKNOWN
2016-01-19T01:52:51.000000;2016-01-19T01:52:51.000000;2765c32f-b533-42e5-906f-e611b60a8ddd;384.97;5.86;UNKNOWN
2016-01-19T01:53:05.000000;2016-01-19T01:53:05.000000;62ec0b69-d55a-45cd-9d06-0449a96bb79f;384.98;0.5;UNKNOWN
2016-01-19T01:53:17.000000;2016-01-19T01:53:17.000000;3c592dcd-ca3c-4b8e-bc85-fdeb72741351;384.93;0.5;UNKNOWN
2016-01-19T01:53:17.000000;2016-01-19T01:53:17.000000;39daaf77-8f97-4316-94c1-74c6e5c9a73d;384.92;1.06243652;UNKNOWN
2016-01-19T01:53:22.000000;2016-01-19T01:53:22.000000;475d0cf0-f60c-49d9-9422-18b66f8c2e5b;385.0;0.01;UNKNOWN
2016-01-19T01:53:22.000000;2016-01-19T01:53:22.000000;b32f31fc-57e2-48ed-9da8-ce7687c97172;384.98;2.1;UNKNOWN
2016-01-19T01:53:39.000000;2016-01-19T01:53:39.000000;5040d627-2e66-4ea4-af3e-e9f06cf9de0b;385.05;0.27052086;UNKNOWN
2016-01-19T01:54:17.000000;2016-01-19T01:54:17.000000;5c5362a5-50e8-4dc3-bc2c-b042d36fa145;385.01;0.37816765;UNKNOWN
2016-01-19T01:54:29.000000;2016-01-19T01:54:29.000000;5a1e1cf5-c904-4237-90f9-b7490e57752a;385.04;0.38;UNKNOWN
2016-01-19T01:54:29.000000;2016-01-19T01:54:29.000000;039badfe-82b3-44a9-afb7-56810c248b39;385.05;0.62;UNKNOWN
2016-01-19T01:54:35.000000;2016-01-19T01:54:35.000000;4e2d8e49-d02e-4a41-930f-db400f4a4bbd;385.03;0.12947914;UNKNOWN
2016-01-19T01:54:35.000000;2016-01-19T01:54:35.000000;ea517286-1203-4a57-bda0-576e9cdfa93c;385.06;9.0;UNKNOWN
2016-01-19T01:54:48.000000;2016-01-19T01:54:48.000000;aa5b0232-572e-48cf-ad44-7133bffa372a;385.07;0.6;UNKNOWN
2016-01-19T01:55:18.000000;2016-01-19T01:55:18.000000;b7a4eda8-38e0-438d-a364-fc97bcd7f43a;385.07;1.05;UNKNOWN
2016-01-19T01:55:28.000000;2016-01-19T01:55:28.000000;06a43c24-459c-4d0e-aa3e-ebfa0cfef996;385.07;0.73148315;UNKNOWN
2016-01-19T01:55:30.000000;2016-01-19T01:55:30.000000;117ee994-0782-454a-a831-b8f7549d08ef;385.12;0.05200401;UNKNOWN
2016-01-19T01:55:30.000000;2016-01-19T01:55:30.000000;e6d8c8fb-393b-4da5-aeb6-804db630815a;385.07;0.21851685;UNKNOWN
2016-01-19T01:55:57.000000;2016-01-19T01:55:57.000000;7b5861b2-55b0-4175-bfd1-54c6d1ccfcbe;385.03;0.019;UNKNOWN
2016-01-19T01:56:00.000000;2016-01-19T01:56:00.000000;ebac98eb-94a8-46f5-85e4-a8b4a8c1d10c;385.02;6.4176;UNKNOWN
2016-01-19T01:56:04.000000;2016-01-19T01:56:04.000000;4c95040e-c4f2-4649-8da7-d2808d9585d2;385.01;0.1;UNKNOWN
2016-01-19T01:56:14.000000;2016-01-19T01:56:14.000000;36f6d0e3-2a29-41e3-935d-975e6c3010f2;385.0;0.1;UNKNOWN
2016-01-19T01:56:16.000000;2016-01-19T01:56:16.000000;d12ee692-f0f9-4f27-9090-297f2516d32a;385.0;0.1;UNKNOWN
2016-01-19T01:56:49.000000;2016-01-19T01:56:49.000000;d4413100-c62e-4770-91a3-d50f4a4f6e87;385.18;3.7;UNKNOWN
2016-01-19T01:56:49.000000;2016-01-19T01:56:49.000000;749ff733-5b63-4d8c-a3f3-02e6be203184;385.13;2.6;UNKNOWN
2016-01-19T01:56:49.000000;2016-01-19T01:56:49.000000;6ba4c759-c53f-4181-b662-04c3b2eb6b9b;385.1;0.2;UNKNOWN
2016-01-19T01:57:00.000000;2016-01-19T01:57:00.000000;508d3b66-9531-4288-907a-4ee32941e80d;385.1;1.3686784;UNKNOWN
2016-01-19T01:57:05.000000;2016-01-19T01:57:05.000000;72501a79-d2e6-45a2-a80e-9435be22f4ad;385.08;1.52317026;UNKNOWN
2016-01-19T01:57:08.000000;2016-01-19T01:57:08.000000;e0c15055-c4de-4671-a749-3cfc7b569bde;385.1;0.36480876;UNKNOWN
2016-01-19T01:58:07.000000;2016-01-19T01:58:07.000000;008836dc-abc5-4ad9-937c-6d1fd488b5d0;385.09;0.20628489;UNKNOWN
2016-01-19T01:59:06.000000;2016-01-19T01:59:06.000000;1a0f68a3-a40d-4927-87fd-0272f040fdc1;385.05;1.26608972;UNKNOWN
2016-01-19T02:00:35.000000;2016-01-19T02:00:35.000000;6d09f342-03f1-4ee2-bb0c-6a7961d94fa4;385.02;6.416;UNKNOWN
2016-01-19T02:00:35.000000;2016-01-19T02:00:35.000000;cf62906a-2c6e-4ecd-9728-7b48a34079a3;385.0;12.69;UNKNOWN
2016-01-19T02:00:48.000000;2016-01-19T02:00:48.000000;993c8e68-7975-4d65-ba3f-8df0086e8e03;384.67;1.47844044;UNKNOWN
2016-01-19T02:00:48.000000;2016-01-19T02:00:48.000000;27de560d-e1cd-4c1e-8087-e7e36b2de63f;384.99;0.025;UNKNOWN
2016-01-19T02:00:48.000000;2016-01-19T02:00:48.000000;ef984ff4-7728-45e0-aca4-f4c8e6530f50;385.02;0.05648;UNKNOWN
2016-01-19T02:02:59.000000;2016-01-19T02:02:59.000000;d11c203c-765f-4208-b7a5-93c4cff78404;384.93;0.1;UNKNOWN
2016-01-19T02:02:59.000000;2016-01-19T02:02:59.000000;c16b294e-b492-488f-b877-1bcca2d70299;384.93;0.1;UNKNOWN
2016-01-19T02:06:05.000000;2016-01-19T02:06:05.000000;327652d4-ffb5-401f-acd1-4c13ec11ba23;384.96;2.47288839;UNKNOWN
2016-01-19T02:06:06.000000;2016-01-19T02:06:06.000000;e3e1df33-aa9c-4d9e-a890-f2ba92011f5b;384.96;0.15104364;UNKNOWN
2016-01-19T02:06:10.000000;2016-01-19T02:06:10.000000;e20fd9c7-564f-40f4-999e-7c3a41e02522;385.0;10.0;UNKNOWN
2016-01-19T02:06:13.000000;2016-01-19T02:06:13.000000;56b41574-27aa-4379-83aa-46caf6e16a5c;385.0;0.23004806;UNKNOWN
2016-01-19T02:06:16.000000;2016-01-19T02:06:16.000000;d0fd89c0-6ea2-407e-bc5d-9ed1f74bade8;384.96;10.0;UNKNOWN
2016-01-19T02:07:06.000000;2016-01-19T02:07:06.000000;304520d7-7f44-44f2-ba1f-2a74866481b5;384.97;1.09887695;UNKNOWN
2016-01-19T02:07:06.000000;2016-01-19T02:07:06.000000;ce98a6d3-4235-4de3-9cba-8e9196616a17;384.97;0.05201425;UNKNOWN
2016-01-19T02:07:06.000000;2016-01-19T02:07:06.000000;5d3aba37-fa20-46ea-9dd6-b18503ec4e69;384.97;0.5;UNKNOWN
2016-01-19T02:08:06.000000;2016-01-19T02:08:06.000000;68235c08-9c2b-4e6b-ac3b-c3b8c2a0725d;384.99;0.12582626;UNKNOWN
2016-01-19T02:09:26.000000;2016-01-19T02:09:26.000000;333ad04b-e79b-4d97-8530-35f227ffc13c;384.99;0.08417374;UNKNOWN
2016-01-19T02:09:26.000000;2016-01-19T02:09:26.000000;7cd88fa6-35ba-4dc1-b35c-ce26a9563cd5;385.27;2.6;UNKNOWN
2016-01-19T02:09:26.000000;2016-01-19T02:09:26.000000;c1d1feab-ef6c-43f8-b8e5-3f58990b94e9;385.16;2.6;UNKNOWN
2016-01-19T02:09:26.000000;2016-01-19T02:09:26.000000;1495ee95-af63-44d3-b0bc-f3c880a5b918;385.0;2.76885194;UNKNOWN
2016-01-19T02:09:26.000000;2016-01-19T02:09:26.000000;0cc964d3-1ce5-4f10-9ddc-515e694e81cb;385.2;0.02;UNKNOWN
2016-01-19T02:09:26.000000;2016-01-19T02:09:26.000000;a727a8bb-f695-4259-928b-9fa9054bd5b0;385.3;1.92697432;UNKNOWN
2016-01-19T02:09:36.000000;2016-01-19T02:09:36.000000;363904d9-c4a5-4111-834f-b7600386c9bd;385.3;0.09161722;UNKNOWN
2016-01-19T02:11:17.000000;2016-01-19T02:11:17.000000;d4c2873a-8c2e-4af5-a384-d891d41d112f;385.37;3.0;UNKNOWN
2016-01-19T02:11:26.000000;2016-01-19T02:11:26.000000;6c66af1e-512e-4e7e-b5c7-526f0f1e2dd3;385.44;0.3;UNKNOWN
2016-01-19T02:11:52.000000;2016-01-19T02:11:52.000000;19a50530-48d0-42fc-beca-a74ca3fd7181;385.56;1.48;UNKNOWN
2016-01-19T02:11:52.000000;2016-01-19T02:11:52.000000;06e2d810-cc49-43be-9d52-b02fc9e65398;385.55;0.42;UNKNOWN
2016-01-19T02:12:07.000000;2016-01-19T02:12:07.000000;c9b8c6ad-723c-4468-870a-ebd75b2f4c37;385.21;0.30425072;UNKNOWN
2016-01-19T02:13:37.000000;2016-01-19T02:13:37.000000;d85601b2-b553-49b3-b8a2-e7513ffe835a;385.15;0.02598382;UNKNOWN
2016-01-19T02:14:06.000000;2016-01-19T02:14:06.000000;a1e3851c-394c-4711-bafb-cb9725272853;385.13;1.54970685;UNKNOWN
2016-01-19T02:15:07.000000;2016-01-19T02:15:07.000000;efc800a9-1dc8-4c51-b7e8-33e008acf799;385.16;1.7622;UNKNOWN
2016-01-19T02:15:07.000000;2016-01-19T02:15:07.000000;1e06c4f6-c5bd-4c2c-afea-012349c5c860;385.5;0.15;UNKNOWN
2016-01-19T02:15:40.000000;2016-01-19T02:15:40.000000;95ab1307-e745-40de-ad3f-fd7a430c73a7;385.55;0.1694;UNKNOWN
2016-01-19T02:16:14.000000;2016-01-19T02:16:14.000000;c184fd40-9c45-48b6-9dcf-a4188995500f;385.57;0.05;UNKNOWN
2016-01-19T02:17:01.000000;2016-01-19T02:17:01.000000;c5def068-58af-4048-92d9-b0a71358157c;385.59;0.5;UNKNOWN
2016-01-19T02:17:01.000000;2016-01-19T02:17:01.000000;7abe6960-acfe-432c-a52e-d98fb2e93298;385.6;0.15737158;UNKNOWN
2016-01-19T02:18:08.000000;2016-01-19T02:18:08.000000;daaf8626-fe37-45a9-8773-c240989cfa02;385.5;0.2630091;UNKNOWN
2016-01-19T02:20:05.000000;2016-01-19T02:20:05.000000;bf54f870-0245-429a-9d42-cb07845bf306;385.51;0.15277706;UNKNOWN
2016-01-19T02:20:52.000000;2016-01-19T02:20:52.000000;474e208d-76b8-4d33-b3de-0fe73c506ee8;385.51;0.25191295;UNKNOWN
2016-01-19T02:21:25.000000;2016-01-19T02:21:25.000000;4ba3f436-a757-434f-a5f4-75d0fcbfcb3a;385.5;1.0;UNKNOWN
2016-01-19T02:22:42.000000;2016-01-19T02:22:42.000000;61e49d01-0dff-40bc-88c1-926cc0afd7a1;385.51;0.46652113;UNKNOWN
2016-01-19T02:23:56.000000;2016-01-19T02:23:56.000000;a9a11329-c9a2-492a-9bab-6cb68981cf1b;385.5;0.28128242;UNKNOWN
2016-01-19T02:24:20.000000;2016-01-19T02:24:20.000000;728c9e9d-bd06-4c27-94e1-482e131817df;385.51;0.2818479;UNKNOWN
2016-01-19T02:24:21.000000;2016-01-19T02:24:21.000000;cfd73704-f6f6-40dc-a245-0e9b5275342e;385.5;0.2812842;UNKNOWN
2016-01-19T02:24:29.000000;2016-01-19T02:24:29.000000;d71590f2-410f-4d96-9098-f9ade214e852;385.51;0.28187787;UNKNOWN
2016-01-19T02:24:29.000000;2016-01-19T02:24:29.000000;ab361bdd-a840-4818-9aae-4cc247f2f34f;385.5;0.28131411;UNKNOWN
2016-01-19T02:24:33.000000;2016-01-19T02:24:33.000000;e9a5a6be-66d5-498c-8b78-70cc5c94a118;385.5;0.3379;UNKNOWN
2016-01-19T02:24:34.000000;2016-01-19T02:24:34.000000;16a5b5c3-ee02-45ea-995f-3c99b62767b5;385.5;1.86;UNKNOWN
2016-01-19T02:24:37.000000;2016-01-19T02:24:37.000000;517b38e3-6df6-44fc-97c3-ba588f575c25;385.5;0.17336816;UNKNOWN
2016-01-19T02:24:40.000000;2016-01-19T02:24:40.000000;6d930568-5ae7-4c71-9e4e-90d16490e224;385.51;0.17371559;UNKNOWN
2016-01-19T02:24:41.000000;2016-01-19T02:24:41.000000;6e0863f0-1bc4-41e8-b87d-1163f0a27ea2;385.5;0.52184201;UNKNOWN
2016-01-19T02:24:41.000000;2016-01-19T02:24:41.000000;1d19aa7e-4b72-403d-9b84-0d807d5aa16e;385.5;2.23815799;UNKNOWN
2016-01-19T02:25:05.000000;2016-01-19T02:25:05.000000;1081e572-5cf5-4703-8aac-a92676c6439d;385.5;2.06446285;UNKNOWN
2016-01-19T02:26:00.000000;2016-01-19T02:26:00.000000;a4ee8e37-4cb6-4c71-b76d-b8ccf65ece07;385.51;0.28094121;UNKNOWN
2016-01-19T02:26:00.000000;2016-01-19T02:26:00.000000;0e0e793b-09f6-4e82-8c66-0ec0d0515998;385.5;0.28037933;UNKNOWN
2016-01-19T02:26:05.000000;2016-01-19T02:26:05.000000;cb48f14f-c3f7-4124-ac3c-06fcdcf6d4ea;385.5;0.65;UNKNOWN
2016-01-19T02:26:18.000000;2016-01-19T02:26:18.000000;af1a6d97-6113-4b3e-89c1-311dfd0cb494;385.5;0.056;UNKNOWN
2016-01-19T02:26:33.000000;2016-01-19T02:26:33.000000;9a0ed0d6-4809-42b4-ae02-cf08793225ad;385.5;0.1;UNKNOWN
2016-01-19T02:28:51.000000;2016-01-19T02:28:51.000000;22613c6c-d2e3-4c08-8ade-6028a814392c;385.5;0.1;UNKNOWN
2016-01-19T02:29:05.000000;2016-01-19T02:29:05.000000;7f6d2fe7-dba4-42b6-a781-7b16d3b49ae0;385.5;0.06059;UNKNOWN
2016-01-19T02:30:05.000000;2016-01-19T02:30:05.000000;4ea246a2-b43c-42c9-885d-68879bf96b23;385.5;0.05458741;UNKNOWN
2016-01-19T02:30:06.000000;2016-01-19T02:30:06.000000;90e7c677-cd4f-40d1-88ba-4ee478135d36;385.51;0.07635441;UNKNOWN
2016-01-19T02:31:44.000000;2016-01-19T02:31:44.000000;a1f8ee2d-554f-4080-bd67-45540c2e814a;385.51;0.0997;UNKNOWN
2016-01-19T02:32:22.000000;2016-01-19T02:32:22.000000;3d05b880-042b-4184-924d-e8d2676c8829;385.51;0.3561;UNKNOWN
2016-01-19T02:32:22.000000;2016-01-19T02:32:22.000000;823210de-f0a0-4b5c-ac46-3bf0f82369fc;385.51;2.5003;UNKNOWN
2016-01-19T02:32:37.000000;2016-01-19T02:32:37.000000;d0a3bf8c-df5a-4094-a043-74cd908a4779;385.5;0.2;UNKNOWN
2016-01-19T02:32:45.000000;2016-01-19T02:32:45.000000;97632705-3ce4-4df7-a6bd-4b3f9be26dba;385.51;2.3649;UNKNOWN
2016-01-19T02:34:06.000000;2016-01-19T02:34:06.000000;dcdcbb1e-505c-4fb0-9207-ef8873e4214c;385.5;0.77487;UNKNOWN
2016-01-19T02:36:07.000000;2016-01-19T02:36:07.000000;ac05f919-5f86-460d-a023-2d275f370d57;385.53;0.02832934;UNKNOWN
2016-01-19T02:37:08.000000;2016-01-19T02:37:08.000000;96bd52b2-6549-4ea1-be6a-cc321618d7fb;385.53;0.2;UNKNOWN
2016-01-19T02:37:21.000000;2016-01-19T02:37:21.000000;9ac8dc2b-e374-4fd9-9c24-a5c6c620ebab;385.58;0.0908;UNKNOWN
2016-01-19T02:38:34.000000;2016-01-19T02:38:34.000000;2bc0dae9-aa41-491c-a0c7-3a0fd0906c8d;385.54;0.050078;UNKNOWN
2016-01-19T02:39:05.000000;2016-01-19T02:39:05.000000;4477285a-dd29-4cd5-a0db-1c4893008840;385.52;1.29082317;UNKNOWN
2016-01-19T02:39:22.000000;2016-01-19T02:39:22.000000;48976135-d415-4cbb-814d-3d14dd4505e9;385.54;2.0562;UNKNOWN
2016-01-19T02:39:27.000000;2016-01-19T02:39:27.000000;7d794dae-1ed7-4945-9e0c-ec233eb32eaa;385.55;2.66870075;UNKNOWN
2016-01-19T02:39:28.000000;2016-01-19T02:39:28.000000;925ece3a-3b7f-4310-8976-1316a1a1a116;385.55;0.1;UNKNOWN
2016-01-19T02:40:17.000000;2016-01-19T02:40:17.000000;643493b4-50d3-4a84-a73f-fd7985e833ce;384.5;10.3368;UNKNOWN
2016-01-19T02:40:17.000000;2016-01-19T02:40:17.000000;5f7595ff-4f21-4cdc-a99d-9cc21815b635;384.51;12.9989;UNKNOWN
2016-01-19T02:40:17.000000;2016-01-19T02:40:17.000000;76ee6cfb-6939-4839-a46f-b29be7a7728a;384.93;1.4;UNKNOWN
2016-01-19T02:40:17.000000;2016-01-19T02:40:17.000000;90671a5c-fa3b-4338-b71a-45b4a453945a;384.5;5.0;UNKNOWN
2016-01-19T02:40:17.000000;2016-01-19T02:40:17.000000;5456d111-fa1f-4e54-971a-16daef127d13;384.66;13.215;UNKNOWN
2016-01-19T02:40:17.000000;2016-01-19T02:40:17.000000;503f04e8-78e5-49c5-a777-820a72f4ee79;384.38;2.10074758;UNKNOWN
2016-01-19T02:40:17.000000;2016-01-19T02:40:17.000000;4360770d-5e72-47fe-84d9-d31f57dbe820;384.99;2.01;UNKNOWN
2016-01-19T02:40:17.000000;2016-01-19T02:40:17.000000;32c4edcb-3587-4f9e-bd2d-51cd74cb9a27;385.49;0.025;UNKNOWN
2016-01-19T02:40:17.000000;2016-01-19T02:40:17.000000;35e314ff-d4a3-4156-bc74-2c40b12f07c6;385.51;20.0;UNKNOWN
2016-01-19T02:40:17.000000;2016-01-19T02:40:17.000000;bd64c276-04bc-44db-a65e-74a1d2b58219;385.0;0.3163;UNKNOWN
2016-01-19T02:40:17.000000;2016-01-19T02:40:17.000000;1bdd8c22-ae27-4ad0-8d17-025ba128176c;384.67;3.0;UNKNOWN
2016-01-19T02:40:17.000000;2016-01-19T02:40:17.000000;f9a174d6-babb-4456-b403-79383f6c7060;385.08;1.0;UNKNOWN
2016-01-19T02:40:17.000000;2016-01-19T02:40:17.000000;c393a9a7-8767-4f24-8380-5cb1491d08d1;385.09;6.396;UNKNOWN
2016-01-19T02:40:17.000000;2016-01-19T02:40:17.000000;3ec648b5-ee7e-41ec-88e9-ee3be72e731c;384.6;0.2;UNKNOWN
2016-01-19T02:40:17.000000;2016-01-19T02:40:17.000000;f287ef45-d27b-4451-9f7c-940bffe1487f;385.5;19.36125242;UNKNOWN
2016-01-19T02:40:17.000000;2016-01-19T02:40:17.000000;2c0156d6-525b-4425-8e3a-0ccfb025f9ce;384.7;0.2;UNKNOWN
2016-01-19T02:40:17.000000;2016-01-19T02:40:17.000000;274493dd-55cc-4778-96a2-24aff7d7ccbe;385.0;5.0;UNKNOWN
2016-01-19T02:40:17.000000;2016-01-19T02:40:17.000000;3cbc6df2-698a-459b-a641-25626603f54a;385.5;9.43;UNKNOWN
2016-01-19T02:40:17.000000;2016-01-19T02:40:17.000000;613bf1a5-22e6-4e69-a36a-a68b14dd4ca9;385.5;9.0;UNKNOWN
2016-01-19T02:40:17.000000;2016-01-19T02:40:17.000000;545c0a3c-7ace-4adb-b65b-0b101b62f109;384.55;4.01;UNKNOWN
2016-01-19T02:40:54.000000;2016-01-19T02:40:54.000000;8e4d871c-f36d-47a3-b283-b87a114795ec;384.84;12.3881;UNKNOWN
2016-01-19T02:40:54.000000;2016-01-19T02:40:54.000000;c949f602-2e85-49a1-b794-065e608d6929;385.31;10.3156;UNKNOWN
2016-01-19T02:40:54.000000;2016-01-19T02:40:54.000000;55915529-6d26-48a0-91e1-4256a12b4e23;385.28;2.6;UNKNOWN
2016-01-19T02:40:54.000000;2016-01-19T02:40:54.000000;98841cff-81d9-4b9f-8111-99802ea9cde0;384.73;12.12074758;UNKNOWN
2016-01-19T02:40:54.000000;2016-01-19T02:40:54.000000;39ae94a7-f8eb-49a2-bf1a-ae974a185c45;385.32;0.53095242;UNKNOWN
2016-01-19T02:40:54.000000;2016-01-19T02:40:54.000000;b82ff6bb-9452-40c9-8f9f-2b9ca1ca0aec;384.9;13.8205;UNKNOWN
2016-01-19T02:40:54.000000;2016-01-19T02:40:54.000000;65a94446-9c38-43ce-9519-f632c67b854b;384.86;12.5;UNKNOWN
2016-01-19T02:40:54.000000;2016-01-19T02:40:54.000000;7eed639f-7b17-42f7-a40d-4335fbda6466;385.22;14.1244;UNKNOWN
2016-01-19T02:40:54.000000;2016-01-19T02:40:54.000000;e4b89a55-8d1d-401e-bc67-faf67094b13e;385.08;15.1538;UNKNOWN
2016-01-19T02:40:54.000000;2016-01-19T02:40:54.000000;6df5656a-0246-4c4c-8660-c41bebe7b9af;384.72;6.4459;UNKNOWN
2016-01-19T02:44:27.000000;2016-01-19T02:44:27.000000;f3a0041d-372d-4713-bcea-c0ad0219e7f6;384.89;0.02074248;UNKNOWN
2016-01-19T02:44:49.000000;2016-01-19T02:44:49.000000;5e45bdfe-b775-41f0-9e61-79dd02dc11e1;384.92;0.1;UNKNOWN
2016-01-19T02:47:15.000000;2016-01-19T02:47:15.000000;bd00f77e-574e-492c-bcff-f0e18d334b91;384.72;0.05;UNKNOWN
2016-01-19T02:47:26.000000;2016-01-19T02:47:26.000000;e53604c5-2ce7-4e22-8368-053e17487299;384.62;0.1;UNKNOWN
2016-01-19T02:48:33.000000;2016-01-19T02:48:33.000000;48671e76-7c4b-4821-b2b1-911b0c02f853;384.43;0.1;UNKNOWN
2016-01-19T02:48:38.000000;2016-01-19T02:48:38.000000;6a921345-0ce1-4a20-89f4-799cd2f14c33;384.3;0.1;UNKNOWN
2016-01-19T02:48:45.000000;2016-01-19T02:48:45.000000;387e8fec-bd25-4b4f-858a-2fd72dfd6ace;384.3;1.0;UNKNOWN
2016-01-19T02:49:05.000000;2016-01-19T02:49:05.000000;9481b23b-d0f8-4dac-bff3-4014b0592d48;384.15;0.03;UNKNOWN
2016-01-19T02:49:05.000000;2016-01-19T02:49:05.000000;b5d19954-8a28-40a7-bff6-f1616ef727b8;384.04;0.13106117;UNKNOWN
2016-01-19T02:49:05.000000;2016-01-19T02:49:05.000000;a01d9529-09e4-4a8d-b52a-e1754eb77526;384.08;0.05;UNKNOWN
2016-01-19T02:50:07.000000;2016-01-19T02:50:07.000000;f22c509d-1dff-475d-97c3-9377615b506b;384.27;0.4254;UNKNOWN
2016-01-19T02:54:06.000000;2016-01-19T02:54:06.000000;756d70e1-e04b-4fc7-a61e-032a922b4943;384.57;2.93;UNKNOWN
2016-01-19T02:54:08.000000;2016-01-19T02:54:08.000000;e0d16597-eb36-47e6-8f72-92343afc5d54;384.02;1.0;UNKNOWN
2016-01-19T02:54:08.000000;2016-01-19T02:54:08.000000;ae14df7b-49c3-4a98-a2be-d486b61ad66f;383.99;2.6;UNKNOWN
2016-01-19T02:54:08.000000;2016-01-19T02:54:08.000000;39f0bfd6-096e-46ee-a3a2-e014d4a28f49;383.9;0.2;UNKNOWN
2016-01-19T02:54:08.000000;2016-01-19T02:54:08.000000;06173e3d-9006-48f7-9cae-208ed2715490;383.88;1.4997;UNKNOWN
2016-01-19T02:54:08.000000;2016-01-19T02:54:08.000000;78194802-9f37-41b8-a209-16d33ed626ee;383.94;2.6;UNKNOWN
2016-01-19T02:54:08.000000;2016-01-19T02:54:08.000000;e761d656-fac1-4df2-a2c3-6ddc88271960;383.99;2.01;UNKNOWN
2016-01-19T02:54:08.000000;2016-01-19T02:54:08.000000;e9945b69-46e0-42f4-9316-c60bd11b7a06;384.13;6.4903;UNKNOWN
2016-01-19T02:54:08.000000;2016-01-19T02:54:08.000000;76864a0a-5608-4716-95ee-3ea7c4a6f6a5;384.49;9.0;UNKNOWN
2016-01-19T02:54:08.000000;2016-01-19T02:54:08.000000;24831333-1838-4102-b99e-4ba4e558bdbd;384.12;2.6;UNKNOWN
2016-01-19T02:54:08.000000;2016-01-19T02:54:08.000000;7d442357-d2b8-4d97-be8b-3a4fc4a55679;384.02;12.0;UNKNOWN
2016-01-19T02:54:22.000000;2016-01-19T02:54:22.000000;7d42a18d-4de7-48db-9c41-8a0cb9f21b91;383.6;2.6;UNKNOWN
2016-01-19T02:54:22.000000;2016-01-19T02:54:22.000000;bd939d88-df1a-46f6-85b1-16439023e189;383.65;2.6;UNKNOWN
2016-01-19T02:54:22.000000;2016-01-19T02:54:22.000000;a66b449a-d6ba-4603-9b6d-41ec61b96c20;383.64;2.6;UNKNOWN
2016-01-19T02:54:22.000000;2016-01-19T02:54:22.000000;ce6d4721-7e3d-4337-abe8-6aaf788a896b;383.66;0.02;UNKNOWN
2016-01-19T02:54:22.000000;2016-01-19T02:54:22.000000;678f15d1-1427-4947-bcdc-8866eb6f2f68;383.53;1.49;UNKNOWN
2016-01-19T02:54:22.000000;2016-01-19T02:54:22.000000;972fa84e-694c-4d36-8346-038938a63bd0;383.8;0.2;UNKNOWN
2016-01-19T02:54:22.000000;2016-01-19T02:54:22.000000;ad9c8acc-2342-40ca-a381-a1fbdcec31c2;383.76;2.6;UNKNOWN
2016-01-19T02:54:22.000000;2016-01-19T02:54:22.000000;464a6319-ff63-4649-86c5-76d37e7512b4;383.62;2.6;UNKNOWN
2016-01-19T02:54:22.000000;2016-01-19T02:54:22.000000;6e4e8d16-7b94-49b5-8685-900b58ad6372;383.81;2.6;UNKNOWN
2016-01-19T02:54:22.000000;2016-01-19T02:54:22.000000;131bdf5c-d4d0-4e55-a943-aad92b717370;383.83;2.6;UNKNOWN
2016-01-19T02:54:22.000000;2016-01-19T02:54:22.000000;67937be3-c078-4d07-a00e-51a621dbeb0e;383.91;17.49;UNKNOWN
2016-01-19T02:54:22.000000;2016-01-19T02:54:22.000000;4887d441-9188-464f-800c-a69a7b90c0ea;383.7;2.6;UNKNOWN
2016-01-19T02:54:24.000000;2016-01-19T02:54:24.000000;3762277f-dcd2-496f-8b2b-18d36aa8d99f;383.66;36.2539;UNKNOWN
2016-01-19T02:54:24.000000;2016-01-19T02:54:24.000000;67ab7d3e-2daf-498b-8109-ffb4996be82c;383.66;3.7461;UNKNOWN
2016-01-19T02:54:47.000000;2016-01-19T02:54:47.000000;0fc637db-29aa-4143-afbb-e635d3728b29;383.56;0.02;UNKNOWN
2016-01-19T02:55:06.000000;2016-01-19T02:55:06.000000;8bf4029c-f2e6-4ece-a6eb-9f360d2922da;383.99;5.45433339;UNKNOWN
2016-01-19T02:55:42.000000;2016-01-19T02:55:42.000000;9beadfd2-61c9-488b-8e29-8dc60e9942d9;383.75;0.5;UNKNOWN
2016-01-19T02:55:42.000000;2016-01-19T02:55:42.000000;16d1ef65-f7ba-4c5c-a383-31bda3f1e4da;383.74;3.1;UNKNOWN
2016-01-19T02:55:42.000000;2016-01-19T02:55:42.000000;6b06f24a-f377-4197-a379-3c2524286129;383.75;3.0;UNKNOWN
2016-01-19T02:55:44.000000;2016-01-19T02:55:44.000000;1bfd3a98-72ec-4fb8-b3f1-d5004782fa75;383.8;0.0991;UNKNOWN
2016-01-19T02:56:03.000000;2016-01-19T02:56:03.000000;fba39f36-8a7c-4248-b62a-044c06a380a2;383.72;0.1;UNKNOWN
2016-01-19T02:56:21.000000;2016-01-19T02:56:21.000000;83325487-a436-428a-ab95-53270dc66fcc;383.71;0.0993;UNKNOWN
2016-01-19T02:56:21.000000;2016-01-19T02:56:21.000000;f58ab00f-2cd9-48a4-919a-fc5a3e082925;383.62;0.98671301;UNKNOWN
2016-01-19T02:57:21.000000;2016-01-19T02:57:21.000000;2ef95955-8279-48b9-a4da-47a02705234d;383.86;0.01;UNKNOWN
2016-01-19T02:58:05.000000;2016-01-19T02:58:05.000000;df8da098-df79-4ad9-8cda-eb8dd8960bc0;383.86;0.99;UNKNOWN
2016-01-19T02:58:05.000000;2016-01-19T02:58:05.000000;fc0e0fa6-675d-4f49-8eff-99be8722e728;383.75;1.59311162;UNKNOWN
2016-01-19T02:58:22.000000;2016-01-19T02:58:22.000000;08b73717-75ba-4185-8479-1c17a4c2e953;384.46;3.0;UNKNOWN
2016-01-19T02:58:22.000000;2016-01-19T02:58:22.000000;a9e7ddcb-8edd-4e2a-808d-f65025963f21;383.9;2.0;UNKNOWN
2016-01-19T02:59:54.000000;2016-01-19T02:59:54.000000;3ccb7a73-4e50-4b1e-81ca-4e76123ade22;384.44;0.294;UNKNOWN
2016-01-19T03:00:05.000000;2016-01-19T03:00:05.000000;018fc038-1366-4039-9ee0-02b82dab0128;384.19;0.08686021;UNKNOWN
2016-01-19T03:00:37.000000;2016-01-19T03:00:37.000000;3a7c7d33-7968-4795-b2e3-40a3b9b6e140;384.21;0.21;UNKNOWN
2016-01-19T03:01:04.000000;2016-01-19T03:01:04.000000;9bf21b05-34fc-4ffe-b934-2621d8706b64;384.21;1.59429401;UNKNOWN
2016-01-19T03:01:10.000000;2016-01-19T03:01:10.000000;58c62b3b-6c59-4733-a666-26e3626323d1;384.47;2.73;UNKNOWN
2016-01-19T03:02:08.000000;2016-01-19T03:02:08.000000;be2cd4f1-44f8-491c-9816-2b1269658366;384.48;0.07791817;UNKNOWN
2016-01-19T03:02:40.000000;2016-01-19T03:02:40.000000;7150f523-d8f6-496b-bfb0-5813b968666f;384.5;3.0;UNKNOWN
2016-01-19T03:02:40.000000;2016-01-19T03:02:40.000000;193e13d7-41cd-488c-a494-37ac5322c7f1;384.32;1.0;UNKNOWN
2016-01-19T03:02:40.000000;2016-01-19T03:02:40.000000;1b6c7037-f409-457d-a5cf-faa75d0355f7;384.31;2.93208183;UNKNOWN
2016-01-19T03:03:06.000000;2016-01-19T03:03:06.000000;cf37e220-bf8b-42d8-a798-000cb3e44dc7;384.52;0.016;UNKNOWN
2016-01-19T03:03:07.000000;2016-01-19T03:03:07.000000;50111a75-ca8e-416a-b706-fca1759d74db;384.52;0.25793804;UNKNOWN
2016-01-19T03:04:05.000000;2016-01-19T03:04:05.000000;53b43d9f-48e3-432f-91c8-a4bfbdca8f8e;384.52;1.91789291;UNKNOWN
2016-01-19T03:05:06.000000;2016-01-19T03:05:06.000000;721669f8-1c47-49f4-b49a-56f640917595;384.51;2.47224112;UNKNOWN
2016-01-19T03:08:22.000000;2016-01-19T03:08:22.000000;59755150-bf98-41a8-a2d1-d03c224fa97a;384.41;0.5;UNKNOWN
2016-01-19T03:08:45.000000;2016-01-19T03:08:45.000000;c8d4f80a-cdf9-41b0-91fd-f457d16b3cc8;384.41;5.9771;UNKNOWN
2016-01-19T03:08:45.000000;2016-01-19T03:08:45.000000;f7b84712-b546-4cb0-90f8-f2eb170a3fd5;384.42;8.0229;UNKNOWN
2016-01-19T03:09:05.000000;2016-01-19T03:09:05.000000;84dc6ddd-3c2c-4d14-a4d1-b651776914f6;384.24;0.13985702;UNKNOWN
2016-01-19T03:09:05.000000;2016-01-19T03:09:05.000000;37a2dc69-72e4-4df6-8b71-04530ea3b40c;384.4;0.0993;UNKNOWN
2016-01-19T03:09:49.000000;2016-01-19T03:09:49.000000;33abe788-0b61-4c12-a40e-ff378990c60f;384.46;6.0;UNKNOWN
2016-01-19T03:09:49.000000;2016-01-19T03:09:49.000000;b0a7c4a9-e1e6-413b-a243-c8b575161b80;384.46;0.5034;UNKNOWN
2016-01-19T03:09:49.000000;2016-01-19T03:09:49.000000;3349a8dc-f0e5-440d-b78e-ae7786894a5a;384.45;11.77;UNKNOWN
2016-01-19T03:09:57.000000;2016-01-19T03:09:57.000000;ee092e71-45d7-461e-be02-1bcd96caf991;384.41;0.22;UNKNOWN
2016-01-19T03:11:05.000000;2016-01-19T03:11:05.000000;8a83df7d-78b2-4f24-9776-d00cc5f9e8f2;384.18;0.5;UNKNOWN
2016-01-19T03:11:05.000000;2016-01-19T03:11:05.000000;e3bcd4b4-2af1-449a-890b-20717b3c0aa3;384.18;0.87525939;UNKNOWN
2016-01-19T03:11:34.000000;2016-01-19T03:11:34.000000;8c7aade4-d606-4cf9-88fb-96008a9b679b;384.22;2.6;UNKNOWN
2016-01-19T03:11:34.000000;2016-01-19T03:11:34.000000;99bee6d5-a63d-4749-9b0d-462f4b70c231;384.16;0.5;UNKNOWN
2016-01-19T03:11:34.000000;2016-01-19T03:11:34.000000;fa45c1c2-4e3f-47b2-96c3-36bdbd1c0bdc;384.23;2.6;UNKNOWN
2016-01-19T03:11:34.000000;2016-01-19T03:11:34.000000;904319d3-3fab-44e3-9ecd-aba88843e997;384.23;1.4384;UNKNOWN
2016-01-19T03:11:34.000000;2016-01-19T03:11:34.000000;939134a9-ecb8-4799-9a95-bca6e587f30c;384.16;6.0;UNKNOWN
2016-01-19T03:11:34.000000;2016-01-19T03:11:34.000000;e1548667-fdb7-48f0-89f9-e41a2119ab5f;384.16;3.0;UNKNOWN
2016-01-19T03:11:34.000000;2016-01-19T03:11:34.000000;1d398d9c-e0b2-4cb2-aeb8-bad54d88f1bd;384.21;15.9665;UNKNOWN
2016-01-19T03:11:59.000000;2016-01-19T03:11:59.000000;c803e439-290b-48d2-ad93-0df02bc722ad;384.25;2.6;UNKNOWN
2016-01-19T03:11:59.000000;2016-01-19T03:11:59.000000;c8a7e261-d4bd-4687-b8e6-1207ee0e79a3;384.25;2.6;UNKNOWN
2016-01-19T03:11:59.000000;2016-01-19T03:11:59.000000;86191201-e64e-42ca-82da-99cd3de59b77;384.29;15.6281;UNKNOWN
2016-01-19T03:11:59.000000;2016-01-19T03:11:59.000000;9a0881fd-f8c4-443a-81b6-59246f8f7fdb;384.23;1.1616;UNKNOWN
2016-01-19T03:11:59.000000;2016-01-19T03:11:59.000000;7c542bdd-d1d8-46df-ad51-ef1ce2099b28;384.23;2.6;UNKNOWN
2016-01-19T03:12:06.000000;2016-01-19T03:12:06.000000;cdba907d-e7a2-48c1-8343-79f1f34c4e6a;384.13;0.4852;UNKNOWN
2016-01-19T03:13:06.000000;2016-01-19T03:13:06.000000;7bc04e33-c842-4238-9991-76ff68bbade5;384.16;0.472;UNKNOWN
2016-01-19T03:14:59.000000;2016-01-19T03:14:59.000000;dd0f76d6-516d-4048-a671-4e299c5cc5d7;384.35;0.95;UNKNOWN
2016-01-19T03:14:59.000000;2016-01-19T03:14:59.000000;3501a7f8-c69f-414f-8286-aacc7b02b63e;384.35;0.5;UNKNOWN
2016-01-19T03:14:59.000000;2016-01-19T03:14:59.000000;dda0db5b-fddd-4f6d-93e8-01a51f3422c8;384.53;2.6;UNKNOWN
2016-01-19T03:14:59.000000;2016-01-19T03:14:59.000000;9aa6ce29-9797-46df-b79f-158390b36966;384.58;2.6;UNKNOWN
2016-01-19T03:14:59.000000;2016-01-19T03:14:59.000000;cf0bd94c-33f8-42ab-b395-e5be6ffd2a84;384.46;2.6;UNKNOWN
2016-01-19T03:14:59.000000;2016-01-19T03:14:59.000000;18fb2534-41fd-4659-8ff6-8b5a9855939b;384.45;6.4499;UNKNOWN
2016-01-19T03:14:59.000000;2016-01-19T03:14:59.000000;bfeca8b9-27e4-4bfd-b3ee-7a3d9e98e58c;384.46;2.6;UNKNOWN
2016-01-19T03:15:05.000000;2016-01-19T03:15:05.000000;80e637a8-54d3-46eb-a47f-9c565fe3c1fc;384.65;0.07630646;UNKNOWN
2016-01-19T03:15:06.000000;2016-01-19T03:15:06.000000;21ac5492-f87e-47b4-b65d-f7c28a065a16;384.65;1.0;UNKNOWN
2016-01-19T03:17:18.000000;2016-01-19T03:17:18.000000;d954bad9-8bba-4978-b0a9-12e38bb0d10b;384.42;0.09143399;UNKNOWN
2016-01-19T03:17:43.000000;2016-01-19T03:17:43.000000;64199471-8047-462d-abd0-7824bf1a39bb;384.79;1.3;UNKNOWN
2016-01-19T03:17:50.000000;2016-01-19T03:17:50.000000;b77e2a4b-d45a-40b3-9017-a9e516a4748f;384.79;0.16;UNKNOWN
2016-01-19T03:17:57.000000;2016-01-19T03:17:57.000000;eea62c5c-cbd4-4e7e-a969-b2e60c500d22;384.79;0.75;UNKNOWN
2016-01-19T03:18:23.000000;2016-01-19T03:18:23.000000;540f7db4-40a3-48ad-80fb-03c1f9dbf3f7;384.79;1.33;UNKNOWN
2016-01-19T03:18:31.000000;2016-01-19T03:18:31.000000;47613e33-c862-4dff-a812-f7c78e5d3206;384.79;1.95;UNKNOWN
2016-01-19T03:18:57.000000;2016-01-19T03:18:57.000000;6c1c32fb-f873-4b1c-a55a-3e4269c7cad5;384.79;2.0;UNKNOWN
2016-01-19T03:19:05.000000;2016-01-19T03:19:05.000000;9f500b3b-1ecb-4fda-88f7-e1a64adcc126;384.78;3.3029;UNKNOWN
2016-01-19T03:19:05.000000;2016-01-19T03:19:05.000000;f376e8b2-9c44-4c98-ae6a-d2438fbfdd3f;384.78;4.16;UNKNOWN
2016-01-19T03:19:12.000000;2016-01-19T03:19:12.000000;17fe82e5-7c88-4d55-8271-dc5485be4f6e;384.8;0.01672886;UNKNOWN
2016-01-19T03:19:57.000000;2016-01-19T03:19:57.000000;584cabfd-70bc-4a97-b52d-a9e9706ac894;384.78;1.07;UNKNOWN
2016-01-19T03:20:04.000000;2016-01-19T03:20:04.000000;70125c3c-3e9a-4c5f-a6ad-41e9ee6fb209;384.78;0.2;UNKNOWN
2016-01-19T03:21:35.000000;2016-01-19T03:21:35.000000;0403e1aa-c54c-49f0-bc26-89e5273d3000;384.78;0.17;UNKNOWN
2016-01-19T03:21:43.000000;2016-01-19T03:21:43.000000;0f711882-3270-4cfd-98e0-f23bb80edca7;384.78;1.4;UNKNOWN
2016-01-19T03:21:49.000000;2016-01-19T03:21:49.000000;2d356433-ff2d-44d5-9a4c-5203be77b61f;384.78;0.61;UNKNOWN
2016-01-19T03:22:18.000000;2016-01-19T03:22:18.000000;4b555fe9-3243-4d4f-bd95-4635d4aa2ab7;384.78;1.31;UNKNOWN
2016-01-19T03:22:27.000000;2016-01-19T03:22:27.000000;a1788244-af08-4b73-b7f4-29c3c6cb56b4;384.78;2.73;UNKNOWN
2016-01-19T03:22:30.000000;2016-01-19T03:22:30.000000;3a80f263-0a26-450d-8294-9906ce4697ff;383.94;12.4444;UNKNOWN
2016-01-19T03:22:30.000000;2016-01-19T03:22:30.000000;6175c0f5-4990-4958-a3d6-511ffbe52a3d;384.78;15.0471;UNKNOWN
2016-01-19T03:22:30.000000;2016-01-19T03:22:30.000000;da471cea-c294-43da-838d-921602b65c1c;384.32;6.4785;UNKNOWN
2016-01-19T03:22:30.000000;2016-01-19T03:22:30.000000;7a63cece-45e5-419a-815e-5b972bec59d5;383.94;3.01;UNKNOWN
2016-01-19T03:22:30.000000;2016-01-19T03:22:30.000000;9d4c77c6-947c-4f4f-8838-29018762d05d;384.22;2.0;UNKNOWN
2016-01-19T03:22:30.000000;2016-01-19T03:22:30.000000;b4e11e54-deda-40f4-9a05-bee7c2603b92;384.31;1.02;UNKNOWN
2016-01-19T03:23:05.000000;2016-01-19T03:23:05.000000;46cba87d-790c-46f5-a17e-09a1f7b0f1d8;384.24;1.5;UNKNOWN
2016-01-19T03:23:18.000000;2016-01-19T03:23:18.000000;8c7bacb7-0fcf-4613-aa9f-195353696075;384.43;2.61;UNKNOWN
2016-01-19T03:24:05.000000;2016-01-19T03:24:05.000000;6933ed22-32ad-4a51-af5d-dc6c1da35a88;384.43;0.0996;UNKNOWN
2016-01-19T03:24:05.000000;2016-01-19T03:24:05.000000;a09d9635-8cea-4d3d-85a1-c85bb47ada42;383.82;2.04421651;UNKNOWN
2016-01-19T03:25:02.000000;2016-01-19T03:25:02.000000;4673fd85-e41a-489e-9e6c-87ade08a92e3;383.91;6.0;UNKNOWN
2016-01-19T03:25:02.000000;2016-01-19T03:25:02.000000;5a661022-cac0-45bf-8938-46f52f4d110c;383.91;3.0;UNKNOWN
2016-01-19T03:25:02.000000;2016-01-19T03:25:02.000000;3bee85b4-d2cb-482d-aa97-1248bfbea85c;383.92;6.4335;UNKNOWN
2016-01-19T03:25:02.000000;2016-01-19T03:25:02.000000;219b20cc-759a-4477-8d7f-b138c97c33cc;383.91;0.5;UNKNOWN
2016-01-19T03:25:07.000000;2016-01-19T03:25:07.000000;dcdc2c62-4e75-4072-b180-d330d162c947;383.8;0.05202978;UNKNOWN
2016-01-19T03:25:10.000000;2016-01-19T03:25:10.000000;d77869c9-ab66-4e1f-ad99-7891485da471;383.81;2.6;UNKNOWN
2016-01-19T03:25:15.000000;2016-01-19T03:25:15.000000;39532e14-756b-40cb-b43a-61905dc2224a;383.75;1.72282978;UNKNOWN
2016-01-19T03:25:15.000000;2016-01-19T03:25:15.000000;28bb9e9b-4271-4def-b123-192908a2be05;383.8;0.14717022;UNKNOWN
2016-01-19T03:25:17.000000;2016-01-19T03:25:17.000000;728a47ef-4d5c-4cab-82d1-b573110a96c4;383.81;1.5;UNKNOWN
2016-01-19T03:26:23.000000;2016-01-19T03:26:23.000000;13427aca-2e4d-4484-95c4-30f886d7553b;383.73;4.59;UNKNOWN
2016-01-19T03:28:57.000000;2016-01-19T03:28:57.000000;3bc97c3b-c32e-4b6b-b372-76c119521ca5;383.75;0.9;UNKNOWN
2016-01-19T03:29:43.000000;2016-01-19T03:29:43.000000;79311942-11ee-4409-bc70-f265cfadf09f;383.75;1.5;UNKNOWN
2016-01-19T03:30:40.000000;2016-01-19T03:30:40.000000;a4494c09-8960-4b0d-9def-b990e6a33a6d;383.73;0.73;UNKNOWN
2016-01-19T03:33:17.000000;2016-01-19T03:33:17.000000;0c757d9d-db12-4e1c-8b17-0a48ea062d9b;383.66;0.07935518;UNKNOWN
2016-01-19T03:33:17.000000;2016-01-19T03:33:17.000000;6717c7c4-ab5d-425f-8d34-c5df30f9bfff;383.69;0.025;UNKNOWN
2016-01-19T03:33:48.000000;2016-01-19T03:33:48.000000;a1c5700f-a128-4959-aeda-f3c8cb468e70;383.3;2.6;UNKNOWN
2016-01-19T03:33:48.000000;2016-01-19T03:33:48.000000;b4aac4d9-3ed0-407e-ae64-08ea2a9d4abe;383.56;2.6;UNKNOWN
2016-01-19T03:33:48.000000;2016-01-19T03:33:48.000000;a1587b3f-1cf5-4fa8-8ed7-099c7a7d0495;383.45;6.4676;UNKNOWN
2016-01-19T03:33:48.000000;2016-01-19T03:33:48.000000;3ca7f118-aaf0-4c5b-a762-3ff5b9437b58;383.38;2.6;UNKNOWN
2016-01-19T03:33:48.000000;2016-01-19T03:33:48.000000;590d5774-c4fd-491b-8109-e2867b8aaad6;383.43;2.6;UNKNOWN
2016-01-19T03:33:48.000000;2016-01-19T03:33:48.000000;87111cbd-3dc9-4db1-bb31-0fd2d40df1fd;383.33;2.6;UNKNOWN
2016-01-19T03:33:48.000000;2016-01-19T03:33:48.000000;76b77675-ae3d-4f3f-8bc1-795577894db2;383.26;2.6;UNKNOWN
2016-01-19T03:33:48.000000;2016-01-19T03:33:48.000000;fa201f90-2685-4040-b8cf-7080fa259b7e;383.5;2.6;UNKNOWN
2016-01-19T03:33:48.000000;2016-01-19T03:33:48.000000;995646fb-3a07-4031-9d5a-6439149637af;383.21;2.6;UNKNOWN
2016-01-19T03:33:48.000000;2016-01-19T03:33:48.000000;17796255-9cfc-4a3e-b4db-6fb11f5ad4fa;383.27;2.6;UNKNOWN
2016-01-19T03:33:48.000000;2016-01-19T03:33:48.000000;d593c6b0-38cc-49a7-8b8d-e3be4f151010;383.62;4.0;UNKNOWN
2016-01-19T03:33:48.000000;2016-01-19T03:33:48.000000;157e736c-b890-4215-8daf-6cfc76a77e9e;383.15;3.5324;UNKNOWN
2016-01-19T03:33:48.000000;2016-01-19T03:33:48.000000;6f333370-6738-4016-94f0-ab38fc3dac24;383.21;2.6;UNKNOWN
2016-01-19T03:33:52.000000;2016-01-19T03:33:52.000000;70cc68ac-c8ce-4c71-a687-a9ceff696621;383.16;0.01;UNKNOWN
2016-01-19T03:33:52.000000;2016-01-19T03:33:52.000000;48d3b87d-b783-40fc-a88c-627abb1b15bb;383.16;1.4526888;UNKNOWN
2016-01-19T03:34:09.000000;2016-01-19T03:34:09.000000;ab0e9fdf-8100-4def-acb4-e335244f98c4;383.0;0.0503;UNKNOWN
2016-01-19T03:34:09.000000;2016-01-19T03:34:09.000000;c3571436-620e-4468-b01b-29af6d9f041d;383.17;17.78;UNKNOWN
2016-01-19T03:34:09.000000;2016-01-19T03:34:09.000000;e359a867-5089-45cf-aa0a-1ea25e790ab2;383.16;1.1373112;UNKNOWN
2016-01-19T03:34:09.000000;2016-01-19T03:34:09.000000;25ddf903-c301-470c-b473-6907bf2655f9;383.0;0.2381;UNKNOWN
2016-01-19T03:34:09.000000;2016-01-19T03:34:09.000000;d4a70e5d-9d64-4158-b94a-d578d959dd4b;383.04;35.0;UNKNOWN
2016-01-19T03:34:09.000000;2016-01-19T03:34:09.000000;5cc7b26e-ead8-4991-b491-3df9c2a1e455;383.0;0.02;UNKNOWN
2016-01-19T03:34:09.000000;2016-01-19T03:34:09.000000;05ddce0d-dd64-4793-aa4d-2968724794e6;382.81;3.9968888;UNKNOWN
2016-01-19T03:34:09.000000;2016-01-19T03:34:09.000000;0ebf0b23-6a3d-4059-a69e-cf87fbc7d526;383.0;0.1;UNKNOWN
2016-01-19T03:34:09.000000;2016-01-19T03:34:09.000000;6fd4b68b-79ef-4da1-ad54-8b8c11cac8c2;382.85;2.6;UNKNOWN
2016-01-19T03:34:09.000000;2016-01-19T03:34:09.000000;0e570748-2484-41f4-8f19-b1d97b35827f;382.95;14.0774;UNKNOWN
2016-01-19T03:34:13.000000;2016-01-19T03:34:13.000000;8e583d74-7b22-4f95-80e4-974d9a7ac7e4;382.86;19.8466;UNKNOWN
2016-01-19T03:34:13.000000;2016-01-19T03:34:13.000000;5d53d798-d41f-417d-b1b8-3ad04bb63f67;382.86;0.01;UNKNOWN
2016-01-19T03:34:13.000000;2016-01-19T03:34:13.000000;8f9a306a-8aeb-4ef9-ab98-95834b5e90ad;382.86;0.5;UNKNOWN
2016-01-19T03:34:13.000000;2016-01-19T03:34:13.000000;ca03485d-1033-4973-9a0e-494d17a106f1;382.87;20.1534;UNKNOWN
2016-01-19T03:34:14.000000;2016-01-19T03:34:14.000000;aa7062e1-979f-4e8e-af5f-a98e73509f06;382.86;1.5;UNKNOWN
2016-01-19T03:34:37.000000;2016-01-19T03:34:37.000000;07ea8637-0c5b-4051-bd19-f9cf49e33661;382.87;0.05218167;UNKNOWN
2016-01-19T03:35:05.000000;2016-01-19T03:35:05.000000;f6febc94-2342-44ce-9583-9e08c79dc88e;382.94;1.33323585;UNKNOWN
2016-01-19T03:35:06.000000;2016-01-19T03:35:06.000000;dcd762dd-5251-4e67-9f81-783e425d23df;382.81;1.65242312;UNKNOWN
2016-01-19T03:35:36.000000;2016-01-19T03:35:36.000000;178e0dc2-749c-4bec-a282-750b1c1cabe9;382.94;3.0;UNKNOWN
2016-01-19T03:35:36.000000;2016-01-19T03:35:36.000000;8e690f36-cdb5-48c8-a27d-e93974b29123;382.94;0.5;UNKNOWN
2016-01-19T03:35:36.000000;2016-01-19T03:35:36.000000;60876159-dc03-4a67-9716-75e1ddef81f6;382.93;11.5;UNKNOWN
2016-01-19T03:35:38.000000;2016-01-19T03:35:38.000000;787223f0-44c3-4ef8-a968-3c324cf6e799;382.81;11.65518808;UNKNOWN
2016-01-19T03:35:38.000000;2016-01-19T03:35:38.000000;b08a1a2b-900c-4c2f-baff-00000f88bec5;382.8;0.02;UNKNOWN
2016-01-19T03:35:38.000000;2016-01-19T03:35:38.000000;f5dda265-ebb2-4201-99e4-e5ed59fbe198;382.92;6.0;UNKNOWN
2016-01-19T03:35:38.000000;2016-01-19T03:35:38.000000;79d87b0b-d0b0-479f-909d-f32f6d592cda;382.93;13.4194;UNKNOWN
2016-01-19T03:35:38.000000;2016-01-19T03:35:38.000000;c4e18243-628b-470a-a4cf-60291ac80f55;382.78;20.0;UNKNOWN
2016-01-19T03:35:38.000000;2016-01-19T03:35:38.000000;fa12f0dd-c494-45a2-b9dd-86f6eaa65e7b;382.9;9.5;UNKNOWN
2016-01-19T03:35:38.000000;2016-01-19T03:35:38.000000;b9f5a885-9c2f-4848-849b-28d32980a151;382.77;39.40541192;UNKNOWN
2016-01-19T03:35:40.000000;2016-01-19T03:35:40.000000;7ba92a58-928b-4702-b3e5-a6038fab9516;382.77;40.0;UNKNOWN
2016-01-19T03:35:41.000000;2016-01-19T03:35:41.000000;62297f3b-1663-4ed7-a4a7-7d2b715fa987;382.77;14.4065;UNKNOWN
2016-01-19T03:35:41.000000;2016-01-19T03:35:41.000000;28399ebc-e182-4957-b3c8-fea11a725536;382.78;19.6278;UNKNOWN
2016-01-19T03:35:41.000000;2016-01-19T03:35:41.000000;a9c80307-ee4b-4d6d-a7e5-303a8e54abf1;382.71;20.3722;UNKNOWN
2016-01-19T03:35:41.000000;2016-01-19T03:35:41.000000;e78c4c76-226e-46fe-9fe9-ac66132fa46e;382.71;4.99891192;UNKNOWN
2016-01-19T03:35:41.000000;2016-01-19T03:35:41.000000;856fa83c-cfbc-4200-a81d-3adf31f8ef15;382.77;20.59458808;UNKNOWN
2016-01-19T03:35:50.000000;2016-01-19T03:35:50.000000;ad1194bd-71cc-4ebd-8f15-1f921a36341c;382.66;2.40945485;UNKNOWN
2016-01-19T03:35:51.000000;2016-01-19T03:35:51.000000;222a1ae6-c27e-47c9-87d5-cdf9d3efe47a;382.66;1.03820765;UNKNOWN
2016-01-19T03:36:02.000000;2016-01-19T03:36:02.000000;350eb099-1a1d-478e-8958-27a242918df9;382.65;1.1885;UNKNOWN
2016-01-19T03:36:02.000000;2016-01-19T03:36:02.000000;2d5c83c0-6a11-4a9a-8bfc-df0389c106a4;382.65;3.8115;UNKNOWN
2016-01-19T03:36:03.000000;2016-01-19T03:36:03.000000;31b5d774-a641-464a-afb3-5897c261a1dd;383.12;0.035;UNKNOWN
2016-01-19T03:36:09.000000;2016-01-19T03:36:09.000000;26d29568-03d4-455d-8d03-aac064fcc35b;382.65;0.8;UNKNOWN
2016-01-19T03:36:11.000000;2016-01-19T03:36:11.000000;3defb680-033a-4391-badd-d757451a73dd;382.6;0.5048;UNKNOWN
2016-01-19T03:36:11.000000;2016-01-19T03:36:11.000000;6fd71fcf-8cfa-457f-84b6-5df05f74a0b0;382.56;7.85592547;UNKNOWN
2016-01-19T03:36:11.000000;2016-01-19T03:36:11.000000;90f57f8c-b4c5-4371-bca4-f38cba7d5023;382.65;0.81;UNKNOWN
2016-01-19T03:36:13.000000;2016-01-19T03:36:13.000000;c5502454-cfeb-4266-9448-6a324447f96a;382.44;11.1046;UNKNOWN
2016-01-19T03:36:13.000000;2016-01-19T03:36:13.000000;2e54224b-5e90-47ff-8bc9-09fec1ddbdab;382.33;11.778245;UNKNOWN
2016-01-19T03:36:13.000000;2016-01-19T03:36:13.000000;0d5c6c81-4e8b-4b84-a31c-fa500b8b6016;382.55;0.05;UNKNOWN
2016-01-19T03:36:13.000000;2016-01-19T03:36:13.000000;4b12f005-7ce7-42e2-92be-b7a077e38b4c;382.5;5.0;UNKNOWN
2016-01-19T03:36:13.000000;2016-01-19T03:36:13.000000;fb744efa-24f8-4dc5-b839-314887a9756c;382.34;2.61;UNKNOWN
2016-01-19T03:36:13.000000;2016-01-19T03:36:13.000000;d38ba3d0-4b06-40c5-80c7-680f4c813aa5;382.54;12.0;UNKNOWN
2016-01-19T03:36:13.000000;2016-01-19T03:36:13.000000;9080af72-905c-4b27-9676-09bb0e0a073b;382.26;11.907155;UNKNOWN
2016-01-19T03:36:13.000000;2016-01-19T03:36:13.000000;f08ae59b-4148-48d1-b0e7-d1fdc35d72ba;382.48;1.043;UNKNOWN
2016-01-19T03:36:13.000000;2016-01-19T03:36:13.000000;8f8bd579-9493-4449-8843-b862b1a61727;382.5;0.05;UNKNOWN
2016-01-19T03:36:13.000000;2016-01-19T03:36:13.000000;0b1e974a-e669-4f91-bf5b-955d7c6a9964;382.44;5.4972;UNKNOWN
2016-01-19T03:36:13.000000;2016-01-19T03:36:13.000000;97e712de-fd88-4b37-9c1a-0f023c7907ce;382.55;15.9298;UNKNOWN
2016-01-19T03:36:13.000000;2016-01-19T03:36:13.000000;eade6fc4-fe01-4569-8459-93c30e5d0689;382.5;0.1;UNKNOWN
2016-01-19T03:36:13.000000;2016-01-19T03:36:13.000000;20098da3-c774-4017-a4cc-db31dbf42751;382.35;2.6;UNKNOWN
2016-01-19T03:36:13.000000;2016-01-19T03:36:13.000000;97637b00-bff9-4153-bef5-53dcfb8ca1af;382.5;0.33;UNKNOWN
2016-01-19T03:36:18.000000;2016-01-19T03:36:18.000000;14103b2d-2463-4ea6-b65d-1e0b90ba91a9;382.51;5.28492834;UNKNOWN
2016-01-19T03:36:44.000000;2016-01-19T03:36:44.000000;8df9eb7d-c6a3-4d38-8e24-637a82f9541c;382.43;5.0;UNKNOWN
2016-01-19T03:36:54.000000;2016-01-19T03:36:54.000000;ccc4ca2d-fe4c-48ae-ac50-8dbec1f6167c;382.66;0.29;UNKNOWN
2016-01-19T03:36:57.000000;2016-01-19T03:36:57.000000;5e65dd12-c920-45de-a31b-646a1eaa7e6c;382.43;5.0;UNKNOWN
2016-01-19T03:37:06.000000;2016-01-19T03:37:06.000000;bbd7dbeb-5f01-4d22-a97f-70e40a0db76f;382.72;0.032;UNKNOWN
2016-01-19T03:37:06.000000;2016-01-19T03:37:06.000000;dc70a576-fbfe-4423-8200-1939de1838c4;382.97;1.75801778;UNKNOWN
2016-01-19T03:37:06.000000;2016-01-19T03:37:06.000000;5521d856-1080-4ae1-bcd2-2d13f6831e68;382.96;0.5;UNKNOWN
2016-01-19T03:37:10.000000;2016-01-19T03:37:10.000000;27504f4c-d9f5-4b91-b4c5-344eb0cb2524;382.55;5.0;UNKNOWN
2016-01-19T03:37:11.000000;2016-01-19T03:37:11.000000;d4e883f3-f9c9-47e4-a9a7-5772bc8d5caf;382.92;6.4596;UNKNOWN
2016-01-19T03:37:11.000000;2016-01-19T03:37:11.000000;1ab769bc-6ac2-4803-a1c2-40c278dcb5ee;382.93;1.8404;UNKNOWN
2016-01-19T03:37:13.000000;2016-01-19T03:37:13.000000;7407cafb-62ee-4382-8fb7-e8157673d1a8;382.92;0.5;UNKNOWN
2016-01-19T03:37:13.000000;2016-01-19T03:37:13.000000;097fa097-4176-4ade-9641-e493e1f78d64;382.92;3.0;UNKNOWN
2016-01-19T03:37:13.000000;2016-01-19T03:37:13.000000;5cfb70d6-9265-4c76-b160-6c7a81cd1631;382.93;6.0;UNKNOWN
2016-01-19T03:37:19.000000;2016-01-19T03:37:19.000000;3285d575-4478-45b9-b23d-6c401fb96baa;382.93;3.0;UNKNOWN
2016-01-19T03:37:19.000000;2016-01-19T03:37:19.000000;e4043b5b-a03d-4912-984d-4ebd08fa0aa5;382.71;0.5338;UNKNOWN
2016-01-19T03:37:19.000000;2016-01-19T03:37:19.000000;3b10fde5-1279-4fce-a462-b097f278853c;382.71;6.4662;UNKNOWN
2016-01-19T03:37:33.000000;2016-01-19T03:37:33.000000;cd701f11-66c6-4aed-9fc5-63966bb396b2;382.55;5.0;UNKNOWN
2016-01-19T03:38:27.000000;2016-01-19T03:38:27.000000;d26e818d-a3af-4e61-8691-ccaa37dbbdf9;382.82;0.07852424;UNKNOWN
2016-01-19T03:38:57.000000;2016-01-19T03:38:57.000000;72d2ec4e-7120-4f18-8aeb-d7a1d4893d9a;382.6;15.0;UNKNOWN
2016-01-19T03:38:57.000000;2016-01-19T03:38:57.000000;2c98d96b-92a8-4483-ad5e-16ec4248b962;382.46;2.21672424;UNKNOWN
2016-01-19T03:38:57.000000;2016-01-19T03:38:57.000000;6216b324-b619-4329-b753-ea3d0ad1dd1d;382.59;12.5;UNKNOWN
2016-01-19T03:38:57.000000;2016-01-19T03:38:57.000000;d585c7d7-810d-453f-b3cc-c040bd8b703c;382.55;3.6502;UNKNOWN
2016-01-19T03:38:57.000000;2016-01-19T03:38:57.000000;af1a4682-1ef3-4ca7-b2c1-afbc2b7340fa;382.82;0.17147576;UNKNOWN
2016-01-19T03:38:57.000000;2016-01-19T03:38:57.000000;52504092-35ce-4527-901b-7de2d73e0bee;382.61;6.4616;UNKNOWN
2016-01-19T03:39:18.000000;2016-01-19T03:39:18.000000;ff5ed763-a987-45a6-ac75-1249336d68a8;382.44;3.0;UNKNOWN
2016-01-19T03:39:18.000000;2016-01-19T03:39:18.000000;0ac80046-c491-4006-b18e-d8cc8b1ba83b;382.44;23.6345;UNKNOWN
2016-01-19T03:39:18.000000;2016-01-19T03:39:18.000000;9f441790-f277-4a4a-b4b6-b45401594f04;382.45;0.5;UNKNOWN
2016-01-19T03:39:18.000000;2016-01-19T03:39:18.000000;272a2fd1-0b45-40fb-9dd3-638892110210;382.43;6.0;UNKNOWN
2016-01-19T03:39:18.000000;2016-01-19T03:39:18.000000;6a8c8ea7-6951-47b8-b310-99ef4c742ae8;382.41;6.8655;UNKNOWN
2016-01-19T03:39:19.000000;2016-01-19T03:39:19.000000;5cfb8c58-630d-4e34-9980-f85b4d2a20f7;382.3;18.0;UNKNOWN
2016-01-19T03:39:19.000000;2016-01-19T03:39:19.000000;764ba105-5a66-4eaa-9754-5a138081b05e;382.41;8.268;UNKNOWN
2016-01-19T03:39:19.000000;2016-01-19T03:39:19.000000;af52deaf-ce89-4d76-aa09-4a264f30d4b9;382.42;12.0;UNKNOWN
2016-01-19T03:39:19.000000;2016-01-19T03:39:19.000000;f3c054f3-0cfa-4e7b-aa77-bffd24651fe5;382.26;1.732;UNKNOWN
2016-01-19T03:39:26.000000;2016-01-19T03:39:26.000000;6ebd8b05-1d8a-423c-b354-f9d9e44b237f;382.27;5.2283264;UNKNOWN
2016-01-19T03:39:27.000000;2016-01-19T03:39:27.000000;b228c43e-70d6-49dd-a7f7-43442ff2cdcf;382.27;5.0;UNKNOWN
2016-01-19T03:39:32.000000;2016-01-19T03:39:32.000000;48c8fbab-104e-413a-93d7-adc36fafc65b;382.26;0.5;UNKNOWN
2016-01-19T03:39:58.000000;2016-01-19T03:39:58.000000;c31e220c-7127-4cbb-b597-f54b4e2f779c;382.15;0.5;UNKNOWN
2016-01-19T03:39:58.000000;2016-01-19T03:39:58.000000;82bec03f-b422-4fc0-82bb-b60895e960cb;382.2;0.02;UNKNOWN
2016-01-19T03:39:58.000000;2016-01-19T03:39:58.000000;74f38631-6824-4789-82cf-e8a05e9c2a7c;382.15;15.3142;UNKNOWN
2016-01-19T03:39:58.000000;2016-01-19T03:39:58.000000;b1336381-efa9-4e3c-b3d2-bf54de372c2f;382.29;6.4958;UNKNOWN
2016-01-19T03:39:58.000000;2016-01-19T03:39:58.000000;ebe9b70a-54f4-429e-a003-e7101796c38b;382.35;0.1;UNKNOWN
2016-01-19T03:39:58.000000;2016-01-19T03:39:58.000000;913576be-9c85-4026-bc0f-03a3faee8006;382.25;17.0775;UNKNOWN
2016-01-19T03:39:58.000000;2016-01-19T03:39:58.000000;faad0e89-0cc8-4486-8b71-78c8f75afb3a;382.15;0.4925;UNKNOWN
2016-01-19T03:40:00.000000;2016-01-19T03:40:00.000000;df919ce8-05ba-41af-821f-1622976c3cf3;382.09;16.3048;UNKNOWN
2016-01-19T03:40:00.000000;2016-01-19T03:40:00.000000;cdda0bd2-0443-4a2c-bf85-eb9a21125abb;382.1;8.0;UNKNOWN
2016-01-19T03:40:00.000000;2016-01-19T03:40:00.000000;2346bcb0-16af-49ce-94b0-80ffb25fb307;382.11;0.05;UNKNOWN
2016-01-19T03:40:00.000000;2016-01-19T03:40:00.000000;befbeaef-1576-49d4-9fae-f04a4142a4cd;382.16;15.6452;UNKNOWN
2016-01-19T03:40:02.000000;2016-01-19T03:40:02.000000;b3ddec84-112a-4cfb-b8a1-0109495516ff;382.05;1.73;UNKNOWN
2016-01-19T03:40:02.000000;2016-01-19T03:40:02.000000;2976a2b9-9a8f-4f45-9896-c7586d15ba2c;382.0;0.05;UNKNOWN
2016-01-19T03:40:02.000000;2016-01-19T03:40:02.000000;7b1765b3-62d1-4f56-a922-dd8cb35efbfa;382.05;1.0;UNKNOWN
2016-01-19T03:40:02.000000;2016-01-19T03:40:02.000000;0bb24fb6-6706-4664-bdcb-f4c0f1a24b74;382.0;1.0026;UNKNOWN
2016-01-19T03:40:02.000000;2016-01-19T03:40:02.000000;f39abff2-c237-41d5-abd8-813d69f82895;381.98;2.2974;UNKNOWN
2016-01-19T03:40:02.000000;2016-01-19T03:40:02.000000;8ac45775-ffb7-4d55-9946-585e7eb30236;382.0;0.05;UNKNOWN
2016-01-19T03:40:02.000000;2016-01-19T03:40:02.000000;bd23ffc8-729a-43d6-b7ab-2789aae9c35a;381.99;0.21;UNKNOWN
2016-01-19T03:40:02.000000;2016-01-19T03:40:02.000000;3c66cc93-c0ef-4093-a7e8-d38a0dc377af;382.03;2.61;UNKNOWN
2016-01-19T03:40:02.000000;2016-01-19T03:40:02.000000;37b28daf-1224-4d25-b376-296e716599ad;382.0;0.05;UNKNOWN
2016-01-19T03:40:05.000000;2016-01-19T03:40:05.000000;9eac14f9-1c6f-49ac-bfb6-739687679ca3;381.98;0.3126;UNKNOWN
2016-01-19T03:40:05.000000;2016-01-19T03:40:05.000000;d335aec9-d86e-44a4-87a9-7adec7a1a3ca;381.98;4.6874;UNKNOWN
2016-01-19T03:40:32.000000;2016-01-19T03:40:32.000000;3baf02c7-0da8-4362-ad0c-49f2a2700fc3;381.93;2.0;UNKNOWN
2016-01-19T03:40:32.000000;2016-01-19T03:40:32.000000;e8425e11-f993-494e-9ae3-451a852b626b;381.93;6.0;UNKNOWN
2016-01-19T03:40:32.000000;2016-01-19T03:40:32.000000;13562b46-8431-4f88-bb83-d9ee1167e0dd;381.93;0.37457166;UNKNOWN
2016-01-19T03:40:32.000000;2016-01-19T03:40:32.000000;69622884-8a50-4060-9b9f-179478958ecc;381.97;0.18511;UNKNOWN
2016-01-19T03:40:32.000000;2016-01-19T03:40:32.000000;03f26c60-fad8-4520-a28c-b510f413d210;381.93;2.75;UNKNOWN
2016-01-19T03:40:34.000000;2016-01-19T03:40:34.000000;24bbd8e0-bc00-4d89-af85-fac25340e5d0;381.91;14.75177166;UNKNOWN
2016-01-19T03:40:34.000000;2016-01-19T03:40:34.000000;04305014-2cba-47e7-9c5a-00bf458432e7;381.93;17.62822834;UNKNOWN
2016-01-19T03:40:34.000000;2016-01-19T03:40:34.000000;ecf5e2cb-3756-40ad-a4fd-08111228822c;381.92;7.62;UNKNOWN
2016-01-19T03:40:35.000000;2016-01-19T03:40:35.000000;fd1d2d33-f105-499d-9cfb-fd26cf0cdf9f;381.76;7.96;UNKNOWN
2016-01-19T03:40:35.000000;2016-01-19T03:40:35.000000;b0bb1521-0eaa-4564-baa9-a91f8b9fc8ba;381.57;2.10227166;UNKNOWN
2016-01-19T03:40:35.000000;2016-01-19T03:40:35.000000;a23b583c-5d4e-49b5-9847-feece030311e;381.62;2.61;UNKNOWN
2016-01-19T03:40:35.000000;2016-01-19T03:40:35.000000;1b04181d-d3e5-4fec-9f39-c095f7b59336;381.7;1.95747166;UNKNOWN
2016-01-19T03:40:35.000000;2016-01-19T03:40:35.000000;1ffc0543-4ba1-46b0-8282-08c8caa193cd;381.75;14.8469;UNKNOWN
2016-01-19T03:40:35.000000;2016-01-19T03:40:35.000000;846f2a88-6bcb-4087-b78e-630df5bc1a90;381.77;2.61;UNKNOWN
2016-01-19T03:40:35.000000;2016-01-19T03:40:35.000000;630479ed-c5ab-4f33-b063-bcd843c4748c;381.84;2.61;UNKNOWN
2016-01-19T03:40:35.000000;2016-01-19T03:40:35.000000;53d6bed8-2f62-45fd-93ca-1e43c3a986c2;381.75;2.61;UNKNOWN
2016-01-19T03:40:35.000000;2016-01-19T03:40:35.000000;5ccd5d6a-6309-4b55-8e19-b45a18b7df45;381.71;0.05;UNKNOWN
2016-01-19T03:40:35.000000;2016-01-19T03:40:35.000000;9ad4345e-073e-4d8e-9590-d79963faa6df;381.7;0.65252834;UNKNOWN
2016-01-19T03:40:35.000000;2016-01-19T03:40:35.000000;5ce7019b-79c1-49e8-9001-a405ad58cb47;381.69;2.6;UNKNOWN
2016-01-19T03:40:35.000000;2016-01-19T03:40:35.000000;c83229bc-1b93-4a95-8d10-390273797a66;382.46;0.5;UNKNOWN
2016-01-19T03:40:35.000000;2016-01-19T03:40:35.000000;ab77f949-6bb8-49ab-82fc-7b752ccc26c3;381.6;14.7152;UNKNOWN
2016-01-19T03:40:35.000000;2016-01-19T03:40:35.000000;a6faf60c-1142-4314-b92d-406887ad97c6;381.61;14.71;UNKNOWN
2016-01-19T03:40:35.000000;2016-01-19T03:40:35.000000;aa218ffa-6383-4a6a-a37b-97102be01ee5;381.66;2.61;UNKNOWN
2016-01-19T03:40:35.000000;2016-01-19T03:40:35.000000;db5374e1-c0bf-486f-a289-5f0efb0be73c;381.82;2.61;UNKNOWN
2016-01-19T03:40:35.000000;2016-01-19T03:40:35.000000;416d3e09-c4d7-44ec-9850-5222074851b2;381.83;1.19;UNKNOWN
2016-01-19T03:40:35.000000;2016-01-19T03:40:35.000000;b43eb060-12b3-4335-a624-876edaaa32ad;382.46;6.0;UNKNOWN
2016-01-19T03:40:35.000000;2016-01-19T03:40:35.000000;5510895d-5be1-458e-83bd-2348b2a7f13b;382.47;6.5287;UNKNOWN
2016-01-19T03:40:35.000000;2016-01-19T03:40:35.000000;e9788830-3f14-4e62-b585-52c402f7c43d;382.46;3.0;UNKNOWN
2016-01-19T03:40:35.000000;2016-01-19T03:40:35.000000;5c9ad740-3a63-4d24-b3bd-d1eeba92692e;382.47;12.0;UNKNOWN
2016-01-19T03:40:35.000000;2016-01-19T03:40:35.000000;cc8426fd-f1f5-4086-8e42-575fdf2d2f8f;381.91;1.96562834;UNKNOWN
2016-01-19T03:40:35.000000;2016-01-19T03:40:35.000000;b4f70409-81ee-4690-8733-89875b97c9a9;381.78;1.19;UNKNOWN
2016-01-19T03:40:35.000000;2016-01-19T03:40:35.000000;36e322d7-9f2c-4325-b27f-29a25a12a2e2;381.86;0.4;UNKNOWN
2016-01-19T03:40:45.000000;2016-01-19T03:40:45.000000;4db9b55e-05cd-4e55-b0eb-35bd56c621f0;382.5;5.0;UNKNOWN
2016-01-19T03:41:02.000000;2016-01-19T03:41:02.000000;aad559a2-a32e-43df-bb18-ca5322ed4ed1;382.51;0.035;UNKNOWN
2016-01-19T03:41:04.000000;2016-01-19T03:41:04.000000;1c28ad30-be7e-4e87-a919-0a987b70edf6;382.5;40.0;UNKNOWN
2016-01-19T03:41:19.000000;2016-01-19T03:41:19.000000;d1743ed5-35c3-4f21-b9e3-54fb9f019e9c;382.5;3.95;UNKNOWN
2016-01-19T03:41:26.000000;2016-01-19T03:41:26.000000;85042344-e954-439c-9fbf-bc129c7b1152;382.5;6.49;UNKNOWN
2016-01-19T03:41:44.000000;2016-01-19T03:41:44.000000;56b99d14-5a8a-423d-9d1c-5374b0272a63;382.51;0.15;UNKNOWN
2016-01-19T03:42:01.000000;2016-01-19T03:42:01.000000;101d6b14-52a0-4d39-8619-76942a8cb325;382.51;0.1;UNKNOWN
2016-01-19T03:42:15.000000;2016-01-19T03:42:15.000000;a7e9b275-9c78-43ca-8984-590b311abace;382.51;0.1;UNKNOWN
2016-01-19T03:42:24.000000;2016-01-19T03:42:24.000000;d5194233-51bb-49b3-8611-1edea393c157;382.51;0.43;UNKNOWN
2016-01-19T03:42:26.000000;2016-01-19T03:42:26.000000;00465265-5815-41b5-b9a3-1fb09fd60aa8;382.51;0.1;UNKNOWN
2016-01-19T03:42:40.000000;2016-01-19T03:42:40.000000;b9b6e799-fc8a-4b76-be15-5fa9b5245f40;382.51;0.1;UNKNOWN
2016-01-19T03:42:56.000000;2016-01-19T03:42:56.000000;a967f5c7-efb6-4e7d-a7e9-323527528cb7;382.51;0.1;UNKNOWN
2016-01-19T03:43:54.000000;2016-01-19T03:43:54.000000;6536618e-96c1-47b4-863c-51d70f9c6d0f;382.5;1.0;UNKNOWN
2016-01-19T03:43:57.000000;2016-01-19T03:43:57.000000;0d7d1d72-3b52-4d63-bdf2-5036bc9dc832;382.5;0.02643166;UNKNOWN
2016-01-19T03:44:51.000000;2016-01-19T03:44:51.000000;82b38303-0b89-4d8f-b435-b17ff118c24b;382.51;0.295;UNKNOWN
2016-01-19T03:45:08.000000;2016-01-19T03:45:08.000000;9e06edda-476b-4789-9ab2-e95fbb6813fb;382.51;0.9529;UNKNOWN
2016-01-19T03:46:10.000000;2016-01-19T03:46:10.000000;3991bf7e-d10b-44ba-881c-938062241ff2;382.51;0.05;UNKNOWN
2016-01-19T03:46:11.000000;2016-01-19T03:46:11.000000;9bbc07aa-dc06-42c6-aaac-0b2492e59dca;382.5;0.026;UNKNOWN
2016-01-19T03:46:11.000000;2016-01-19T03:46:11.000000;caa61409-fee4-4020-933f-75d7e3d673f6;382.5;1.66087266;UNKNOWN
2016-01-19T03:46:11.000000;2016-01-19T03:46:11.000000;52daa17f-78ca-474a-8248-97aed2634030;382.5;15.50486834;UNKNOWN
2016-01-19T03:46:13.000000;2016-01-19T03:46:13.000000;d4367695-f7db-4391-98d0-d371c3510571;382.5;1.0;UNKNOWN
2016-01-19T03:46:24.000000;2016-01-19T03:46:24.000000;25fb5443-f223-4ffd-9b07-093a2441798a;382.51;0.05;UNKNOWN
2016-01-19T03:46:42.000000;2016-01-19T03:46:42.000000;f615cdc0-6eb5-4ba2-8d2b-97c87c3d60d6;382.51;0.05;UNKNOWN
2016-01-19T03:47:48.000000;2016-01-19T03:47:48.000000;3cd381d5-f757-49db-b110-1e9db5d25a36;382.5;0.09910773;UNKNOWN
2016-01-19T03:48:04.000000;2016-01-19T03:48:04.000000;da3e9cb0-41c9-466e-afd8-3e9a010a9c66;382.51;2.61;UNKNOWN
2016-01-19T03:48:04.000000;2016-01-19T03:48:04.000000;f25faa2a-b490-4d4d-8374-3cdb3c59e6cc;382.51;2.35;UNKNOWN
2016-01-19T03:48:04.000000;2016-01-19T03:48:04.000000;f31a21fa-7cda-4eb1-b681-508d55d342cf;382.51;5.04;UNKNOWN
2016-01-19T03:48:05.000000;2016-01-19T03:48:05.000000;521f2850-45e6-48d6-bbd0-9806f2fe77e8;382.51;0.0576074;UNKNOWN
2016-01-19T03:50:05.000000;2016-01-19T03:50:05.000000;d4fac651-c704-4132-8090-49133f3bb6c6;382.81;3.0;UNKNOWN
2016-01-19T03:50:05.000000;2016-01-19T03:50:05.000000;7f3117c1-016b-4d3f-a2ae-331df19af38c;382.81;0.5;UNKNOWN
2016-01-19T03:50:05.000000;2016-01-19T03:50:05.000000;863ca95e-cdb0-419f-bccc-2ef8a99c1b30;382.84;0.0478;UNKNOWN
2016-01-19T03:50:05.000000;2016-01-19T03:50:05.000000;c56e5428-885f-4ec1-9dc2-937fd61a69b4;382.81;6.4522;UNKNOWN
2016-01-19T03:50:23.000000;2016-01-19T03:50:23.000000;718b31c8-454a-4e50-a147-3683f590ed4a;382.89;2.0278;UNKNOWN
2016-01-19T03:50:23.000000;2016-01-19T03:50:23.000000;5617df55-4d29-486f-b869-41d295c01fac;382.84;2.5622;UNKNOWN
2016-01-19T03:50:43.000000;2016-01-19T03:50:43.000000;339626b8-887a-4f6a-9bf7-dc201cffba22;383.0;6.0;UNKNOWN
2016-01-19T03:51:05.000000;2016-01-19T03:51:05.000000;b8dadd45-5fb1-4e17-9604-cc72254a585a;383.01;4.6;UNKNOWN
2016-01-19T03:51:11.000000;2016-01-19T03:51:11.000000;c5d43d1e-8542-4054-8270-3d7460baa68d;383.0;74.3299;UNKNOWN
2016-01-19T03:51:11.000000;2016-01-19T03:51:11.000000;dca33bc5-ed76-4a64-8917-943c5d1b82c4;382.82;6.5135;UNKNOWN
2016-01-19T03:51:11.000000;2016-01-19T03:51:11.000000;a89e7ad2-952c-4bda-9b09-52dc58295b7b;383.01;2.85;UNKNOWN
2016-01-19T03:51:11.000000;2016-01-19T03:51:11.000000;9ce75f99-a75b-4148-804a-a437b135585b;382.93;13.9371;UNKNOWN
2016-01-19T03:51:11.000000;2016-01-19T03:51:11.000000;f5ecd370-ba67-4fed-96b2-6f1bc9d13c61;382.82;2.3695;UNKNOWN
