time_exchange;time_coinpai;guid;price;base_amount;taker_side
2016-02-05T00:00:00.000000;2016-02-05T00:00:00.000000;42c9fd80-cd3b-4e65-a1f0-e6e61f95756b;389.98;17.0763;UNKNOWN
2016-02-05T00:00:08.000000;2016-02-05T00:00:08.000000;650f02c7-e88f-4ce0-ba10-8b1d994c95a9;390.1;4.06964226;UNKNOWN
2016-02-05T00:00:09.000000;2016-02-05T00:00:09.000000;27ec3a66-074e-4e4b-956e-57c68a81158d;390.04;0.4486;UNKNOWN
2016-02-05T00:00:09.000000;2016-02-05T00:00:09.000000;edd629ce-8caf-438a-935e-919444d815e4;390.1;2.06844211;UNKNOWN
2016-02-05T00:00:09.000000;2016-02-05T00:00:09.000000;6bcf8d4d-2dd7-4575-b9e4-45d136902d4e;390.04;1.52;UNKNOWN
2016-02-05T00:00:13.000000;2016-02-05T00:00:13.000000;03f73009-c4cb-4bfd-82ce-0fea8565cd91;390.04;13.4858;UNKNOWN
2016-02-05T00:00:50.000000;2016-02-05T00:00:50.000000;0cc6855b-5730-4c2d-823b-5a2e5d6d3cac;389.66;42.91166639;UNKNOWN
2016-02-05T00:00:50.000000;2016-02-05T00:00:50.000000;ce7f378e-e467-4cdb-8e75-28f570a39d65;389.98;1.9686;UNKNOWN
2016-02-05T00:00:50.000000;2016-02-05T00:00:50.000000;e84f8274-5a80-48d3-8c55-b60f63b192f0;390.04;6.3643;UNKNOWN
2016-02-05T00:00:50.000000;2016-02-05T00:00:50.000000;61861684-2074-4b7e-b322-7618d423a752;389.8;17.8292;UNKNOWN
2016-02-05T00:00:50.000000;2016-02-05T00:00:50.000000;7cbee7f7-0781-4a01-87b8-fa251ee7825d;389.98;2.79;UNKNOWN
2016-02-05T00:00:50.000000;2016-02-05T00:00:50.000000;87c724b5-1fd0-4367-8c5c-0146dd24eeb0;389.96;0.11;UNKNOWN
2016-02-05T00:00:50.000000;2016-02-05T00:00:50.000000;6e29f3e3-8aeb-41f4-8321-ff864e5e761d;389.9;3.64;UNKNOWN
2016-02-05T00:00:50.000000;2016-02-05T00:00:50.000000;ecdb3f42-57b9-45ef-bdec-3f24a1ddc968;390.04;27.1271;UNKNOWN
2016-02-05T00:00:50.000000;2016-02-05T00:00:50.000000;8446402c-1775-4e18-b3bc-4dea44a9de9a;390.03;2.00493361;UNKNOWN
2016-02-05T00:00:50.000000;2016-02-05T00:00:50.000000;c7fb065e-61be-4dd3-aa36-e41e406e9082;389.85;0.2542;UNKNOWN
2016-02-05T00:01:31.000000;2016-02-05T00:01:31.000000;65960198-56f1-4cdf-a932-fe3dd1d0148a;389.85;0.158;UNKNOWN
2016-02-05T00:02:30.000000;2016-02-05T00:02:30.000000;4e1113a2-6d84-44cc-b1e0-4d0e87d6b110;389.46;0.1;UNKNOWN
2016-02-05T00:02:30.000000;2016-02-05T00:02:30.000000;e19e9e73-af2e-41f8-a177-9f4ab215093b;389.51;1.0;UNKNOWN
2016-02-05T00:02:30.000000;2016-02-05T00:02:30.000000;4a33e4da-e53f-4e0b-a41f-a0ecd18c8d66;389.29;2.59315;UNKNOWN
2016-02-05T00:02:37.000000;2016-02-05T00:02:37.000000;2ca007a2-5727-4983-8bbf-462a1a9df627;388.89;20.6179;UNKNOWN
2016-02-05T00:02:37.000000;2016-02-05T00:02:37.000000;a016176f-a93f-4d0f-9be7-d0bb49fc0afa;388.37;13.8798;UNKNOWN
2016-02-05T00:02:37.000000;2016-02-05T00:02:37.000000;2f37eb1a-96dc-43fb-b270-79f457f8690c;388.4;100.0;UNKNOWN
2016-02-05T00:02:37.000000;2016-02-05T00:02:37.000000;f47cd937-ad4f-45c5-9888-e1df4c511396;388.88;1.0;UNKNOWN
2016-02-05T00:02:37.000000;2016-02-05T00:02:37.000000;d9ad4b13-37a8-4655-9ee7-005f53a9fcd0;388.26;0.17934553;UNKNOWN
2016-02-05T00:02:37.000000;2016-02-05T00:02:37.000000;ff04056a-3ceb-43fc-b533-4735e7ec1311;388.33;3.77500944;UNKNOWN
2016-02-05T00:02:37.000000;2016-02-05T00:02:37.000000;61d1b0a0-a034-4cf3-ad1d-58e03be28f09;388.3;0.16266119;UNKNOWN
2016-02-05T00:02:37.000000;2016-02-05T00:02:37.000000;3ed97469-2fa1-4988-b1bb-cf8b72caf6e6;388.41;20.0;UNKNOWN
2016-02-05T00:02:37.000000;2016-02-05T00:02:37.000000;f5253a52-824a-47df-89a3-50aed982c478;388.59;0.25;UNKNOWN
2016-02-05T00:02:37.000000;2016-02-05T00:02:37.000000;ca953991-927f-4c58-b5ac-7d6ded9ea57f;388.65;15.4614;UNKNOWN
2016-02-05T00:02:37.000000;2016-02-05T00:02:37.000000;c34d3e50-0676-4c3d-a7dc-c022a232f068;388.5;0.05;UNKNOWN
2016-02-05T00:02:37.000000;2016-02-05T00:02:37.000000;67bfa61c-5ec4-406b-a3c2-9e0f50bb6491;388.65;6.0;UNKNOWN
2016-02-05T00:02:37.000000;2016-02-05T00:02:37.000000;c49916d7-35b5-4c0b-924a-2326c473f28d;388.63;0.01836343;UNKNOWN
2016-02-05T00:02:37.000000;2016-02-05T00:02:37.000000;16a87376-6445-47d1-a542-0dac349cf0be;388.53;35.0;UNKNOWN
2016-02-05T00:02:37.000000;2016-02-05T00:02:37.000000;cd15af31-8c61-4d23-b709-f0ed9d8c19f0;388.41;2.51;UNKNOWN
2016-02-05T00:02:37.000000;2016-02-05T00:02:37.000000;bcaf692e-1ee9-4999-9951-1e0b5b16c8cb;388.4;0.12895696;UNKNOWN
2016-02-05T00:02:37.000000;2016-02-05T00:02:37.000000;cc940326-b3d1-4efb-b1f8-5e71e1f9cd59;388.5;0.5053;UNKNOWN
2016-02-05T00:02:37.000000;2016-02-05T00:02:37.000000;f6039e35-d465-4698-94dc-37d9f165c95c;388.49;15.1577;UNKNOWN
2016-02-05T00:02:37.000000;2016-02-05T00:02:37.000000;f0721a05-4a49-4e67-9ab0-bbc892eda408;388.4;3.77500944;UNKNOWN
2016-02-05T00:02:37.000000;2016-02-05T00:02:37.000000;bc28e5de-a8f4-4653-a747-09b88660520a;388.45;0.01;UNKNOWN
2016-02-05T00:02:37.000000;2016-02-05T00:02:37.000000;3c26c898-909c-4384-918d-17c0e138f3d7;388.26;3.77500944;UNKNOWN
2016-02-05T00:02:37.000000;2016-02-05T00:02:37.000000;a46a11ae-5800-4998-98de-1652c022d2ca;388.2;15.6715;UNKNOWN
2016-02-05T00:02:37.000000;2016-02-05T00:02:37.000000;3c472e42-ba23-4b4c-9f0c-00f8c934fe41;389.18;10.0;UNKNOWN
2016-02-05T00:02:37.000000;2016-02-05T00:02:37.000000;b7c6fb60-a792-4c8a-be8e-dcd883c1a087;388.82;16.606;UNKNOWN
2016-02-05T00:02:37.000000;2016-02-05T00:02:37.000000;5532ea6e-7514-425f-99a1-e8bc442da4a5;389.06;3.291349;UNKNOWN
2016-02-05T00:02:37.000000;2016-02-05T00:02:37.000000;e004943f-4e32-499a-8784-a5950bce2f2f;388.21;3.01;UNKNOWN
2016-02-05T00:02:37.000000;2016-02-05T00:02:37.000000;94322faa-5f9c-4d0f-9bd7-cb1cc5d46f5c;388.82;4.0;UNKNOWN
2016-02-05T00:02:37.000000;2016-02-05T00:02:37.000000;1bce4de1-912d-4017-80bf-0bb9a0c93a5e;388.11;3.77500944;UNKNOWN
2016-02-05T00:02:37.000000;2016-02-05T00:02:37.000000;323b2449-a4a2-4902-bf16-b6966775ccf5;388.13;3.77277815;UNKNOWN
2016-02-05T00:02:37.000000;2016-02-05T00:02:37.000000;673cc14d-81c9-48d0-8423-02fdf9be6d43;388.95;4.0;UNKNOWN
2016-02-05T00:02:37.000000;2016-02-05T00:02:37.000000;271c734f-6dac-4f4f-b085-a2673b8530b6;388.2;3.77277815;UNKNOWN
2016-02-05T00:02:37.000000;2016-02-05T00:02:37.000000;08005e0c-e64a-42fe-8a8d-c0ba5fac2831;388.18;3.77500944;UNKNOWN
2016-02-05T00:02:37.000000;2016-02-05T00:02:37.000000;2a4da3ff-21c6-4a1b-912a-8c6bc52619a1;388.85;7.08833361;UNKNOWN
2016-02-05T00:02:37.000000;2016-02-05T00:02:37.000000;dedcf81d-a5f3-477f-97a6-bb8faa0c3589;387.81;5.62120493;UNKNOWN
2016-02-05T00:02:37.000000;2016-02-05T00:02:37.000000;9f87b24b-9cf1-4d9b-9de5-ad564bc00b53;388.0;0.01;UNKNOWN
2016-02-05T00:02:37.000000;2016-02-05T00:02:37.000000;1d42d1a7-242d-45ba-ac52-283eefe0e797;387.9;15.6243;UNKNOWN
2016-02-05T00:02:37.000000;2016-02-05T00:02:37.000000;906cf887-be27-44ba-b0e9-44bd7823eca4;387.92;15.645;UNKNOWN
2016-02-05T00:02:37.000000;2016-02-05T00:02:37.000000;c6089f25-ce5b-47d9-b11e-e7bdaac85017;388.06;3.7727307;UNKNOWN
2016-02-05T00:02:37.000000;2016-02-05T00:02:37.000000;3a9b0152-9914-446f-b386-57968e1d1e3d;387.99;3.77277815;UNKNOWN
2016-02-05T00:02:37.000000;2016-02-05T00:02:37.000000;23c476f1-48ec-4cbf-8062-e5c3249276fb;388.04;16.227;UNKNOWN
2016-02-05T00:02:37.000000;2016-02-05T00:02:37.000000;8bbd4abb-eb75-4ac1-bae1-c30d54624452;387.84;0.177773;UNKNOWN
2016-02-05T00:02:37.000000;2016-02-05T00:02:37.000000;f4f624d2-b2f0-4325-95ab-9194a69a5329;387.91;15.63;UNKNOWN
2016-02-05T00:03:06.000000;2016-02-05T00:03:06.000000;3b467182-7b16-48cf-9fbd-5aa557c6b7a5;388.86;1.278;UNKNOWN
2016-02-05T00:03:20.000000;2016-02-05T00:03:20.000000;6dde72a3-ebc0-48b3-ac76-ddd1f1af4a5b;388.84;0.06795911;UNKNOWN
2016-02-05T00:03:40.000000;2016-02-05T00:03:40.000000;a1cde051-949c-4271-a7b2-6b59c3b7cee5;388.84;1.0;UNKNOWN
2016-02-05T00:03:55.000000;2016-02-05T00:03:55.000000;672add51-d890-4ca8-95a1-6acf74359b31;388.49;3.89064661;UNKNOWN
2016-02-05T00:03:55.000000;2016-02-05T00:03:55.000000;2d1782a5-2879-44d4-9a0f-60a05aaa5477;388.5;2.4;UNKNOWN
2016-02-05T00:04:15.000000;2016-02-05T00:04:15.000000;d965b09d-264d-48ee-b45e-103c76d3a994;388.49;0.07706394;UNKNOWN
2016-02-05T00:04:26.000000;2016-02-05T00:04:26.000000;5aaeaeb6-f171-4439-a4d0-b494f957ca27;388.5;0.37;UNKNOWN
2016-02-05T00:04:37.000000;2016-02-05T00:04:37.000000;3aae4c8e-9f73-432b-9e41-824609a5d10b;388.5;5.0;UNKNOWN
2016-02-05T00:04:43.000000;2016-02-05T00:04:43.000000;bad9d639-f560-4144-bb28-91778a6b1ffd;388.49;5.07262945;UNKNOWN
2016-02-05T00:04:43.000000;2016-02-05T00:04:43.000000;a189219d-96ad-4f57-8c1e-6328dbdcd26b;388.27;0.2539;UNKNOWN
2016-02-05T00:04:43.000000;2016-02-05T00:04:43.000000;dc5ba759-c0e8-4e7c-a3b6-c1ef4c4c86a5;388.11;17.553;UNKNOWN
2016-02-05T00:04:43.000000;2016-02-05T00:04:43.000000;ebd09ac4-f09b-4d71-92e6-6a4a8b8f942f;388.34;2.629591;UNKNOWN
2016-02-05T00:04:43.000000;2016-02-05T00:04:43.000000;ee9bae43-335b-4abd-8ea5-cc11e6a6ec03;388.33;6.3419;UNKNOWN
2016-02-05T00:04:48.000000;2016-02-05T00:04:48.000000;71a0b14d-d6d2-4294-88f4-6f32835939f5;387.99;0.59776;UNKNOWN
2016-02-05T00:04:51.000000;2016-02-05T00:04:51.000000;b66f090f-e700-4492-b236-81c8813b7529;388.0;0.3562;UNKNOWN
2016-02-05T00:04:53.000000;2016-02-05T00:04:53.000000;ee406b73-c848-4345-92d6-059f0776433c;387.87;16.91526954;UNKNOWN
2016-02-05T00:04:53.000000;2016-02-05T00:04:53.000000;b34134bc-3db3-4641-89b4-258812b24a7d;387.87;0.25;UNKNOWN
2016-02-05T00:04:53.000000;2016-02-05T00:04:53.000000;4a4863a9-a28d-4089-a425-add66ab7bb53;387.88;0.0217;UNKNOWN
2016-02-05T00:04:53.000000;2016-02-05T00:04:53.000000;58f38da5-06c5-427f-b9dd-a0ff8b78a7ea;387.88;0.3483;UNKNOWN
2016-02-05T00:04:57.000000;2016-02-05T00:04:57.000000;128719ba-faf3-43a6-9dd7-f07780caa120;387.87;4.5;UNKNOWN
2016-02-05T00:04:58.000000;2016-02-05T00:04:58.000000;5a274e50-2ded-4a44-8b97-0e123b4dbbe6;387.99;0.01539624;UNKNOWN
2016-02-05T00:04:59.000000;2016-02-05T00:04:59.000000;0fb96f1b-cbbb-4110-8884-c58f6dd60d66;387.87;0.25;UNKNOWN
2016-02-05T00:04:59.000000;2016-02-05T00:04:59.000000;df17aaa7-5bc6-43fb-bd2d-aa87dd7bab5e;387.87;0.48531158;UNKNOWN
2016-02-05T00:04:59.000000;2016-02-05T00:04:59.000000;e9523e26-d711-4098-ad39-7759429afa9f;387.87;0.06388352;UNKNOWN
2016-02-05T00:05:03.000000;2016-02-05T00:05:03.000000;f84509a7-d34c-431b-b413-0d4958e07f57;387.98;1.30456;UNKNOWN
2016-02-05T00:05:05.000000;2016-02-05T00:05:05.000000;af3d4d1d-29e5-41b6-9ce3-a762fe2f5c0c;387.96;0.2653;UNKNOWN
2016-02-05T00:05:27.000000;2016-02-05T00:05:27.000000;2dd743a9-5238-4c19-a24c-b0e7c0cc0a23;387.96;0.07;UNKNOWN
2016-02-05T00:05:28.000000;2016-02-05T00:05:28.000000;53984274-a181-488c-ba57-0372a124f234;387.96;0.11234652;UNKNOWN
2016-02-05T00:05:34.000000;2016-02-05T00:05:34.000000;a71fe37f-0561-4a72-b64e-36c029a738e2;387.96;1.0;UNKNOWN
2016-02-05T00:05:54.000000;2016-02-05T00:05:54.000000;d7c92b08-e203-4eb8-9704-75c5a1136a74;387.96;1.0;UNKNOWN
2016-02-05T00:05:57.000000;2016-02-05T00:05:57.000000;84b12a9f-a615-47d5-b068-dab18bddfea3;387.7;0.0326;UNKNOWN
2016-02-05T00:05:57.000000;2016-02-05T00:05:57.000000;172621b6-5871-440d-9fe6-4c4a79a41d87;387.9;3.64;UNKNOWN
2016-02-05T00:05:57.000000;2016-02-05T00:05:57.000000;e618219d-5184-4b78-b3c9-f1e4addd814e;387.79;0.01929368;UNKNOWN
2016-02-05T00:05:57.000000;2016-02-05T00:05:57.000000;f4ba5a9c-ec6f-453c-a216-17dd787c4e2a;387.95;0.01;UNKNOWN
2016-02-05T00:06:13.000000;2016-02-05T00:06:13.000000;20e5f9d2-082f-46e9-9e54-be991d07832a;387.69;0.88815;UNKNOWN
2016-02-05T00:06:27.000000;2016-02-05T00:06:27.000000;a885f180-3cee-4f55-8c63-d63bb2e91958;387.65;5.24;UNKNOWN
2016-02-05T00:06:27.000000;2016-02-05T00:06:27.000000;fc3afb2e-3a03-47fd-9f35-23844f367809;387.6;9.63800407;UNKNOWN
2016-02-05T00:06:27.000000;2016-02-05T00:06:27.000000;e0b529e2-c7ed-4122-8bee-cbaea219e533;387.65;1.0;UNKNOWN
2016-02-05T00:06:36.000000;2016-02-05T00:06:36.000000;88679d4b-54f8-4510-b65a-147ef39420ba;387.66;10.0;UNKNOWN
2016-02-05T00:06:44.000000;2016-02-05T00:06:44.000000;8e243a0d-96cb-42b5-84f2-f8387260a13b;387.65;0.2945098;UNKNOWN
2016-02-05T00:06:45.000000;2016-02-05T00:06:45.000000;8e508792-3498-4abb-9685-9692a774226c;387.66;0.451571;UNKNOWN
2016-02-05T00:07:00.000000;2016-02-05T00:07:00.000000;984e9350-4668-42fd-b17d-5d00b60d1ed3;387.66;1.0;UNKNOWN
2016-02-05T00:07:10.000000;2016-02-05T00:07:10.000000;91ccf75b-3a72-479f-b805-87830d916835;387.66;1.76364864;UNKNOWN
2016-02-05T00:07:10.000000;2016-02-05T00:07:10.000000;05249322-5173-464f-8e3c-b188c38abbd3;387.66;0.01;UNKNOWN
2016-02-05T00:07:17.000000;2016-02-05T00:07:17.000000;97ce9530-ba3e-42c1-bf28-243b4cd0748f;388.2;0.10436646;UNKNOWN
2016-02-05T00:07:20.000000;2016-02-05T00:07:20.000000;712c523e-a3b9-4fd6-8fef-9db127accb7c;387.7;0.34003769;UNKNOWN
2016-02-05T00:07:20.000000;2016-02-05T00:07:20.000000;469bac3a-3c5f-4846-8d19-4a6989004151;387.7;0.37;UNKNOWN
2016-02-05T00:08:12.000000;2016-02-05T00:08:12.000000;2d809e96-1339-4999-ba78-21753fc90c56;388.25;1.01622894;UNKNOWN
2016-02-05T00:08:12.000000;2016-02-05T00:08:12.000000;ed6530c2-7b1a-4450-a328-cd1b828ba6dd;388.23;6.415;UNKNOWN
2016-02-05T00:08:18.000000;2016-02-05T00:08:18.000000;ea901b65-9716-49f7-a442-3724721d7bde;388.22;1.0;UNKNOWN
2016-02-05T00:08:18.000000;2016-02-05T00:08:18.000000;04a3aae2-b1b2-4fa4-ae6e-790c76b655e3;388.22;0.24788565;UNKNOWN
2016-02-05T00:08:21.000000;2016-02-05T00:08:21.000000;7a118cb3-8559-4d3e-935c-3179e0c1003c;388.22;0.25;UNKNOWN
2016-02-05T00:08:23.000000;2016-02-05T00:08:23.000000;69bfcd32-3111-4f06-8999-89f5a9f8ce21;388.22;0.5;UNKNOWN
2016-02-05T00:08:27.000000;2016-02-05T00:08:27.000000;5a7f8697-601c-4140-88e0-35e861b9dbf5;388.32;1.0;UNKNOWN
2016-02-05T00:08:30.000000;2016-02-05T00:08:30.000000;9c27cd19-8c19-4157-8842-ec9bff4a1264;388.28;1.0;UNKNOWN
2016-02-05T00:08:32.000000;2016-02-05T00:08:32.000000;f1f2ada5-b492-45ef-bf84-b4b21e35de1d;388.27;1.0;UNKNOWN
2016-02-05T00:08:34.000000;2016-02-05T00:08:34.000000;ec89b26e-55a7-498c-835c-7c76639633c3;388.26;3.0;UNKNOWN
2016-02-05T00:08:36.000000;2016-02-05T00:08:36.000000;6cc272d4-39c0-4b39-b452-49ddbeeb2cdd;388.23;0.25;UNKNOWN
2016-02-05T00:08:43.000000;2016-02-05T00:08:43.000000;b344a9d0-1550-4cf6-b623-9fc8a457a5f3;388.29;3.7833884;UNKNOWN
2016-02-05T00:08:43.000000;2016-02-05T00:08:43.000000;bb364108-acd5-4d75-a2cf-cd899583464a;388.23;6.1507;UNKNOWN
2016-02-05T00:08:43.000000;2016-02-05T00:08:43.000000;dd1a273e-a04d-479d-aebe-48b3b9f991f8;388.47;2.2825232;UNKNOWN
2016-02-05T00:08:43.000000;2016-02-05T00:08:43.000000;4a8c2b92-743e-46b1-9e45-bd4a7e6d3fe5;388.23;3.7833884;UNKNOWN
2016-02-05T00:08:43.000000;2016-02-05T00:08:43.000000;44f29ef4-fd60-4545-af21-1c978fc38623;387.99;0.74;UNKNOWN
2016-02-05T00:08:43.000000;2016-02-05T00:08:43.000000;05b18ae7-2d76-4c64-9003-0db78c8b263c;388.0;2.0;UNKNOWN
2016-02-05T00:09:41.000000;2016-02-05T00:09:41.000000;4fa19b6a-163d-4afc-89ab-be8d2009372e;388.03;0.02;UNKNOWN
2016-02-05T00:09:56.000000;2016-02-05T00:09:56.000000;522f71a9-61c9-4fe0-8b37-8e3a468d00f1;387.94;6.3711;UNKNOWN
2016-02-05T00:09:56.000000;2016-02-05T00:09:56.000000;45857397-9d26-41c3-a73f-3fc573ff2e1b;388.01;0.458;UNKNOWN
2016-02-05T00:09:56.000000;2016-02-05T00:09:56.000000;b79630f4-d9b1-4b00-8b53-b1136f58945c;387.93;3.1709;UNKNOWN
2016-02-05T00:10:05.000000;2016-02-05T00:10:05.000000;53395074-e1db-4eb5-b9e4-599dd35a1252;388.25;0.2;UNKNOWN
2016-02-05T00:11:08.000000;2016-02-05T00:11:08.000000;a05e0128-3927-492f-9b09-7b6df647f0e8;387.81;0.075006;UNKNOWN
2016-02-05T00:11:25.000000;2016-02-05T00:11:25.000000;a4fe7614-3cd1-4847-939f-bedc4f2ece68;387.96;0.05882855;UNKNOWN
2016-02-05T00:11:26.000000;2016-02-05T00:11:26.000000;094845c0-2030-4b3c-b988-1976e7f20a4f;387.9;0.02052149;UNKNOWN
2016-02-05T00:11:26.000000;2016-02-05T00:11:26.000000;90e853c5-6607-4c36-b860-faa731e208d0;387.96;0.94117145;UNKNOWN
2016-02-05T00:11:26.000000;2016-02-05T00:11:26.000000;d7d00883-2dca-43d6-8367-fb90ec7722cc;387.91;0.37;UNKNOWN
2016-02-05T00:11:26.000000;2016-02-05T00:11:26.000000;3bb7fa9e-4a18-4e07-94c5-cf5b13e17075;387.95;3.1838;UNKNOWN
2016-02-05T00:11:26.000000;2016-02-05T00:11:26.000000;06849e20-f1f9-46d9-b4d7-34d4627e82f7;387.96;0.37;UNKNOWN
2016-02-05T00:11:26.000000;2016-02-05T00:11:26.000000;884f8164-8e18-4a75-b8d0-a329c1833d9e;387.96;0.37;UNKNOWN
2016-02-05T00:11:59.000000;2016-02-05T00:11:59.000000;752d9eba-88be-409e-b76a-5a0b8ff99f86;388.45;3.78458161;UNKNOWN
2016-02-05T00:11:59.000000;2016-02-05T00:11:59.000000;f47b4049-5157-43ff-9f62-439a32611f31;387.97;0.03942952;UNKNOWN
2016-02-05T00:11:59.000000;2016-02-05T00:11:59.000000;d8f33686-1d56-482d-af08-42fc8db72746;388.51;3.78462936;UNKNOWN
2016-02-05T00:11:59.000000;2016-02-05T00:11:59.000000;59470b0c-a034-425e-bac7-68fe1574a5c1;388.38;3.78458161;UNKNOWN
2016-02-05T00:11:59.000000;2016-02-05T00:11:59.000000;ea80f49b-3ac3-4f2c-a7fe-f1ba265f4a33;388.28;3.7847726;UNKNOWN
2016-02-05T00:11:59.000000;2016-02-05T00:11:59.000000;d55e789a-3836-455e-acbc-83a458948cb6;388.21;3.7847726;UNKNOWN
2016-02-05T00:11:59.000000;2016-02-05T00:11:59.000000;3adf1d7b-4b3c-4f8b-bab6-84d2ba462a8b;388.2;6.4275;UNKNOWN
2016-02-05T00:11:59.000000;2016-02-05T00:11:59.000000;591aa14d-ed91-4fdd-b601-0a78cc31eaae;388.64;2.35256222;UNKNOWN
2016-02-05T00:11:59.000000;2016-02-05T00:11:59.000000;80edd46b-9da6-4d1d-a5fc-1aa9284f5187;388.02;2.2966;UNKNOWN
2016-02-05T00:12:13.000000;2016-02-05T00:12:13.000000;f9e9a07b-e814-4ba4-b024-c71567a5a0ac;388.69;0.5;UNKNOWN
2016-02-05T00:12:25.000000;2016-02-05T00:12:25.000000;5482a53c-7ab8-49e3-9ae2-731ad37a7f4b;388.07;0.0731396;UNKNOWN
2016-02-05T00:12:27.000000;2016-02-05T00:12:27.000000;680381a8-759f-4524-b1a9-47f29e82ebd5;388.58;5.2358;UNKNOWN
2016-02-05T00:12:35.000000;2016-02-05T00:12:35.000000;30341521-8f70-453e-ac47-3915cdcdd16a;388.51;0.0731396;UNKNOWN
2016-02-05T00:15:04.000000;2016-02-05T00:15:04.000000;442c6542-0ffb-47c1-b174-7574676f8094;388.16;0.1;UNKNOWN
2016-02-05T00:15:05.000000;2016-02-05T00:15:05.000000;c78eb05f-3d3a-437b-a4d8-4a52bcd29ecc;388.18;7.667;UNKNOWN
2016-02-05T00:15:27.000000;2016-02-05T00:15:27.000000;da556beb-21e3-4fe5-a08e-15f7464b0239;388.02;1.0;UNKNOWN
2016-02-05T00:15:27.000000;2016-02-05T00:15:27.000000;fcb806c1-1ccc-47f8-88b4-d44608644c32;388.03;6.3902;UNKNOWN
2016-02-05T00:15:27.000000;2016-02-05T00:15:27.000000;ecfd718c-56d4-4256-bfb8-17e31f461193;387.9;3.60947851;UNKNOWN
2016-02-05T00:15:27.000000;2016-02-05T00:15:27.000000;461b95ed-4406-46c7-88e0-d72b1e605460;388.16;0.6;UNKNOWN
2016-02-05T00:15:47.000000;2016-02-05T00:15:47.000000;115cdb4b-1f70-4853-9c9b-9cfa11fa657a;387.8;4.99;UNKNOWN
2016-02-05T00:15:47.000000;2016-02-05T00:15:47.000000;6930ee2c-93cf-426b-8ebe-9aa34df57aca;387.8;0.01;UNKNOWN
2016-02-05T00:16:15.000000;2016-02-05T00:16:15.000000;5f499357-2056-4701-802c-528f90b6f6bd;387.7;9.32;UNKNOWN
2016-02-05T00:16:15.000000;2016-02-05T00:16:15.000000;fbe4325d-3c8a-493e-bc8e-df6ae3abd0eb;387.79;5.0;UNKNOWN
2016-02-05T00:16:15.000000;2016-02-05T00:16:15.000000;f2827bc4-f4fc-409a-987a-80cfbe705d78;387.75;0.08;UNKNOWN
2016-02-05T00:16:15.000000;2016-02-05T00:16:15.000000;724e993f-6a70-40e7-b572-1e0a7e49504e;387.74;2.0;UNKNOWN
2016-02-05T00:17:56.000000;2016-02-05T00:17:56.000000;2220f60f-657a-4c7f-ac9e-10bfcb7a31f7;387.99;0.28;UNKNOWN
2016-02-05T00:17:56.000000;2016-02-05T00:17:56.000000;5901fb34-2d36-4697-8d29-5bc59d317bd8;387.92;0.5;UNKNOWN
2016-02-05T00:18:07.000000;2016-02-05T00:18:07.000000;9563cf48-8928-4073-aefe-7874199f156f;387.99;5.0;UNKNOWN
2016-02-05T00:18:19.000000;2016-02-05T00:18:19.000000;aea9f7c9-7af6-41ae-b754-228eafedc641;387.97;0.03;UNKNOWN
2016-02-05T00:19:27.000000;2016-02-05T00:19:27.000000;fe28138c-abb5-48ec-99cc-f89f4e83e003;387.99;10.0;UNKNOWN
2016-02-05T00:19:35.000000;2016-02-05T00:19:35.000000;fa431936-0336-4b81-b97f-14f14e6517d5;387.99;0.01;UNKNOWN
2016-02-05T00:19:35.000000;2016-02-05T00:19:35.000000;649761e0-879f-4210-9644-1dc7dba54b7d;388.0;0.0376;UNKNOWN
2016-02-05T00:20:07.000000;2016-02-05T00:20:07.000000;68c11af3-a8c0-4f3b-ad31-230e88d29b95;388.0;0.15223824;UNKNOWN
2016-02-05T00:21:08.000000;2016-02-05T00:21:08.000000;02d84ccb-dc24-41ce-b59b-12d4a475ef2b;388.74;1.81016176;UNKNOWN
2016-02-05T00:21:08.000000;2016-02-05T00:21:08.000000;30610431-7900-4387-a468-bfbcc5ca18f4;388.76;0.18983824;UNKNOWN
2016-02-05T00:21:08.000000;2016-02-05T00:21:08.000000;bc681dfb-c65b-4c2e-a4d7-de183670207f;388.0;0.81016176;UNKNOWN
2016-02-05T00:21:08.000000;2016-02-05T00:21:08.000000;e1d397e9-7627-460c-bd45-88794c42c2c4;388.49;0.1;UNKNOWN
2016-02-05T00:21:08.000000;2016-02-05T00:21:08.000000;9947fb87-062b-4c7c-9eec-c9862ffb3c0f;388.74;1.18983824;UNKNOWN
2016-02-05T00:21:23.000000;2016-02-05T00:21:23.000000;8ce9809c-10e3-45fe-a3aa-92da952a76c3;388.67;4.02;UNKNOWN
2016-02-05T00:21:23.000000;2016-02-05T00:21:23.000000;25c921f4-e28d-44fc-b1be-9d4796b09faa;388.68;6.4247;UNKNOWN
2016-02-05T00:21:23.000000;2016-02-05T00:21:23.000000;0ce1602e-8f87-4a46-b3d1-d59e870d1aa4;388.8;6.8143;UNKNOWN
2016-02-05T00:21:28.000000;2016-02-05T00:21:28.000000;b84bb6b6-15e4-4af6-8cf0-47563a455d68;388.8;5.1;UNKNOWN
2016-02-05T00:22:05.000000;2016-02-05T00:22:05.000000;24f70443-c4ad-494f-8c0f-248891f799fb;388.65;10.0;UNKNOWN
2016-02-05T00:22:07.000000;2016-02-05T00:22:07.000000;a0a5176a-1c4d-4d8d-8840-788bba05c167;388.65;0.24667505;UNKNOWN
2016-02-05T00:23:44.000000;2016-02-05T00:23:44.000000;1db878db-7950-41d4-a870-f61a85ef0b81;388.89;0.125;UNKNOWN
2016-02-05T00:23:49.000000;2016-02-05T00:23:49.000000;268f73a0-b16a-4910-a8d9-05482de70456;389.48;0.01;UNKNOWN
2016-02-05T00:23:49.000000;2016-02-05T00:23:49.000000;f832854e-71ac-4db6-82ad-1ce7b3b40986;389.28;0.01;UNKNOWN
2016-02-05T00:23:49.000000;2016-02-05T00:23:49.000000;1c77a361-84de-493c-bf54-4b37adac8273;389.61;0.48;UNKNOWN
2016-02-05T00:23:50.000000;2016-02-05T00:23:50.000000;719e930f-d363-44c6-94ea-feab1ed93682;388.94;0.125;UNKNOWN
2016-02-05T00:25:30.000000;2016-02-05T00:25:30.000000;4f013426-b068-4d56-bd71-3dd919935b08;389.05;3.18063743;UNKNOWN
2016-02-05T00:26:07.000000;2016-02-05T00:26:07.000000;c6a8e8c3-970e-451d-88c6-a0cc0f3989ed;389.02;0.25704;UNKNOWN
2016-02-05T00:29:26.000000;2016-02-05T00:29:26.000000;c93f7a37-2651-4b62-86c0-66f1b5d8a3a5;389.33;2.89;UNKNOWN
2016-02-05T00:29:26.000000;2016-02-05T00:29:26.000000;7a3893c0-5426-4940-8693-29edb51025e3;389.32;0.61003416;UNKNOWN
2016-02-05T00:30:20.000000;2016-02-05T00:30:20.000000;17b335bd-01b2-4e02-b0a1-3b7e0283c4a0;389.36;10.90600036;UNKNOWN
2016-02-05T00:31:04.000000;2016-02-05T00:31:04.000000;caadeb52-8e84-4fde-93de-941d596a2881;389.34;0.15;UNKNOWN
2016-02-05T00:31:12.000000;2016-02-05T00:31:12.000000;2c2a0fda-dd2a-45a7-b0e1-c8ea7877eab5;389.34;5.0;UNKNOWN
2016-02-05T00:31:28.000000;2016-02-05T00:31:28.000000;911b44b4-df4f-4770-807b-b04cb26396cb;389.33;2.0;UNKNOWN
2016-02-05T00:31:32.000000;2016-02-05T00:31:32.000000;a6119009-dd4f-4d1f-9fbc-df3477194f48;389.33;3.0;UNKNOWN
2016-02-05T00:31:32.000000;2016-02-05T00:31:32.000000;b662e43c-0a66-48ad-9244-4def05c72884;389.09;2.65443476;UNKNOWN
2016-02-05T00:32:34.000000;2016-02-05T00:32:34.000000;469dcfe5-e803-400c-8cf9-7ca77d35ba69;389.33;0.1;UNKNOWN
2016-02-05T00:32:39.000000;2016-02-05T00:32:39.000000;dd51059c-241d-41c6-a1c4-47b2b58d7925;389.31;6.4169;UNKNOWN
2016-02-05T00:32:39.000000;2016-02-05T00:32:39.000000;8a84ec83-db89-461d-bd72-ddfc776364b6;389.35;0.07600823;UNKNOWN
2016-02-05T00:32:39.000000;2016-02-05T00:32:39.000000;dfe1be70-bb81-4f92-9e19-50ee955d223e;389.47;0.071072;UNKNOWN
2016-02-05T00:32:39.000000;2016-02-05T00:32:39.000000;db836515-4c4b-4759-b253-5742b6ad5e7a;389.31;0.1;UNKNOWN
2016-02-05T00:32:39.000000;2016-02-05T00:32:39.000000;e3d546f6-328d-47f7-8a86-7a1bb46dddc4;389.63;3.33601977;UNKNOWN
2016-02-05T00:33:04.000000;2016-02-05T00:33:04.000000;24c1d500-861d-402d-9b98-c5fcc73763c6;389.05;0.5;UNKNOWN
2016-02-05T00:33:04.000000;2016-02-05T00:33:04.000000;0bfc959b-d98e-4d08-bec8-795832c887a0;389.05;3.0;UNKNOWN
2016-02-05T00:33:04.000000;2016-02-05T00:33:04.000000;815ef711-8bdb-403a-896c-f4d9e6b84df3;389.05;0.67368929;UNKNOWN
2016-02-05T00:33:59.000000;2016-02-05T00:33:59.000000;81feb8be-2114-402b-afef-115a12f5e131;389.74;1.08059538;UNKNOWN
2016-02-05T00:33:59.000000;2016-02-05T00:33:59.000000;98f7eadd-e641-41ae-8359-1156e6626387;389.68;0.01;UNKNOWN
2016-02-05T00:34:06.000000;2016-02-05T00:34:06.000000;1192dd6b-26b8-4fdb-bec6-db2c59b1206b;389.29;2.0;UNKNOWN
2016-02-05T00:34:30.000000;2016-02-05T00:34:30.000000;07c27991-d0af-4cc6-82be-58524ae6f3a7;389.58;0.02;UNKNOWN
2016-02-05T00:34:55.000000;2016-02-05T00:34:55.000000;315f0a18-0dc3-4b7c-aea6-4d07c9900dc6;389.5;0.174881;UNKNOWN
2016-02-05T00:35:05.000000;2016-02-05T00:35:05.000000;396ecd94-65e1-4a9a-9b63-1d06d6e8dafa;389.52;1.0;UNKNOWN
2016-02-05T00:35:39.000000;2016-02-05T00:35:39.000000;0e1303a1-98b7-4e71-9951-ff9709a006d1;389.52;0.305;UNKNOWN
2016-02-05T00:36:28.000000;2016-02-05T00:36:28.000000;0a7953a8-563a-4574-ab4f-9fad8345b132;389.52;0.02;UNKNOWN
2016-02-05T00:37:04.000000;2016-02-05T00:37:04.000000;d48af540-72d6-4f28-a81a-09947cddee31;389.52;0.02;UNKNOWN
2016-02-05T00:37:16.000000;2016-02-05T00:37:16.000000;43fe5c90-7618-4bf9-9e80-d85155eaeacb;389.51;0.02;UNKNOWN
2016-02-05T00:37:29.000000;2016-02-05T00:37:29.000000;bbaaa1ca-4c89-470f-9616-494f4d5b9157;389.5;0.02;UNKNOWN
2016-02-05T00:37:41.000000;2016-02-05T00:37:41.000000;fbe189a1-e719-44af-89ab-4c0db9c257c7;389.5;0.059204;UNKNOWN
2016-02-05T00:38:44.000000;2016-02-05T00:38:44.000000;2ffb8a07-feea-47ef-97b9-f70867e267a7;389.48;0.04;UNKNOWN
2016-02-05T00:38:55.000000;2016-02-05T00:38:55.000000;a4e19cd7-f187-496b-8ed3-03fbcb70f991;389.5;0.3;UNKNOWN
2016-02-05T00:39:05.000000;2016-02-05T00:39:05.000000;cc8fa033-0b3e-42e8-8edd-d19843fe7703;389.38;10.0;UNKNOWN
2016-02-05T00:40:07.000000;2016-02-05T00:40:07.000000;3895c23e-ade2-451b-929f-ffc52dce857e;389.26;1.03882253;UNKNOWN
2016-02-05T00:40:08.000000;2016-02-05T00:40:08.000000;a6d206b5-9c4e-444f-ab70-ee037e4793e5;389.42;2.43438014;UNKNOWN
2016-02-05T00:41:22.000000;2016-02-05T00:41:22.000000;e4f150e7-3499-450d-b546-6a47fa4d5ca7;389.26;1.0;UNKNOWN
2016-02-05T00:41:52.000000;2016-02-05T00:41:52.000000;60ceab84-d524-4c72-860e-e377d66f1e14;389.25;1.95;UNKNOWN
2016-02-05T00:41:52.000000;2016-02-05T00:41:52.000000;d432dea5-a348-4862-b63d-77263bb6940d;389.25;0.02;UNKNOWN
2016-02-05T00:42:33.000000;2016-02-05T00:42:33.000000;004e819b-a000-400c-8930-1ee408085d59;389.15;0.01;UNKNOWN
2016-02-05T00:42:39.000000;2016-02-05T00:42:39.000000;b1f49eee-e69f-4db9-82d1-3ef20e5a7e32;389.01;22.64;UNKNOWN
2016-02-05T00:42:39.000000;2016-02-05T00:42:39.000000;163a6d7f-ad5d-40dc-a84a-375534412f94;389.13;0.36;UNKNOWN
2016-02-05T00:43:03.000000;2016-02-05T00:43:03.000000;74939d24-aa95-421f-9d8f-ea6606fcae58;389.02;0.36;UNKNOWN
2016-02-05T00:43:03.000000;2016-02-05T00:43:03.000000;cd8a1812-b2b3-4b02-a466-b7834c603639;389.01;1.64;UNKNOWN
2016-02-05T00:43:05.000000;2016-02-05T00:43:05.000000;55aa3289-89cd-4ad7-a30b-6747811f5992;389.05;0.5;UNKNOWN
2016-02-05T00:43:05.000000;2016-02-05T00:43:05.000000;3ce6f9cc-0a33-44f5-b830-446aaa786af6;389.05;0.6;UNKNOWN
2016-02-05T00:43:07.000000;2016-02-05T00:43:07.000000;f02e1aa3-bb3e-49d4-a547-f80a5ada764c;389.05;0.90380578;UNKNOWN
2016-02-05T00:43:07.000000;2016-02-05T00:43:07.000000;da0dd3db-6787-4cca-8222-dd70b3f9ea5d;389.04;0.5;UNKNOWN
2016-02-05T00:43:07.000000;2016-02-05T00:43:07.000000;f87c8507-5d2b-49d8-8634-c01e4e8493d3;389.05;2.4;UNKNOWN
2016-02-05T00:43:21.000000;2016-02-05T00:43:21.000000;3f1c3458-7701-4261-941f-f3b8ca91cfbe;389.01;2.0;UNKNOWN
2016-02-05T00:43:35.000000;2016-02-05T00:43:35.000000;774a47f0-ee38-45a9-8d96-c087a82ae9e1;389.01;2.0;UNKNOWN
2016-02-05T00:43:39.000000;2016-02-05T00:43:39.000000;efa19321-aeb7-47e9-a4da-346b16b19694;389.02;0.36;UNKNOWN
2016-02-05T00:43:40.000000;2016-02-05T00:43:40.000000;9ed22625-9873-4a06-9ad7-3ff5e717b747;389.01;1.72;UNKNOWN
2016-02-05T00:43:40.000000;2016-02-05T00:43:40.000000;8d0435b8-625d-484d-8919-02344b119b81;388.9;0.98;UNKNOWN
2016-02-05T00:43:40.000000;2016-02-05T00:43:40.000000;04127000-3c7d-4aec-8b8f-0d7a540ac00c;389.0;0.01;UNKNOWN
2016-02-05T00:45:05.000000;2016-02-05T00:45:05.000000;829ae303-48aa-4a87-a519-047e62e49af8;389.13;0.42021;UNKNOWN
2016-02-05T00:45:05.000000;2016-02-05T00:45:05.000000;0088a839-9cc3-4c49-9dad-cabe72859a0b;389.0;0.07979;UNKNOWN
2016-02-05T00:45:06.000000;2016-02-05T00:45:06.000000;4e14c95f-cde7-4c7e-9bfa-85ca6f41c39f;389.13;0.25865886;UNKNOWN
2016-02-05T00:48:05.000000;2016-02-05T00:48:05.000000;1255c038-ae14-4741-8454-697b8728be35;388.98;3.6;UNKNOWN
2016-02-05T00:50:30.000000;2016-02-05T00:50:30.000000;c49327a2-9a9d-420d-b0fd-3c554a1979f6;388.95;0.02;UNKNOWN
2016-02-05T00:51:09.000000;2016-02-05T00:51:09.000000;f5494180-45e9-4493-a9de-2fe5dd2c3d60;388.94;1.0431;UNKNOWN
2016-02-05T00:51:22.000000;2016-02-05T00:51:22.000000;07e3c656-03c8-4b35-8a1c-f79b9c42ec8e;388.93;7.79280982;UNKNOWN
2016-02-05T00:51:43.000000;2016-02-05T00:51:43.000000;58a308c8-5a92-4a35-b2cc-035174ede2af;388.94;0.0797;UNKNOWN
2016-02-05T00:51:52.000000;2016-02-05T00:51:52.000000;3037e0d9-cd5d-45e1-b7eb-959759d428f6;388.94;11.324;UNKNOWN
2016-02-05T00:51:58.000000;2016-02-05T00:51:58.000000;1f8fdf10-7b60-4ae7-b7e0-a3eea91606cc;388.93;2.170396;UNKNOWN
2016-02-05T00:51:58.000000;2016-02-05T00:51:58.000000;29aac523-450d-41e2-992a-70cb56a9ab6d;388.93;5.91719018;UNKNOWN
2016-02-05T00:54:00.000000;2016-02-05T00:54:00.000000;6775cbfd-94aa-4319-96e6-74443f2ffde1;388.95;0.0626;UNKNOWN
2016-02-05T00:54:00.000000;2016-02-05T00:54:00.000000;bc531d2f-ded4-4aa2-b05f-b51efe32ecac;388.95;0.0626;UNKNOWN
2016-02-05T00:55:01.000000;2016-02-05T00:55:01.000000;359ed623-dfe1-4c66-8ef1-3b187a397a79;388.94;0.01;UNKNOWN
2016-02-05T00:55:45.000000;2016-02-05T00:55:45.000000;5e07429c-c942-42f2-81cc-2c352dc11395;388.95;2.19224332;UNKNOWN
2016-02-05T00:55:45.000000;2016-02-05T00:55:45.000000;02c88c6f-e5b9-4fe6-aa8a-ca7164916eef;388.94;31.9497;UNKNOWN
2016-02-05T00:57:25.000000;2016-02-05T00:57:25.000000;5a99f581-9566-4c1f-a199-f90fb295dd8d;388.97;2.0;UNKNOWN
2016-02-05T00:57:43.000000;2016-02-05T00:57:43.000000;fa906b87-dfca-4398-9b9e-c2ed82dd117e;388.99;0.2998;UNKNOWN
2016-02-05T01:00:21.000000;2016-02-05T01:00:21.000000;51cc0aa9-e540-43c0-81fd-7b396803a5c1;389.0;2.031792;UNKNOWN
2016-02-05T01:00:21.000000;2016-02-05T01:00:21.000000;834cf2eb-f833-4bee-a296-e6fd3e8767e9;388.99;11.1714;UNKNOWN
2016-02-05T01:04:32.000000;2016-02-05T01:04:32.000000;7e7594f9-906a-41d2-9cf6-e583a6ec77f3;389.42;2.0;UNKNOWN
2016-02-05T01:06:48.000000;2016-02-05T01:06:48.000000;ccaae1ba-5e86-480c-b7e8-84347811755b;389.19;0.01157514;UNKNOWN
2016-02-05T01:07:12.000000;2016-02-05T01:07:12.000000;ba649001-b68a-4fd5-b737-1c17bdeedad9;389.37;0.4;UNKNOWN
2016-02-05T01:08:06.000000;2016-02-05T01:08:06.000000;34f210d2-d0d5-437c-bdf8-cdfb93bfcaec;389.29;4.0;UNKNOWN
2016-02-05T01:08:19.000000;2016-02-05T01:08:19.000000;42c6df55-89ca-48f9-9f29-f68a3feb275c;389.29;0.01342916;UNKNOWN
2016-02-05T01:08:44.000000;2016-02-05T01:08:44.000000;1502e9b2-a1c7-4940-bf42-d5d036b6e846;389.3;0.07956283;UNKNOWN
2016-02-05T01:08:44.000000;2016-02-05T01:08:44.000000;67239a59-f094-464f-b3f7-fc739c4f5084;389.39;0.02063717;UNKNOWN
2016-02-05T01:08:56.000000;2016-02-05T01:08:56.000000;b34d5679-5455-4f58-a215-c25d7df70318;389.15;0.6;UNKNOWN
2016-02-05T01:13:06.000000;2016-02-05T01:13:06.000000;f9d36899-c68d-4e2f-9f63-31c712853238;389.33;3.2170388;UNKNOWN
2016-02-05T01:13:06.000000;2016-02-05T01:13:06.000000;4d9210e0-a50f-4b0d-8890-599acef4c19f;389.05;0.4818404;UNKNOWN
2016-02-05T01:13:07.000000;2016-02-05T01:13:07.000000;1ba79513-d984-496f-b0da-a66f5b30b3fb;389.32;0.365;UNKNOWN
2016-02-05T01:13:13.000000;2016-02-05T01:13:13.000000;4183a5a0-3f77-49e6-9912-f72269755c96;389.0;2.646808;UNKNOWN
2016-02-05T01:13:13.000000;2016-02-05T01:13:13.000000;e7acf81f-2933-4167-a4d0-059f2c7d6533;389.03;6.386;UNKNOWN
2016-02-05T01:13:13.000000;2016-02-05T01:13:13.000000;64774fc5-9cf7-4905-a043-0e7e0cb29e47;389.0;21.00023014;UNKNOWN
2016-02-05T01:14:02.000000;2016-02-05T01:14:02.000000;ffd1eedf-5f59-4772-b364-336df37e16b4;389.01;0.0526745;UNKNOWN
2016-02-05T01:15:03.000000;2016-02-05T01:15:03.000000;f1350f22-0675-416a-b6e0-5466142a208b;388.95;0.2273;UNKNOWN
2016-02-05T01:15:04.000000;2016-02-05T01:15:04.000000;605f0322-f4b1-4da9-8550-051cf10a1ea2;388.92;0.1;UNKNOWN
2016-02-05T01:15:20.000000;2016-02-05T01:15:20.000000;7cf1b97e-9ada-4311-b30b-eca7fe5a3bd4;388.92;1.43793295;UNKNOWN
2016-02-05T01:16:08.000000;2016-02-05T01:16:08.000000;81f376c0-1cc5-42b9-8cb3-97da1433e2c6;388.92;4.20162129;UNKNOWN
2016-02-05T01:16:08.000000;2016-02-05T01:16:08.000000;ac5838ee-2d06-4e8f-93b1-d8ded3cd388c;388.93;0.23;UNKNOWN
2016-02-05T01:17:37.000000;2016-02-05T01:17:37.000000;cbc4484d-7601-4e79-93f4-ae41aa82ba4d;388.93;3.78267284;UNKNOWN
2016-02-05T01:17:37.000000;2016-02-05T01:17:37.000000;870ca5e6-3d64-4e15-a412-d17ba52ae35d;388.93;3.78257745;UNKNOWN
2016-02-05T01:17:37.000000;2016-02-05T01:17:37.000000;15656d4f-1115-4df5-9cb9-6bdb7914a07a;388.93;23.04;UNKNOWN
2016-02-05T01:17:37.000000;2016-02-05T01:17:37.000000;6bc0cc25-1d24-4454-8147-e3fa4944cf7b;388.93;3.78362698;UNKNOWN
2016-02-05T01:17:37.000000;2016-02-05T01:17:37.000000;528282ca-09f0-41b0-9e4d-ac46655fd19c;388.93;10.3343;UNKNOWN
2016-02-05T01:17:37.000000;2016-02-05T01:17:37.000000;315a8a02-c89b-45a7-aa17-dc06b0feebb3;388.93;0.5;UNKNOWN
2016-02-05T01:17:37.000000;2016-02-05T01:17:37.000000;6249b4d4-1cb3-44fe-971f-d7f159605904;388.93;3.78348383;UNKNOWN
2016-02-05T01:18:47.000000;2016-02-05T01:18:47.000000;7b953da6-30cf-4b68-8123-f83fbc0988d9;389.04;5.1;UNKNOWN
2016-02-05T01:19:08.000000;2016-02-05T01:19:08.000000;f3efdab0-2f63-4f63-aa68-a3b7135d9017;389.04;0.74;UNKNOWN
2016-02-05T01:19:11.000000;2016-02-05T01:19:11.000000;0302f115-e332-4bae-969f-febe371cfbd4;389.06;0.2;UNKNOWN
2016-02-05T01:19:20.000000;2016-02-05T01:19:20.000000;19afb57a-b5c1-4d84-8b41-5f0563d90487;389.04;1.95;UNKNOWN
2016-02-05T01:19:55.000000;2016-02-05T01:19:55.000000;cb26adc4-c980-4ade-a824-f84369e957b0;389.04;6.0;UNKNOWN
2016-02-05T01:20:11.000000;2016-02-05T01:20:11.000000;79eb51d3-afb0-42bd-a989-f92b5599ec70;389.05;1.73;UNKNOWN
2016-02-05T01:20:11.000000;2016-02-05T01:20:11.000000;82af9dc1-c920-49e9-b8d4-d935c758a765;389.05;3.27;UNKNOWN
2016-02-05T01:20:13.000000;2016-02-05T01:20:13.000000;67f015ae-9f32-450d-bcd2-b4e0e8f4e559;389.06;3.78443839;UNKNOWN
2016-02-05T01:20:13.000000;2016-02-05T01:20:13.000000;aba6e50a-6475-4f1c-83cd-3c33f19fc67b;389.05;0.4793;UNKNOWN
2016-02-05T01:20:13.000000;2016-02-05T01:20:13.000000;1eb92d86-3ca2-4d14-8e41-a319b0e08f8e;389.06;0.73626161;UNKNOWN
2016-02-05T01:20:13.000000;2016-02-05T01:20:13.000000;fed2ef90-a076-4d9f-847a-8bb74a17529f;389.04;1.0;UNKNOWN
2016-02-05T01:20:14.000000;2016-02-05T01:20:14.000000;d6255634-a6fc-434f-b8d5-fa12aa156a3d;389.06;3.04817678;UNKNOWN
2016-02-05T01:20:14.000000;2016-02-05T01:20:14.000000;20a8b626-42b8-4402-82dd-f39f4b722b3d;389.06;1.95182322;UNKNOWN
2016-02-05T01:20:17.000000;2016-02-05T01:20:17.000000;30040668-1283-4e22-9755-f5021657d406;389.08;1.21527515;UNKNOWN
2016-02-05T01:20:17.000000;2016-02-05T01:20:17.000000;e0652e5e-93ef-4442-88dc-52fe85b3c736;389.07;3.78472485;UNKNOWN
2016-02-05T01:20:17.000000;2016-02-05T01:20:17.000000;d4af4116-b02d-47e7-a049-021c75d91ba3;389.08;3.78462936;UNKNOWN
2016-02-05T01:20:17.000000;2016-02-05T01:20:17.000000;ebc451e2-9f29-47f6-9411-ac16a7b9123f;389.08;1.21537064;UNKNOWN
2016-02-05T01:21:05.000000;2016-02-05T01:21:05.000000;f75c492a-2422-47b8-9472-29f708b6cb55;389.01;8.0;UNKNOWN
2016-02-05T01:22:05.000000;2016-02-05T01:22:05.000000;4097d309-26ab-4eb8-a444-919ec6d8f0f0;389.02;6.37;UNKNOWN
2016-02-05T01:22:05.000000;2016-02-05T01:22:05.000000;924018a1-6516-4218-90d5-bcf4e59cbebb;389.02;0.25;UNKNOWN
2016-02-05T01:22:05.000000;2016-02-05T01:22:05.000000;31bdde0d-a295-46ed-894b-3dbfb2ac6fea;389.01;3.38;UNKNOWN
2016-02-05T01:22:45.000000;2016-02-05T01:22:45.000000;01e25d4f-4339-4fe3-9cc8-71293bddcc76;389.06;0.5;UNKNOWN
2016-02-05T01:23:05.000000;2016-02-05T01:23:05.000000;b234a740-788b-4145-aa10-a0e5144c7638;389.02;2.0;UNKNOWN
2016-02-05T01:23:07.000000;2016-02-05T01:23:07.000000;bc394a93-bee8-4aac-ab0a-2a0d49ffbf10;389.14;0.5;UNKNOWN
2016-02-05T01:23:07.000000;2016-02-05T01:23:07.000000;c7234670-78e3-4343-aabf-5d3f11ebca97;389.15;5.9147;UNKNOWN
2016-02-05T01:23:07.000000;2016-02-05T01:23:07.000000;6f31c9c1-8d58-488b-a71b-008327c51a10;389.26;0.5853;UNKNOWN
2016-02-05T01:23:07.000000;2016-02-05T01:23:07.000000;dac3e211-6ea4-4b26-a187-5aa007f707b4;389.14;3.0;UNKNOWN
2016-02-05T01:24:39.000000;2016-02-05T01:24:39.000000;7b920e5f-08b5-4cd7-8859-a6158acccdd8;389.13;0.5;UNKNOWN
2016-02-05T01:25:28.000000;2016-02-05T01:25:28.000000;d78189fd-f56f-48ec-9620-f318a92d7fad;389.02;1.8;UNKNOWN
2016-02-05T01:25:30.000000;2016-02-05T01:25:30.000000;2d90bb55-38ed-47bd-a19f-64011fa49074;389.03;0.0436;UNKNOWN
2016-02-05T01:25:30.000000;2016-02-05T01:25:30.000000;f5fa9e1f-e2dc-42b4-9dbb-a3bb8bce2450;389.04;10.9139;UNKNOWN
2016-02-05T01:25:33.000000;2016-02-05T01:25:33.000000;f84d82e4-232f-4215-be33-fd446f161946;389.04;0.055;UNKNOWN
2016-02-05T01:25:41.000000;2016-02-05T01:25:41.000000;88aa5101-d9e8-408e-ab60-16b2a0196c50;389.04;2.06;UNKNOWN
2016-02-05T01:25:45.000000;2016-02-05T01:25:45.000000;77469322-8ffd-43ea-863a-ae06b42ec476;389.04;2.13;UNKNOWN
2016-02-05T01:25:48.000000;2016-02-05T01:25:48.000000;b99f1d1e-c33d-4b36-ae79-ee4266583c4d;389.04;0.7975;UNKNOWN
2016-02-05T01:25:52.000000;2016-02-05T01:25:52.000000;a243332e-41ee-4c8d-a1e8-0184360b8e04;389.01;1.11;UNKNOWN
2016-02-05T01:25:56.000000;2016-02-05T01:25:56.000000;1adac534-9ef1-4658-900a-ddab0528e9af;389.01;2.94;UNKNOWN
2016-02-05T01:25:57.000000;2016-02-05T01:25:57.000000;fee5e9bf-0d24-4002-a13a-5e69b1a8d512;389.01;24.53689915;UNKNOWN
2016-02-05T01:26:15.000000;2016-02-05T01:26:15.000000;dd72af0a-f1bc-44d2-8658-93835cf41254;389.02;1.8;UNKNOWN
2016-02-05T01:26:16.000000;2016-02-05T01:26:16.000000;ad716038-5026-4bc2-8770-49b6a4de747c;389.02;0.0731;UNKNOWN
2016-02-05T01:27:14.000000;2016-02-05T01:27:14.000000;25671154-a7b1-47d8-8edd-4624e91ecaf4;389.01;3.6;UNKNOWN
2016-02-05T01:27:45.000000;2016-02-05T01:27:45.000000;c3d9f1bb-8c0b-4965-92d4-3864f918f7ae;389.01;0.1;UNKNOWN
2016-02-05T01:28:15.000000;2016-02-05T01:28:15.000000;42d1c64f-d30b-4a04-889d-5767e6cd5b70;389.01;29.4852;UNKNOWN
2016-02-05T01:28:31.000000;2016-02-05T01:28:31.000000;e857a55b-0b52-4f91-bb69-f232f2ccf9ce;389.01;5.0;UNKNOWN
2016-02-05T01:28:53.000000;2016-02-05T01:28:53.000000;dbdcf754-aba9-42c9-bf88-94bbc381906b;389.01;25.0;UNKNOWN
2016-02-05T01:29:23.000000;2016-02-05T01:29:23.000000;73fcc1e2-1536-4be9-8b88-6a48ff3a4a25;389.01;0.78035896;UNKNOWN
2016-02-05T01:30:06.000000;2016-02-05T01:30:06.000000;2b557979-259c-4897-aea9-c0f53b95812a;389.01;2.01942858;UNKNOWN
2016-02-05T01:30:13.000000;2016-02-05T01:30:13.000000;f29c39ae-4da6-4dfb-b09d-38168ae88ca6;389.02;0.076;UNKNOWN
2016-02-05T01:30:13.000000;2016-02-05T01:30:13.000000;15236c0e-cf8a-482f-b941-6d0523bac54a;389.02;0.124;UNKNOWN
2016-02-05T01:30:46.000000;2016-02-05T01:30:46.000000;946c6952-d2cc-430c-be14-3ab1658d51ab;389.01;2.04811331;UNKNOWN
2016-02-05T01:31:06.000000;2016-02-05T01:31:06.000000;e6dbbbcd-0daa-4513-a6f7-231a4af6c4be;388.95;0.05573202;UNKNOWN
2016-02-05T01:31:06.000000;2016-02-05T01:31:06.000000;29629e5b-e111-414f-941d-f93e2eb48939;388.95;0.15;UNKNOWN
2016-02-05T01:31:08.000000;2016-02-05T01:31:08.000000;af11b048-d189-46ad-972e-587db2ebdc7b;388.96;0.1848;UNKNOWN
2016-02-05T01:31:13.000000;2016-02-05T01:31:13.000000;02b675c5-ac99-4705-8c61-0a3d7f5852e3;388.95;0.0389258;UNKNOWN
2016-02-05T01:31:14.000000;2016-02-05T01:31:14.000000;3739b125-e7a3-444e-b549-dd7ae7c1c28a;388.95;0.0389258;UNKNOWN
2016-02-05T01:31:15.000000;2016-02-05T01:31:15.000000;b9e27611-2875-46fc-beba-d1b187fb8201;388.95;0.0389258;UNKNOWN
2016-02-05T01:31:16.000000;2016-02-05T01:31:16.000000;73725406-e901-40fb-b3be-cc776af5f00e;388.95;0.0389258;UNKNOWN
2016-02-05T01:31:27.000000;2016-02-05T01:31:27.000000;ba35fcd0-d839-4df7-a6a1-fbaf3f4c6082;388.95;0.4431;UNKNOWN
2016-02-05T01:31:32.000000;2016-02-05T01:31:32.000000;97cfc986-bdb8-4d51-b1d4-c9c2d2437d05;388.95;0.3423;UNKNOWN
2016-02-05T01:32:05.000000;2016-02-05T01:32:05.000000;add70170-9863-4da4-83f3-8793450af4ee;388.95;0.7;UNKNOWN
2016-02-05T01:33:02.000000;2016-02-05T01:33:02.000000;8dc5df56-e3e7-4f8c-ab15-a1a5d5d8b3f3;388.95;0.16220258;UNKNOWN
2016-02-05T01:33:03.000000;2016-02-05T01:33:03.000000;899781c5-6280-45ac-be34-14699438364f;388.95;0.16220258;UNKNOWN
2016-02-05T01:33:03.000000;2016-02-05T01:33:03.000000;81f57638-de07-47cd-a5d6-5c860ca02650;388.95;0.16220258;UNKNOWN
2016-02-05T01:33:04.000000;2016-02-05T01:33:04.000000;83f2b238-8a3d-4c42-b05c-5d2cb2d4c135;388.95;0.1626628;UNKNOWN
2016-02-05T01:33:06.000000;2016-02-05T01:33:06.000000;34e0e535-3162-49dc-836f-80e63552e5b1;388.96;3.82329642;UNKNOWN
2016-02-05T01:33:09.000000;2016-02-05T01:33:09.000000;9eb240c8-abb2-47c7-88a6-fd160cbf2cbe;388.96;0.642;UNKNOWN
2016-02-05T01:33:13.000000;2016-02-05T01:33:13.000000;48a6db53-30a3-4bf1-8c80-f1a826c5c09c;388.96;3.78835711;UNKNOWN
2016-02-05T01:34:14.000000;2016-02-05T01:34:14.000000;d8e0388b-36b3-4470-9f4b-6cbe83275120;388.95;0.86;UNKNOWN
2016-02-05T01:34:14.000000;2016-02-05T01:34:14.000000;a1d49658-6c78-49dc-9c92-1e9231a67a26;388.92;44.26044576;UNKNOWN
2016-02-05T01:34:14.000000;2016-02-05T01:34:14.000000;c1de9b5a-056b-41c4-87f5-655f8e155309;388.95;48.49723314;UNKNOWN
2016-02-05T01:35:05.000000;2016-02-05T01:35:05.000000;6d029bd1-3383-431b-a28f-8a6e9ae7676b;388.5;0.1;UNKNOWN
2016-02-05T01:35:05.000000;2016-02-05T01:35:05.000000;60490887-32e9-484c-a8e0-a3add489c234;388.4;0.01;UNKNOWN
2016-02-05T01:35:05.000000;2016-02-05T01:35:05.000000;19078695-312a-491e-b3c4-669fd4909641;388.9;0.895;UNKNOWN
2016-02-05T01:35:05.000000;2016-02-05T01:35:05.000000;b5c3515b-57cc-4a89-9be3-e12d8cd722f4;388.8;0.01;UNKNOWN
2016-02-05T01:35:05.000000;2016-02-05T01:35:05.000000;9a153191-ea55-40fd-8f28-c1ecd5f7462f;388.45;0.1;UNKNOWN
2016-02-05T01:35:05.000000;2016-02-05T01:35:05.000000;ba70d7b5-6539-46d9-aaf2-0aa81b012144;388.48;3.0;UNKNOWN
2016-02-05T01:35:05.000000;2016-02-05T01:35:05.000000;33af7543-1b01-4a2f-99e7-d5736681871a;388.6;0.01;UNKNOWN
2016-02-05T01:35:05.000000;2016-02-05T01:35:05.000000;a3d98945-1d7d-43c9-be95-7fa657fbea3f;388.33;0.19342384;UNKNOWN
2016-02-05T01:35:05.000000;2016-02-05T01:35:05.000000;5b03634b-69b6-44ea-b2d3-ccf031361b0e;388.34;3.78157616;UNKNOWN
2016-02-05T01:35:12.000000;2016-02-05T01:35:12.000000;dd6558c9-2268-4610-8c5b-512c3922b2fb;388.6;0.44203813;UNKNOWN
2016-02-05T01:35:21.000000;2016-02-05T01:35:21.000000;3da93ca8-ea7c-4839-884f-5ca682c9d314;388.49;0.50438134;UNKNOWN
2016-02-05T01:35:31.000000;2016-02-05T01:35:31.000000;da062eec-4906-4108-92c5-d2a6872ebda0;388.48;0.47477245;UNKNOWN
2016-02-05T01:35:43.000000;2016-02-05T01:35:43.000000;0fd3722c-4a98-4a53-920f-44a4aee55219;388.48;0.47755144;UNKNOWN
2016-02-05T01:35:51.000000;2016-02-05T01:35:51.000000;b2987c2b-8b25-4be3-8dd9-1c0cad2b1e69;388.48;0.49979221;UNKNOWN
2016-02-05T01:36:02.000000;2016-02-05T01:36:02.000000;86126363-721f-4e5e-a9de-0e9666f220f6;388.43;0.50487537;UNKNOWN
2016-02-05T01:36:12.000000;2016-02-05T01:36:12.000000;ac590eee-3f84-4145-96ce-3da29925bdf4;388.43;0.43232869;UNKNOWN
2016-02-05T01:36:21.000000;2016-02-05T01:36:21.000000;be161974-1713-4ebc-86fd-37a7311328ac;388.43;0.43083968;UNKNOWN
2016-02-05T01:36:31.000000;2016-02-05T01:36:31.000000;938952cb-771c-44ce-9142-f608ee3eb475;388.43;0.42524893;UNKNOWN
2016-02-05T01:37:14.000000;2016-02-05T01:37:14.000000;c5c90ee7-8cab-4790-aeae-1329f6284601;388.44;0.50727225;UNKNOWN
2016-02-05T01:37:23.000000;2016-02-05T01:37:23.000000;72bd58a9-4bd6-4806-b90d-c1dea222326d;388.44;0.44101871;UNKNOWN
2016-02-05T01:37:32.000000;2016-02-05T01:37:32.000000;af0b959e-b765-4490-9c0f-84f962822f13;388.44;0.5074692;UNKNOWN
2016-02-05T01:37:41.000000;2016-02-05T01:37:41.000000;a9b311df-ad36-4f85-a8e5-f7d07e06dd21;388.44;0.46389388;UNKNOWN
2016-02-05T01:37:51.000000;2016-02-05T01:37:51.000000;a40457e2-94ac-4c3f-8a42-cfec245a728c;388.44;0.45924914;UNKNOWN
2016-02-05T01:38:01.000000;2016-02-05T01:38:01.000000;7d933a1b-b4d5-4f3f-9443-acbdfa15e68a;388.44;0.49387343;UNKNOWN
2016-02-05T01:38:12.000000;2016-02-05T01:38:12.000000;d73efb67-dbb8-42a9-9387-677f87c4b320;388.44;0.4902166;UNKNOWN
2016-02-05T01:38:21.000000;2016-02-05T01:38:21.000000;8fef4381-fd02-4f5d-bac1-ad93ac4efa39;388.44;0.50597955;UNKNOWN
2016-02-05T01:39:05.000000;2016-02-05T01:39:05.000000;4b176c19-b2df-4905-8020-27e31315c50b;388.43;0.49617432;UNKNOWN
2016-02-05T01:39:12.000000;2016-02-05T01:39:12.000000;01fc6e84-79af-475d-91d3-b33c5a00b768;388.43;0.51677883;UNKNOWN
2016-02-05T01:39:21.000000;2016-02-05T01:39:21.000000;5fe10054-96a6-44a3-847a-8c95361eaf52;388.43;0.53271901;UNKNOWN
2016-02-05T01:39:31.000000;2016-02-05T01:39:31.000000;2e906548-890c-4b42-ba83-9267a562035a;388.43;0.49051514;UNKNOWN
2016-02-05T01:39:42.000000;2016-02-05T01:39:42.000000;0fe352b7-e6f1-4450-89ad-3c7373124f8a;388.43;0.52751598;UNKNOWN
2016-02-05T01:39:52.000000;2016-02-05T01:39:52.000000;96afccc6-0438-4f78-9861-f8584f5acfe2;388.43;0.074;UNKNOWN
2016-02-05T01:40:04.000000;2016-02-05T01:40:04.000000;3ace3589-2bf8-48fb-b58a-9d22a0a59398;388.33;0.00657616;UNKNOWN
2016-02-05T01:40:04.000000;2016-02-05T01:40:04.000000;4b60037f-5b15-4274-8a13-8fa62952cd45;388.36;0.5;UNKNOWN
2016-02-05T01:40:04.000000;2016-02-05T01:40:04.000000;34899d08-bd15-4566-9eb6-89451a1d455e;388.43;0.42493387;UNKNOWN
2016-02-05T01:40:04.000000;2016-02-05T01:40:04.000000;37dbdc1e-b29f-40e7-b39b-7f45e0e2dfe8;388.35;6.3684;UNKNOWN
2016-02-05T01:40:04.000000;2016-02-05T01:40:04.000000;de69c8b3-0761-4326-b58c-08e87f6ad44b;388.1;1.6;UNKNOWN
2016-02-05T01:40:04.000000;2016-02-05T01:40:04.000000;f527a1db-a915-4b82-829f-ee76b59ec004;388.01;14.0412;UNKNOWN
2016-02-05T01:40:04.000000;2016-02-05T01:40:04.000000;bb325ae7-d521-4f8b-ac3f-87fdee997dcb;388.35;3.0;UNKNOWN
2016-02-05T01:40:04.000000;2016-02-05T01:40:04.000000;f81db97f-598d-4569-8a97-ef5027f5e0d7;388.2;0.01;UNKNOWN
2016-02-05T01:40:04.000000;2016-02-05T01:40:04.000000;eb8b64e5-042b-465f-87cf-7e6b2a8a86e1;388.34;12.3689;UNKNOWN
2016-02-05T01:40:04.000000;2016-02-05T01:40:04.000000;bb133ecb-dc47-4bff-befb-aefd8056f965;388.0;11.66998997;UNKNOWN
2016-02-05T01:40:04.000000;2016-02-05T01:40:04.000000;8d72abc7-7139-46d1-a8eb-a5eb2a9a1ba3;388.0;0.01;UNKNOWN
2016-02-05T01:40:12.000000;2016-02-05T01:40:12.000000;581081a9-1946-4687-b786-26dead47a05f;388.48;0.51255672;UNKNOWN
2016-02-05T01:40:22.000000;2016-02-05T01:40:22.000000;2f045dda-636d-4cfc-a2f9-52ab86592ace;388.48;0.01;UNKNOWN
2016-02-05T01:40:22.000000;2016-02-05T01:40:22.000000;f23fb5d9-97b4-40a2-880d-649069fec50b;388.48;0.4819436;UNKNOWN
2016-02-05T01:40:24.000000;2016-02-05T01:40:24.000000;6c7b047e-9aa7-4030-8944-6d6b8e2b6fdb;388.48;0.01;UNKNOWN
2016-02-05T01:40:29.000000;2016-02-05T01:40:29.000000;7fd79ba2-54dd-4002-b342-e9d8aa5b1ef8;388.06;0.5;UNKNOWN
2016-02-05T01:40:29.000000;2016-02-05T01:40:29.000000;a246c562-f8b7-4ea9-a624-d1a86d28591b;388.06;2.958951;UNKNOWN
2016-02-05T01:40:31.000000;2016-02-05T01:40:31.000000;65577045-265f-4bae-9b29-9e6d1d46c5e4;388.48;0.53131698;UNKNOWN
2016-02-05T01:40:41.000000;2016-02-05T01:40:41.000000;f5c18413-fb9b-44ef-8fc2-37d0501a4dcf;388.48;0.48952372;UNKNOWN
2016-02-05T01:40:51.000000;2016-02-05T01:40:51.000000;ae1bc397-9360-4ccf-9cc3-19b81fc191d2;388.48;0.50648498;UNKNOWN
2016-02-05T01:41:02.000000;2016-02-05T01:41:02.000000;8e377051-8d9b-4b9d-a268-fd5dc82aebd7;388.48;0.55747455;UNKNOWN
2016-02-05T01:41:05.000000;2016-02-05T01:41:05.000000;a375e433-31dd-4f9d-a4d1-c92b43a04a04;388.48;0.34;UNKNOWN
2016-02-05T01:41:12.000000;2016-02-05T01:41:12.000000;22500852-795c-4e2b-ab5b-bcd1b39976c3;388.48;0.47542889;UNKNOWN
2016-02-05T01:41:21.000000;2016-02-05T01:41:21.000000;d499eb0a-c86b-45ad-8858-4b2cf7157668;388.45;0.47729529;UNKNOWN
2016-02-05T01:41:31.000000;2016-02-05T01:41:31.000000;253ac360-3097-4cfd-893c-28baec6a21b0;388.44;0.51731482;UNKNOWN
2016-02-05T01:42:13.000000;2016-02-05T01:42:13.000000;1452ae94-7b58-4b70-9dbb-dd4153149533;388.47;0.51753746;UNKNOWN
2016-02-05T01:42:14.000000;2016-02-05T01:42:14.000000;3efab3a5-b579-4bc7-9e18-70152efbd042;388.46;0.5;UNKNOWN
2016-02-05T01:42:14.000000;2016-02-05T01:42:14.000000;109aafac-e4a8-4d31-944a-00160f666e6d;388.47;5.87416254;UNKNOWN
2016-02-05T01:42:14.000000;2016-02-05T01:42:14.000000;6203feac-0273-4525-ad13-05e77d7e40a9;388.5;30.62583746;UNKNOWN
2016-02-05T01:42:14.000000;2016-02-05T01:42:14.000000;69f7a9ae-d8bb-4b15-a1b9-ce3a8f6cb995;388.46;3.0;UNKNOWN
2016-02-05T01:42:22.000000;2016-02-05T01:42:22.000000;75a0c559-1fc1-4c7c-bdac-73744b39fd5b;388.5;0.57217081;UNKNOWN
2016-02-05T01:42:32.000000;2016-02-05T01:42:32.000000;3d8c890b-05f0-4f4f-bb9d-4be32feea228;388.49;0.53632287;UNKNOWN
2016-02-05T01:42:41.000000;2016-02-05T01:42:41.000000;84879e88-d853-4070-8fbe-ee0e463cb344;388.49;0.51809491;UNKNOWN
2016-02-05T01:42:51.000000;2016-02-05T01:42:51.000000;1013cbf7-4139-4815-9b36-84af1fbe4d4a;388.49;0.52774517;UNKNOWN
2016-02-05T01:43:02.000000;2016-02-05T01:43:02.000000;5cdb6aa0-990e-4a9d-8949-03d2c3cf93a0;388.48;0.60738829;UNKNOWN
2016-02-05T01:43:45.000000;2016-02-05T01:43:45.000000;a75699c2-65b0-4e52-8687-e6ac0c321ac5;388.48;0.59705185;UNKNOWN
2016-02-05T01:43:51.000000;2016-02-05T01:43:51.000000;01ac8027-d45c-4209-a90a-1e5988083a2f;388.48;0.65839621;UNKNOWN
2016-02-05T01:44:02.000000;2016-02-05T01:44:02.000000;16d8ef46-d91f-4d3c-9e88-a24cb73bb296;388.48;0.60233379;UNKNOWN
2016-02-05T01:44:12.000000;2016-02-05T01:44:12.000000;37459621-b1b4-45e8-984f-167302b723f0;388.48;0.68134835;UNKNOWN
2016-02-05T01:44:21.000000;2016-02-05T01:44:21.000000;1acf0bf5-d565-47c3-8398-b6b33c45e2e9;388.41;0.64251145;UNKNOWN
2016-02-05T01:44:31.000000;2016-02-05T01:44:31.000000;8ee1d730-e58f-42cf-9bae-52c7ea0ae338;388.38;0.64339862;UNKNOWN
2016-02-05T01:44:42.000000;2016-02-05T01:44:42.000000;0bdcb9cb-bd4b-4afc-a360-0b50f860659b;388.33;0.68269191;UNKNOWN
2016-02-05T01:44:48.000000;2016-02-05T01:44:48.000000;159a4465-a081-47d8-b9ed-88ebb9da7993;388.26;6.3702;UNKNOWN
2016-02-05T01:44:48.000000;2016-02-05T01:44:48.000000;a86c72ce-f470-4535-9163-060bbfa755ed;388.27;5.2018;UNKNOWN
2016-02-05T01:44:52.000000;2016-02-05T01:44:52.000000;cc2f78a7-ce68-49e4-a3d3-25c536751166;388.27;0.68206236;UNKNOWN
2016-02-05T01:45:05.000000;2016-02-05T01:45:05.000000;9eef3ed1-1744-4b2d-a90e-a140170a51ce;388.27;0.60272839;UNKNOWN
2016-02-05T01:45:13.000000;2016-02-05T01:45:13.000000;2d8b60e5-9a12-42c2-bab4-e85f78d144bc;388.24;0.69304409;UNKNOWN
2016-02-05T01:45:21.000000;2016-02-05T01:45:21.000000;aa7e61e2-9526-4901-a1a0-9fecf33cbf64;388.21;0.69734487;UNKNOWN
2016-02-05T01:45:31.000000;2016-02-05T01:45:31.000000;bb1e8b62-ba97-49ae-a37c-f4847e69dcc7;388.15;0.89756248;UNKNOWN
2016-02-05T01:45:41.000000;2016-02-05T01:45:41.000000;2eef8780-04ef-40ac-8404-4a2af13d4e9e;388.0;17.259;UNKNOWN
2016-02-05T01:46:13.000000;2016-02-05T01:46:13.000000;33575d4a-d703-4cfd-8527-2d59de7ff0c6;388.0;8.48058;UNKNOWN
2016-02-05T01:46:18.000000;2016-02-05T01:46:18.000000;67ace812-c6ec-47da-a0a6-7a2e80f15f17;388.19;13.3675;UNKNOWN
2016-02-05T01:46:18.000000;2016-02-05T01:46:18.000000;0aedea1e-3b6d-4612-bb92-29ea7576e940;388.2;3.79775679;UNKNOWN
2016-02-05T01:46:18.000000;2016-02-05T01:46:18.000000;2f8e52f4-6a3c-4b2c-a91b-349c7d9f8ecb;388.02;7.09;UNKNOWN
2016-02-05T01:46:18.000000;2016-02-05T01:46:18.000000;ec99caea-a0da-4e15-ad96-3accda5ee7d9;388.02;3.8003547;UNKNOWN
2016-02-05T01:46:18.000000;2016-02-05T01:46:18.000000;4d6c2dad-8463-4359-b829-34cdae11ccb8;388.02;3.80006587;UNKNOWN
2016-02-05T01:46:18.000000;2016-02-05T01:46:18.000000;61856dc2-76d7-40a3-b6dc-1badff791d0c;388.02;3.8003547;UNKNOWN
2016-02-05T01:46:18.000000;2016-02-05T01:46:18.000000;2dae78df-07dd-4596-a645-c1c6461ac9ed;388.18;6.3496;UNKNOWN
2016-02-05T01:46:18.000000;2016-02-05T01:46:18.000000;d41afd29-2e7d-4aec-8897-eb07b628c687;388.02;3.79992147;UNKNOWN
2016-02-05T01:46:18.000000;2016-02-05T01:46:18.000000;3cb90b9a-5426-4f5c-a783-bfae2d7eff90;388.22;13.66594647;UNKNOWN
2016-02-05T01:46:31.000000;2016-02-05T01:46:31.000000;9bc2eeb8-b9cf-4a65-9e0b-2aaf8df8462d;388.0;12.5;UNKNOWN
2016-02-05T01:46:36.000000;2016-02-05T01:46:36.000000;37aeaa7f-058b-4346-93a0-ab30ba94ef32;387.6;0.01;UNKNOWN
2016-02-05T01:46:36.000000;2016-02-05T01:46:36.000000;6e755f16-0e4f-41b3-b25b-117ff1691cf2;387.7;0.68;UNKNOWN
2016-02-05T01:46:36.000000;2016-02-05T01:46:36.000000;4e874b0b-5cc0-4cc2-9e6c-d7b7e68b6ca4;387.7;1.0;UNKNOWN
2016-02-05T01:46:36.000000;2016-02-05T01:46:36.000000;5b67ef6f-edbd-4fe7-90bf-242562846770;387.7;1.0;UNKNOWN
2016-02-05T01:46:36.000000;2016-02-05T01:46:36.000000;b882e109-c887-4fb2-9838-348281ca20ad;387.6;0.36199593;UNKNOWN
2016-02-05T01:46:36.000000;2016-02-05T01:46:36.000000;c64bc08e-9612-475e-8e3a-e2ada284f265;387.31;1.76329094;UNKNOWN
2016-02-05T01:46:36.000000;2016-02-05T01:46:36.000000;6b0bcb5f-10f9-43a3-8b20-9e04d735bfd8;387.6;0.048;UNKNOWN
2016-02-05T01:46:36.000000;2016-02-05T01:46:36.000000;87ad1030-ccc6-4d48-9bde-036a203ab01a;387.55;1.0;UNKNOWN
2016-02-05T01:46:36.000000;2016-02-05T01:46:36.000000;e6559f1c-4b9b-4031-8ea7-e0ec6969a36b;387.56;0.1523831;UNKNOWN
2016-02-05T01:46:36.000000;2016-02-05T01:46:36.000000;ba2951a2-e270-4861-89e2-9fd0ca08970e;387.4;0.01;UNKNOWN
2016-02-05T01:46:36.000000;2016-02-05T01:46:36.000000;a3ae692b-01d2-4995-9d30-cde42627318b;387.71;6.3939;UNKNOWN
2016-02-05T01:46:36.000000;2016-02-05T01:46:36.000000;f1ba15da-f3bd-4850-8c0b-1dca72d53f01;387.69;1.48;UNKNOWN
2016-02-05T01:46:36.000000;2016-02-05T01:46:36.000000;d226bc99-7196-460b-8be8-f81131a99841;387.8;0.01;UNKNOWN
2016-02-05T01:46:36.000000;2016-02-05T01:46:36.000000;70777f19-b1ad-416e-9334-50945322f481;387.7;1.0;UNKNOWN
2016-02-05T01:46:36.000000;2016-02-05T01:46:36.000000;5e5e61dd-2491-4c73-b6df-b36b1254ae8e;388.0;0.09043003;UNKNOWN
2016-02-05T01:46:41.000000;2016-02-05T01:46:41.000000;443de2d2-0be2-442b-bd02-d89222da0dc9;387.25;0.5;UNKNOWN
2016-02-05T01:46:42.000000;2016-02-05T01:46:42.000000;a5b706e0-0105-4194-be59-7b9738b53c3d;387.17;3.0;UNKNOWN
2016-02-05T01:46:42.000000;2016-02-05T01:46:42.000000;aa4f3c36-8770-4246-9760-a1b2e801b9f0;387.25;0.4;UNKNOWN
2016-02-05T01:46:42.000000;2016-02-05T01:46:42.000000;110febee-5cb6-4207-8a47-021f271ba684;387.16;15.9939;UNKNOWN
2016-02-05T01:46:42.000000;2016-02-05T01:46:42.000000;1dbbe8b9-9dd7-4495-afff-54b8e193d3c5;387.11;6.0;UNKNOWN
2016-02-05T01:46:42.000000;2016-02-05T01:46:42.000000;81e6a982-2a16-4dc2-9744-3982a3410d9e;387.0;5.0;UNKNOWN
2016-02-05T01:46:42.000000;2016-02-05T01:46:42.000000;78979256-e150-472b-82f8-eb4d62dcb7c4;387.1;18.9762;UNKNOWN
2016-02-05T01:46:42.000000;2016-02-05T01:46:42.000000;1a211ca1-d3b7-46cb-be74-88b27e2106cb;387.11;12.0;UNKNOWN
2016-02-05T01:46:42.000000;2016-02-05T01:46:42.000000;c76721fc-74fa-4ceb-9114-56ccfe7edfc7;387.2;0.01;UNKNOWN
2016-02-05T01:46:42.000000;2016-02-05T01:46:42.000000;8b1a7125-0360-4252-ac4f-7fc1d3ef684c;387.01;1.4717059;UNKNOWN
2016-02-05T01:46:42.000000;2016-02-05T01:46:42.000000;72a1e1f2-6187-442e-ac6b-111127023752;387.25;0.1;UNKNOWN
2016-02-05T01:46:42.000000;2016-02-05T01:46:42.000000;e5c05cf1-3a8a-4b5b-ba21-95f17c35511a;386.92;0.29730001;UNKNOWN
2016-02-05T01:46:42.000000;2016-02-05T01:46:42.000000;75e5562e-602f-45d3-ba48-6886fb7e03a2;387.0;2.5918;UNKNOWN
2016-02-05T01:46:42.000000;2016-02-05T01:46:42.000000;de54d00a-df7a-43cc-a703-d878d3eb521b;387.0;0.033;UNKNOWN
2016-02-05T01:46:42.000000;2016-02-05T01:46:42.000000;6836788f-b266-435f-8e3a-862311c8a9cc;387.0;0.1;UNKNOWN
2016-02-05T01:46:42.000000;2016-02-05T01:46:42.000000;dc6940ae-66c3-4d51-ac11-0d346141a6cd;387.0;9.0;UNKNOWN
2016-02-05T01:46:42.000000;2016-02-05T01:46:42.000000;1d07dc4a-9b88-4405-a4bc-d02e2a37805c;387.0;0.01;UNKNOWN
2016-02-05T01:46:42.000000;2016-02-05T01:46:42.000000;ae23666f-b2ee-4ced-89f2-86f87bef3f30;386.95;0.02022798;UNKNOWN
2016-02-05T01:46:42.000000;2016-02-05T01:46:42.000000;208f0953-aeab-45ab-bcde-1aba3a109171;387.0;1.0;UNKNOWN
2016-02-05T01:46:42.000000;2016-02-05T01:46:42.000000;4788ab07-eae1-45c2-be10-09ac45aba40e;387.0;28.0;UNKNOWN
2016-02-05T01:46:42.000000;2016-02-05T01:46:42.000000;848b767a-0ab6-47d5-aa50-8724c0189723;387.0;0.01;UNKNOWN
2016-02-05T01:46:42.000000;2016-02-05T01:46:42.000000;6445826d-96ac-4221-8cdb-71f0c4709b89;386.92;16.68316612;UNKNOWN
2016-02-05T01:47:07.000000;2016-02-05T01:47:07.000000;d4c9bca3-1fda-40d7-90da-4a4f7d686808;387.58;0.35;UNKNOWN
2016-02-05T01:47:11.000000;2016-02-05T01:47:11.000000;9e5cf12e-bb6c-4086-8f77-c5481a1ed511;387.28;2.10264367;UNKNOWN
2016-02-05T01:47:15.000000;2016-02-05T01:47:15.000000;0e691bb4-c85f-4d33-bb6a-24895a18a6a6;387.19;3.20627735;UNKNOWN
2016-02-05T01:47:15.000000;2016-02-05T01:47:15.000000;4f40eb27-745d-48f3-be20-691deb57607b;387.27;3.79372265;UNKNOWN
2016-02-05T01:47:21.000000;2016-02-05T01:47:21.000000;0190629c-be77-4c7b-bcef-27e81fedc115;387.06;0.40249521;UNKNOWN
2016-02-05T01:47:21.000000;2016-02-05T01:47:21.000000;8a57b396-15a7-4569-bf62-3a36b4d040c2;387.07;0.27;UNKNOWN
2016-02-05T01:47:26.000000;2016-02-05T01:47:26.000000;c7c1a679-579d-4673-816a-966f34492d5a;387.08;0.033;UNKNOWN
2016-02-05T01:47:58.000000;2016-02-05T01:47:58.000000;e501bd52-d076-438a-b4a0-3ac515ea0c96;387.28;0.34661075;UNKNOWN
2016-02-05T01:48:58.000000;2016-02-05T01:48:58.000000;e7e2e569-4bfc-462e-867c-e959743d4687;387.35;20.3242;UNKNOWN
2016-02-05T01:48:58.000000;2016-02-05T01:48:58.000000;5a892659-f736-46d3-a01f-bdd99008631e;387.51;23.08;UNKNOWN
2016-02-05T01:48:58.000000;2016-02-05T01:48:58.000000;6737ca1d-5437-4d34-be3f-be4306a3b191;387.5;0.1904;UNKNOWN
2016-02-05T01:48:58.000000;2016-02-05T01:48:58.000000;3db24081-8243-42d2-91c9-c30a8b89cf2d;387.37;6.4054;UNKNOWN
2016-02-05T01:49:12.000000;2016-02-05T01:49:12.000000;84460580-5f8e-4ad5-80fb-918db1fd2e2b;387.35;0.8422979;UNKNOWN
2016-02-05T01:49:15.000000;2016-02-05T01:49:15.000000;a49b387b-287a-4cf2-bfe6-f002df531622;387.36;5.0;UNKNOWN
2016-02-05T01:49:22.000000;2016-02-05T01:49:22.000000;a739d31d-4ce7-41b0-98c6-edf8006483f4;387.35;1.0;UNKNOWN
2016-02-05T01:49:25.000000;2016-02-05T01:49:25.000000;6617991b-4e71-4733-94db-2a086ec802f2;387.36;1.0;UNKNOWN
2016-02-05T01:49:30.000000;2016-02-05T01:49:30.000000;4c64614e-922e-4538-a63a-83e151edc151;387.36;1.0;UNKNOWN
2016-02-05T01:49:51.000000;2016-02-05T01:49:51.000000;5d20eafa-10f5-4265-acf9-6a42fb146db7;387.36;1.32144;UNKNOWN
2016-02-05T01:49:56.000000;2016-02-05T01:49:56.000000;55918523-ffb9-4425-8728-196f846fcc5b;387.46;0.0798;UNKNOWN
2016-02-05T01:50:10.000000;2016-02-05T01:50:10.000000;e24fc535-d112-4a56-92cc-2d7dfc4da5cb;387.4;0.5;UNKNOWN
2016-02-05T01:50:10.000000;2016-02-05T01:50:10.000000;16e232ae-28ab-4f93-96c6-3de5634d23b7;387.4;0.5;UNKNOWN
2016-02-05T01:50:15.000000;2016-02-05T01:50:15.000000;692e2d52-62a8-4ae3-a9fe-141e5adef3a7;387.39;0.1;UNKNOWN
2016-02-05T01:50:55.000000;2016-02-05T01:50:55.000000;ed54b7f8-63ac-40a0-bdf0-93c00fa42102;387.48;15.9224;UNKNOWN
2016-02-05T01:50:55.000000;2016-02-05T01:50:55.000000;2f08c691-8261-4359-9961-415231362cb8;387.49;0.13;UNKNOWN
2016-02-05T01:51:16.000000;2016-02-05T01:51:16.000000;25f4d36e-2894-4784-9c00-f471bc36c787;387.51;0.34465141;UNKNOWN
2016-02-05T01:51:16.000000;2016-02-05T01:51:16.000000;5898d827-361a-4912-800b-b1087572c7c3;387.51;0.18;UNKNOWN
2016-02-05T01:51:53.000000;2016-02-05T01:51:53.000000;3a589879-db00-4b37-a703-26ff87301253;387.51;5.0;UNKNOWN
2016-02-05T01:52:05.000000;2016-02-05T01:52:05.000000;ccdf4fb8-951b-41e0-b59b-8ca67bf0735d;387.51;5.0;UNKNOWN
2016-02-05T01:52:13.000000;2016-02-05T01:52:13.000000;8e0cd6ab-02af-49b8-95c2-88d4fcb8fe36;387.52;2.995;UNKNOWN
2016-02-05T01:53:26.000000;2016-02-05T01:53:26.000000;9226b967-4f23-4cea-9aee-214db0e094ca;387.52;0.78;UNKNOWN
2016-02-05T01:55:20.000000;2016-02-05T01:55:20.000000;5006056a-175c-4669-8c64-20ef5a9edfcb;387.53;10.0;UNKNOWN
2016-02-05T01:55:20.000000;2016-02-05T01:55:20.000000;86547e99-8846-46e9-a697-c3abce963ca9;387.53;7.98;UNKNOWN
2016-02-05T01:55:22.000000;2016-02-05T01:55:22.000000;2eab5fb1-79c5-4e27-8b3c-bac8b18105aa;387.53;0.1;UNKNOWN
2016-02-05T01:55:25.000000;2016-02-05T01:55:25.000000;9e4f782f-b7d0-4606-b8fa-b0c27926f817;387.53;0.1;UNKNOWN
2016-02-05T01:55:33.000000;2016-02-05T01:55:33.000000;94846537-2832-48fc-859a-ac99a11b1992;387.53;0.1;UNKNOWN
2016-02-05T01:55:38.000000;2016-02-05T01:55:38.000000;c5e9b273-bfc5-4d1b-a0c4-4dfda975985b;387.53;0.1;UNKNOWN
2016-02-05T01:55:39.000000;2016-02-05T01:55:39.000000;f87fe90a-71ae-4a4c-b6bd-590f9f90a8a3;387.53;0.1;UNKNOWN
2016-02-05T01:55:41.000000;2016-02-05T01:55:41.000000;e52eb94e-d58e-4ebd-a29c-b9830999ecd8;387.53;0.1;UNKNOWN
2016-02-05T01:55:42.000000;2016-02-05T01:55:42.000000;48a14ef1-31c5-4b26-b175-858571b60936;387.53;0.1;UNKNOWN
2016-02-05T01:56:05.000000;2016-02-05T01:56:05.000000;897023eb-b2e0-40c4-9ceb-065ba72cdc81;387.53;0.1;UNKNOWN
2016-02-05T01:56:17.000000;2016-02-05T01:56:17.000000;7ceb613b-ce22-4b57-9c67-0ce2cb62f678;387.53;0.1;UNKNOWN
2016-02-05T01:56:21.000000;2016-02-05T01:56:21.000000;c64dff4f-f651-435f-ba9a-95bcec3107d7;387.53;0.1;UNKNOWN
2016-02-05T01:56:30.000000;2016-02-05T01:56:30.000000;4f0a27cf-8229-465f-b337-b2423319bb8b;387.53;0.1;UNKNOWN
2016-02-05T01:56:32.000000;2016-02-05T01:56:32.000000;41f7381c-79fd-41c6-955d-aa72b6a3208d;387.53;0.1;UNKNOWN
2016-02-05T01:56:33.000000;2016-02-05T01:56:33.000000;2b2a358e-5756-45f1-9fde-983715a7233a;387.53;0.1;UNKNOWN
2016-02-05T01:56:35.000000;2016-02-05T01:56:35.000000;66a9dd58-ff00-4e3a-bffe-ec7dc390584f;387.53;0.1;UNKNOWN
2016-02-05T01:56:35.000000;2016-02-05T01:56:35.000000;65e513ba-1bd3-42e5-8a69-cade1f9709d6;387.53;5.0;UNKNOWN
2016-02-05T01:56:36.000000;2016-02-05T01:56:36.000000;7fae47c0-bc9a-48cb-a51e-e108893c3353;387.53;0.1;UNKNOWN
2016-02-05T01:56:38.000000;2016-02-05T01:56:38.000000;0ef4f6b5-143b-48ce-8de0-2158865363c7;387.53;0.1;UNKNOWN
2016-02-05T01:56:42.000000;2016-02-05T01:56:42.000000;b0617b6d-aef6-4b06-ab3f-15b0e64bc159;387.53;0.1;UNKNOWN
2016-02-05T01:56:44.000000;2016-02-05T01:56:44.000000;fc2623e1-bde0-4563-af2f-9cd082bc7de2;387.53;0.1;UNKNOWN
2016-02-05T01:56:45.000000;2016-02-05T01:56:45.000000;61743383-05ca-4964-9eb0-8b2826c04b92;387.53;0.1;UNKNOWN
2016-02-05T01:56:47.000000;2016-02-05T01:56:47.000000;00a0b586-7c16-4669-8043-9767119d3f4e;387.53;0.1;UNKNOWN
2016-02-05T01:56:47.000000;2016-02-05T01:56:47.000000;c7158bd9-e540-41aa-8386-91b5f3221c83;387.53;0.1;UNKNOWN
2016-02-05T01:56:51.000000;2016-02-05T01:56:51.000000;60c4f9fd-f6f2-4c8d-a1e8-759012b3fae1;387.53;0.1;UNKNOWN
2016-02-05T01:57:01.000000;2016-02-05T01:57:01.000000;97998574-1603-41f0-91de-bd3a5ef62229;387.53;3.0;UNKNOWN
2016-02-05T01:57:12.000000;2016-02-05T01:57:12.000000;9753edcb-ec97-456f-84d4-e71d088d7830;387.53;15.0;UNKNOWN
2016-02-05T01:57:14.000000;2016-02-05T01:57:14.000000;7f3aa102-c6f3-4c2b-9e57-74fb34655e7c;387.52;0.0797009;UNKNOWN
2016-02-05T01:57:55.000000;2016-02-05T01:57:55.000000;62269b2b-39f4-4fea-a72b-a3c8a676f75e;387.54;0.0462;UNKNOWN
2016-02-05T01:57:59.000000;2016-02-05T01:57:59.000000;3c61d38b-19ff-42f3-8a47-e642cf5be5de;387.55;6.4116;UNKNOWN
2016-02-05T01:58:05.000000;2016-02-05T01:58:05.000000;342cf640-c1de-4d5b-b926-2217d527ab1b;387.54;0.0435429;UNKNOWN
2016-02-05T01:58:06.000000;2016-02-05T01:58:06.000000;2b781883-026f-4b52-81c3-3c01e8eaf9b3;387.54;0.4270378;UNKNOWN
2016-02-05T01:58:07.000000;2016-02-05T01:58:07.000000;e56afdaf-cb38-4e93-9155-9cb577e0cc8a;387.57;0.3;UNKNOWN
2016-02-05T01:58:12.000000;2016-02-05T01:58:12.000000;ca245569-e60e-483f-a15d-0d3e1777e94d;387.57;10.0;UNKNOWN
2016-02-05T01:58:22.000000;2016-02-05T01:58:22.000000;6d628a02-eb8c-4e4c-adea-2e47bfe6dca2;387.57;6.3616;UNKNOWN
2016-02-05T01:58:38.000000;2016-02-05T01:58:38.000000;3602ec65-40f5-4768-a765-4d666aeaa3f0;387.57;6.427;UNKNOWN
2016-02-05T01:58:52.000000;2016-02-05T01:58:52.000000;b5442e8d-df5b-41bf-997e-7239288a6bd8;387.56;0.37;UNKNOWN
2016-02-05T01:58:52.000000;2016-02-05T01:58:52.000000;9b1a212c-ec3d-475e-a92e-e9b9c6de03a6;387.56;0.07;UNKNOWN
2016-02-05T01:58:52.000000;2016-02-05T01:58:52.000000;96effd21-847d-4354-970c-ee0c7539d6c1;387.56;0.56;UNKNOWN
2016-02-05T01:58:54.000000;2016-02-05T01:58:54.000000;12893902-0c97-425b-8537-ce84d6d61679;387.57;1.9114;UNKNOWN
2016-02-05T01:58:57.000000;2016-02-05T01:58:57.000000;1912d43e-5cc7-4917-b446-7c9a01676334;387.93;0.1;UNKNOWN
2016-02-05T01:59:55.000000;2016-02-05T01:59:55.000000;81442132-81e4-4124-a221-0b8667899f49;387.99;3.57439;UNKNOWN
2016-02-05T01:59:55.000000;2016-02-05T01:59:55.000000;55376e6a-5682-4a39-a32c-3dd2bdcdd6fe;387.94;0.01951;UNKNOWN
2016-02-05T01:59:55.000000;2016-02-05T01:59:55.000000;ae86f4ee-f96c-4d62-8400-7a3a259672e2;387.98;6.4061;UNKNOWN
2016-02-05T02:00:06.000000;2016-02-05T02:00:06.000000;c3e30522-12bd-403d-866d-ea2783406665;387.83;0.34979782;UNKNOWN
2016-02-05T02:00:30.000000;2016-02-05T02:00:30.000000;9ed3960c-3e7a-4c78-b4b3-55b3faeb80bd;387.99;0.1;UNKNOWN
2016-02-05T02:01:11.000000;2016-02-05T02:01:11.000000;93330ce2-9427-4fd3-bfa0-13c7e5e8df4a;387.99;0.96;UNKNOWN
2016-02-05T02:01:11.000000;2016-02-05T02:01:11.000000;e0573ecd-2f4f-4c18-98c9-304f1fdf10de;387.98;0.04;UNKNOWN
2016-02-05T02:02:08.000000;2016-02-05T02:02:08.000000;e3d5da12-e864-48dd-a8e3-520964f163b4;387.88;0.82;UNKNOWN
2016-02-05T02:02:08.000000;2016-02-05T02:02:08.000000;2cd89a5a-6666-4c8d-9f92-0282f5bad30a;387.88;0.18;UNKNOWN
2016-02-05T02:03:05.000000;2016-02-05T02:03:05.000000;b7c96f55-fd9f-46c4-ab22-3728da19ca69;387.99;0.3;UNKNOWN
2016-02-05T02:04:31.000000;2016-02-05T02:04:31.000000;ac9798ef-6c8a-4f4d-95e4-fcf4b280bf49;387.99;5.698e-05;UNKNOWN
2016-02-05T02:05:05.000000;2016-02-05T02:05:05.000000;c09d35e8-51c8-46f3-aea5-338c84f8cdf2;387.99;0.22920149;UNKNOWN
2016-02-05T02:09:43.000000;2016-02-05T02:09:43.000000;5d80022f-45b6-49fc-8b3b-886942aea869;387.99;4.0;UNKNOWN
2016-02-05T02:11:05.000000;2016-02-05T02:11:05.000000;eb097a16-4cd2-47bd-907c-fdd727b9e09b;387.98;0.15;UNKNOWN
2016-02-05T02:14:05.000000;2016-02-05T02:14:05.000000;fbfef181-0b54-4eea-a8a4-b4d641777388;387.96;0.01233;UNKNOWN
2016-02-05T02:14:06.000000;2016-02-05T02:14:06.000000;5e04f028-3a8b-4f0b-b9c7-5d8d4432c50c;387.98;6.5;UNKNOWN
2016-02-05T02:14:06.000000;2016-02-05T02:14:06.000000;f5a607d4-b7cf-4661-88af-bb5d319cbadd;387.96;0.806158;UNKNOWN
2016-02-05T02:14:28.000000;2016-02-05T02:14:28.000000;5e74f02e-a0bd-4f00-82b1-a0e0873160f6;387.96;3.78443839;UNKNOWN
2016-02-05T02:14:28.000000;2016-02-05T02:14:28.000000;3ad777e9-afb1-4b59-8c0f-096591e7d115;387.94;6.83755729;UNKNOWN
2016-02-05T02:14:28.000000;2016-02-05T02:14:28.000000;e3426807-1052-41df-88cf-cbeefd87ce8d;387.96;6.41;UNKNOWN
2016-02-05T02:14:28.000000;2016-02-05T02:14:28.000000;4e6c0b58-40f9-4834-9e20-50ed5c8bb080;387.96;2.96800432;UNKNOWN
2016-02-05T02:14:48.000000;2016-02-05T02:14:48.000000;222df348-a315-412b-8e87-0c27f3cb4367;387.98;6.0;UNKNOWN
2016-02-05T02:15:36.000000;2016-02-05T02:15:36.000000;7a428d24-aed0-4b6a-856c-302c7cfb5227;387.96;3.78229131;UNKNOWN
2016-02-05T02:15:36.000000;2016-02-05T02:15:36.000000;8340e0fa-5348-4dd2-a59c-2708222975fd;387.96;3.78348383;UNKNOWN
2016-02-05T02:15:36.000000;2016-02-05T02:15:36.000000;819ac55c-f8bd-49df-95a1-2cd21233a375;387.96;3.65074103;UNKNOWN
2016-02-05T02:15:36.000000;2016-02-05T02:15:36.000000;1db45813-ce4c-4781-8e61-1f7391c162f0;387.96;3.78348383;UNKNOWN
2016-02-05T02:16:02.000000;2016-02-05T02:16:02.000000;2ceef7d8-f3b9-43d3-b88b-411cae52bb9f;387.9;0.68;UNKNOWN
2016-02-05T02:16:02.000000;2016-02-05T02:16:02.000000;990c4e34-5137-45ac-bed4-af8a38eb16e0;387.96;0.42;UNKNOWN
2016-02-05T02:16:05.000000;2016-02-05T02:16:05.000000;460fb04d-432b-4701-9dc9-31db8a954528;387.98;2.60374244;UNKNOWN
2016-02-05T02:18:25.000000;2016-02-05T02:18:25.000000;d571dc0a-afb8-42f2-bd5c-c0da7628ea93;388.5;3.02807749;UNKNOWN
2016-02-05T02:18:25.000000;2016-02-05T02:18:25.000000;1e45c35c-f4fb-4857-8cb1-927e1b38e720;387.95;11.1819;UNKNOWN
2016-02-05T02:18:25.000000;2016-02-05T02:18:25.000000;3801f8d6-165e-41b5-8cd8-ee412f543124;387.97;1.0;UNKNOWN
2016-02-05T02:18:25.000000;2016-02-05T02:18:25.000000;1201b4f2-34fe-40cc-be2e-ada79fb90305;388.27;0.01;UNKNOWN
2016-02-05T02:18:25.000000;2016-02-05T02:18:25.000000;70bf2aa9-9011-460c-a4cc-61b4f8e4ec36;388.48;0.1;UNKNOWN
2016-02-05T02:18:25.000000;2016-02-05T02:18:25.000000;5923799d-6205-4ae2-b3ce-98cb4eb8e370;387.96;0.055;UNKNOWN
2016-02-05T02:18:25.000000;2016-02-05T02:18:25.000000;4770be9e-2935-4876-9cf4-b3aca648f0e0;388.48;0.01;UNKNOWN
2016-02-05T02:18:25.000000;2016-02-05T02:18:25.000000;471a95bd-648a-492d-8cf1-7b774c854507;387.99;40.83635153;UNKNOWN
2016-02-05T02:19:01.000000;2016-02-05T02:19:01.000000;42528cca-d8d9-4f18-a0fc-1d8f1fb144b4;388.48;0.5;UNKNOWN
2016-02-05T02:19:01.000000;2016-02-05T02:19:01.000000;4007ce3f-5804-4c29-82d4-da37c8dd4f62;388.48;0.2;UNKNOWN
2016-02-05T02:19:06.000000;2016-02-05T02:19:06.000000;f292fbff-3cbc-4fab-8038-8156ba412b2e;388.09;3.0;UNKNOWN
2016-02-05T02:19:16.000000;2016-02-05T02:19:16.000000;2a0f3a0e-31bf-4ca9-be21-a4795c862d40;388.46;0.06887734;UNKNOWN
2016-02-05T02:19:27.000000;2016-02-05T02:19:27.000000;de299781-4152-4d51-b04b-8fc0f181aefa;388.41;0.5;UNKNOWN
2016-02-05T02:19:27.000000;2016-02-05T02:19:27.000000;b2100358-5e64-4915-bad3-2d02ce50d7e1;388.41;3.0;UNKNOWN
2016-02-05T02:19:27.000000;2016-02-05T02:19:27.000000;a2ee8baf-53de-451e-a957-99b893f12112;388.41;6.0;UNKNOWN
2016-02-05T02:19:27.000000;2016-02-05T02:19:27.000000;7f8fb1c7-f90d-46da-bd16-64ec76c3269f;388.43;0.6773;UNKNOWN
2016-02-05T02:19:27.000000;2016-02-05T02:19:27.000000;dbe859c0-4d5a-4cb4-b2d4-ffba7fd5627f;388.41;12.0;UNKNOWN
2016-02-05T02:19:41.000000;2016-02-05T02:19:41.000000;c12f3892-80de-4433-9f29-7a4ce1a343a6;388.02;0.5;UNKNOWN
2016-02-05T02:19:41.000000;2016-02-05T02:19:41.000000;8be5ba21-b758-449c-a15b-e22ff41f2dfb;388.02;3.0;UNKNOWN
2016-02-05T02:19:41.000000;2016-02-05T02:19:41.000000;90bd36bb-f89b-4f50-ba3e-53c4e908b76f;387.97;0.38;UNKNOWN
2016-02-05T02:19:41.000000;2016-02-05T02:19:41.000000;94bc75f5-f150-4762-8245-b949b91ce184;388.01;6.0;UNKNOWN
2016-02-05T02:19:41.000000;2016-02-05T02:19:41.000000;0464024c-0ccd-4a0c-8c3f-0c4c9fee2e33;388.03;6.4336;UNKNOWN
2016-02-05T02:19:45.000000;2016-02-05T02:19:45.000000;a4c27a5f-d101-43a6-8328-4a04d38c567d;387.97;0.05148;UNKNOWN
2016-02-05T02:21:05.000000;2016-02-05T02:21:05.000000;f139c6bc-cba3-4721-a586-3e032149d96d;387.93;0.11473091;UNKNOWN
2016-02-05T02:21:46.000000;2016-02-05T02:21:46.000000;466331d5-30d0-4b86-b954-3983b1a54df9;387.93;0.01;UNKNOWN
2016-02-05T02:21:47.000000;2016-02-05T02:21:47.000000;9d418163-84e7-457a-9a30-6b997d24d6ba;387.93;0.01;UNKNOWN
2016-02-05T02:21:52.000000;2016-02-05T02:21:52.000000;472cf06f-c122-4a54-b1ae-d1eb444f51c6;387.94;0.01;UNKNOWN
2016-02-05T02:21:53.000000;2016-02-05T02:21:53.000000;a182e915-6fc5-4c6f-ae8c-0e871b81ccac;387.94;0.01;UNKNOWN
2016-02-05T02:21:54.000000;2016-02-05T02:21:54.000000;e0c926e7-ff95-4d47-96cf-b6968b2d0d49;387.94;3.3604;UNKNOWN
2016-02-05T02:21:54.000000;2016-02-05T02:21:54.000000;0641745a-6d6f-4a94-98b8-03b171345c57;387.94;2.3392;UNKNOWN
2016-02-05T02:21:55.000000;2016-02-05T02:21:55.000000;6eb0dcb9-ffef-456f-b938-65776689ef88;387.95;0.01;UNKNOWN
2016-02-05T02:21:55.000000;2016-02-05T02:21:55.000000;833584a9-f22d-4ef5-bbba-3eb1aa6ddc2e;387.95;0.01;UNKNOWN
2016-02-05T02:21:58.000000;2016-02-05T02:21:58.000000;0e2c4acb-113d-42af-92e2-97f1e1b795c8;387.95;0.01;UNKNOWN
2016-02-05T02:22:00.000000;2016-02-05T02:22:00.000000;a95d523f-6b2c-4bda-9782-2c0cd4718643;387.95;0.01;UNKNOWN
2016-02-05T02:22:01.000000;2016-02-05T02:22:01.000000;08af3ef5-9133-48c8-9b44-8b83234c3e15;387.95;0.274151;UNKNOWN
2016-02-05T02:22:01.000000;2016-02-05T02:22:01.000000;ef74eea5-3583-4c0c-9dbd-5a3d0874a76e;387.95;0.1002;UNKNOWN
2016-02-05T02:22:31.000000;2016-02-05T02:22:31.000000;8ef0a470-27a8-40d2-8804-e7b842f1313e;387.94;0.02;UNKNOWN
2016-02-05T02:22:35.000000;2016-02-05T02:22:35.000000;3757038a-6dff-4bd0-a6b6-5c6db3853990;387.94;11.0;UNKNOWN
2016-02-05T02:23:03.000000;2016-02-05T02:23:03.000000;9460fe9b-2fc5-40ba-9cd4-02d6c474cbd1;387.94;0.782;UNKNOWN
2016-02-05T02:23:06.000000;2016-02-05T02:23:06.000000;35917144-b129-4c25-a63f-2e360dcdcb24;387.94;0.02;UNKNOWN
2016-02-05T02:23:28.000000;2016-02-05T02:23:28.000000;f002963c-b3f4-48bf-b793-5446282bdb3b;387.94;0.02;UNKNOWN
2016-02-05T02:24:01.000000;2016-02-05T02:24:01.000000;95939f5e-6705-4aa0-aa5d-32ccf3610f22;387.94;0.02;UNKNOWN
2016-02-05T02:24:08.000000;2016-02-05T02:24:08.000000;7ee49b68-76fb-4c06-9000-5c27dded6e26;387.93;0.02;UNKNOWN
2016-02-05T02:24:09.000000;2016-02-05T02:24:09.000000;c9405b84-02a1-4ec5-882f-08fa393ca43a;387.84;0.0761;UNKNOWN
2016-02-05T02:24:09.000000;2016-02-05T02:24:09.000000;c5b05f54-510f-4a2c-a030-66a50fcb756e;387.84;0.2839;UNKNOWN
2016-02-05T02:24:10.000000;2016-02-05T02:24:10.000000;a2dedc40-5b24-47a5-9e6f-62751bc64d17;387.84;5.37608236;UNKNOWN
2016-02-05T02:25:01.000000;2016-02-05T02:25:01.000000;904ad4b5-758a-46c9-88ce-be2458aa159d;387.94;0.02;UNKNOWN
2016-02-05T02:25:05.000000;2016-02-05T02:25:05.000000;8170c902-8095-4876-b052-9250efe41c72;387.92;0.02;UNKNOWN
2016-02-05T02:25:05.000000;2016-02-05T02:25:05.000000;72db06c9-166c-4d0d-b9f3-766c79a0bddf;387.81;3.20132365;UNKNOWN
2016-02-05T02:25:07.000000;2016-02-05T02:25:07.000000;4eaf6703-5a74-4721-ad50-301a4ba73167;387.95;0.02153263;UNKNOWN
2016-02-05T02:25:07.000000;2016-02-05T02:25:07.000000;e4e7998a-4a98-48f9-8556-f713aa3c0e7d;387.94;0.3612;UNKNOWN
2016-02-05T02:25:16.000000;2016-02-05T02:25:16.000000;e3dcec6f-43d4-4506-bdf7-f64f143f2eed;387.95;0.01;UNKNOWN
2016-02-05T02:25:42.000000;2016-02-05T02:25:42.000000;192a82c8-bd58-4b12-ba85-0ed15e1d004b;387.95;3.25;UNKNOWN
2016-02-05T02:26:57.000000;2016-02-05T02:26:57.000000;49554bd5-d79d-4c00-8339-4733b5671e3e;387.95;0.14854825;UNKNOWN
2016-02-05T02:27:01.000000;2016-02-05T02:27:01.000000;4d8037ef-6057-40a4-83aa-c8df679a1df5;387.94;3.6;UNKNOWN
2016-02-05T02:27:28.000000;2016-02-05T02:27:28.000000;65b51bba-b792-4fbb-82bc-a7cdb5122828;387.94;0.02;UNKNOWN
2016-02-05T02:28:02.000000;2016-02-05T02:28:02.000000;a5f7efda-f9df-47de-9730-1a396e2449ca;387.94;0.02;UNKNOWN
2016-02-05T02:28:29.000000;2016-02-05T02:28:29.000000;efbdea24-fe98-4d0b-a21d-fef8bd7cfd45;387.94;0.02;UNKNOWN
2016-02-05T02:28:40.000000;2016-02-05T02:28:40.000000;15f5ec83-92fe-486a-87ba-6e12744aa0d0;387.94;0.12797985;UNKNOWN
2016-02-05T02:29:01.000000;2016-02-05T02:29:01.000000;78a1459d-d3ab-4043-8ddd-6888409b39b4;387.94;0.02;UNKNOWN
2016-02-05T02:29:27.000000;2016-02-05T02:29:27.000000;a60cb09c-f38e-4ac5-bf4d-52f276a0a9cc;387.95;0.02817985;UNKNOWN
2016-02-05T02:29:27.000000;2016-02-05T02:29:27.000000;93c65f51-09ce-47e3-9393-94dac266a64b;387.94;1.19202015;UNKNOWN
2016-02-05T02:30:06.000000;2016-02-05T02:30:06.000000;58213d3b-72da-4e1b-9d30-97e3a1b0d2be;387.95;0.24936855;UNKNOWN
2016-02-05T02:30:54.000000;2016-02-05T02:30:54.000000;b8b589d6-19cb-4923-8d56-94f815597a2b;387.95;0.02;UNKNOWN
2016-02-05T02:30:55.000000;2016-02-05T02:30:55.000000;3e50a16e-be41-4806-bc86-1bfa10793207;387.95;0.02;UNKNOWN
2016-02-05T02:30:59.000000;2016-02-05T02:30:59.000000;a692dcc2-c36e-4e74-83fd-23aa0817aa12;387.95;5.0;UNKNOWN
2016-02-05T02:31:05.000000;2016-02-05T02:31:05.000000;5e36b688-1356-4e00-908a-c3634010f3be;387.94;0.02;UNKNOWN
2016-02-05T02:31:05.000000;2016-02-05T02:31:05.000000;66f73445-4009-4931-9b5e-d12c00bf5f98;387.94;0.13;UNKNOWN
2016-02-05T02:32:48.000000;2016-02-05T02:32:48.000000;ad0b4f42-fafc-4559-a071-e7f4d6549435;387.92;0.02;UNKNOWN
2016-02-05T02:35:06.000000;2016-02-05T02:35:06.000000;2ec74cee-b14d-4947-ab22-5a13622fafce;387.92;0.20423176;UNKNOWN
2016-02-05T02:35:06.000000;2016-02-05T02:35:06.000000;f73b1bd9-4ff3-4e1e-a9d7-1ed27a4bb3b8;387.92;0.76600999;UNKNOWN
2016-02-05T02:37:04.000000;2016-02-05T02:37:04.000000;30a79d02-f100-4d52-86df-575fdaae16f9;387.92;0.01509849;UNKNOWN
2016-02-05T02:38:05.000000;2016-02-05T02:38:05.000000;9b63942f-f105-4f16-a21c-f4b015634405;387.92;7.66421115;UNKNOWN
2016-02-05T02:41:00.000000;2016-02-05T02:41:00.000000;a402fbfe-c98f-4395-93fb-46802ca2a287;387.82;0.0171;UNKNOWN
2016-02-05T02:41:00.000000;2016-02-05T02:41:00.000000;c177412d-569d-4620-9e02-5a42b5bd07da;387.82;0.09;UNKNOWN
2016-02-05T02:41:05.000000;2016-02-05T02:41:05.000000;6dd4b31d-37b5-49e5-8443-2d547d2ac2bb;387.82;0.3529;UNKNOWN
2016-02-05T02:41:05.000000;2016-02-05T02:41:05.000000;189b40d3-9f57-4e90-a337-2299e160b72f;387.81;0.84381303;UNKNOWN
2016-02-05T02:41:23.000000;2016-02-05T02:41:23.000000;e23adde2-ff3a-499c-a6c5-9f86f83325d4;387.83;0.5;UNKNOWN
2016-02-05T02:41:23.000000;2016-02-05T02:41:23.000000;376cc1ac-bfee-4bf3-b8ea-e98e935ec5bd;387.82;4.73;UNKNOWN
2016-02-05T02:43:05.000000;2016-02-05T02:43:05.000000;70c232ce-30ae-439e-913d-5a782ea502ae;387.92;2.01;UNKNOWN
2016-02-05T02:43:06.000000;2016-02-05T02:43:06.000000;54c7cf06-31bf-4cf6-956d-6956dcbabf09;387.92;0.08;UNKNOWN
2016-02-05T02:43:12.000000;2016-02-05T02:43:12.000000;6045ec70-19dc-4434-87bb-2a55512d8bb1;387.92;0.1068;UNKNOWN
2016-02-05T02:45:05.000000;2016-02-05T02:45:05.000000;4cdfff1c-4258-4047-a972-3f9947bb1790;387.85;0.08784949;UNKNOWN
2016-02-05T02:45:16.000000;2016-02-05T02:45:16.000000;26643def-574b-4022-80ca-c68aff1fa875;387.86;0.1;UNKNOWN
2016-02-05T02:45:36.000000;2016-02-05T02:45:36.000000;bf169f74-8d1b-4e10-a45a-d1d7fc8d6eb9;387.86;0.98070578;UNKNOWN
2016-02-05T02:46:05.000000;2016-02-05T02:46:05.000000;e7916ce9-8f3f-4e13-9b67-777146cb1790;387.54;4.124;UNKNOWN
2016-02-05T02:46:05.000000;2016-02-05T02:46:05.000000;879e55af-75f6-4ecf-aca2-22380712fae2;387.85;0.32;UNKNOWN
2016-02-05T02:46:09.000000;2016-02-05T02:46:09.000000;d6e254c9-f497-4a8c-be36-6260fcf9d69c;387.5;0.01;UNKNOWN
2016-02-05T02:48:05.000000;2016-02-05T02:48:05.000000;cfaf54e0-1ade-4fe5-b7a0-cdb43f37c278;387.73;0.38342831;UNKNOWN
2016-02-05T02:48:06.000000;2016-02-05T02:48:06.000000;63157ee5-901b-45f8-a1c1-d34c3a471f39;387.73;0.38290644;UNKNOWN
2016-02-05T02:48:08.000000;2016-02-05T02:48:08.000000;3ff6a2fc-813b-45b6-a4c1-2db29f281dec;387.73;1.01;UNKNOWN
2016-02-05T02:50:09.000000;2016-02-05T02:50:09.000000;cc143365-0acb-409c-8084-da830291f858;387.82;4.0;UNKNOWN
2016-02-05T02:50:41.000000;2016-02-05T02:50:41.000000;ae4cb9c3-597f-43cf-9bef-ca3fd9039cc9;387.68;0.7;UNKNOWN
2016-02-05T02:51:31.000000;2016-02-05T02:51:31.000000;da550fd7-4965-4474-af6e-e4661c2b7a46;387.72;0.101;UNKNOWN
2016-02-05T02:51:44.000000;2016-02-05T02:51:44.000000;a3f559ae-8f13-450c-90bf-a5120db5b3a6;387.66;3.0;UNKNOWN
2016-02-05T02:51:44.000000;2016-02-05T02:51:44.000000;44584f2d-f1d3-4f58-97c4-2e0a36f387e5;387.65;0.5;UNKNOWN
2016-02-05T02:51:48.000000;2016-02-05T02:51:48.000000;d390a832-41a1-4191-9571-bafa63823699;387.72;0.262903;UNKNOWN
2016-02-05T02:52:24.000000;2016-02-05T02:52:24.000000;c63e1276-bf25-4c68-b994-1aa42d7a155f;387.51;6.4357;UNKNOWN
2016-02-05T02:52:24.000000;2016-02-05T02:52:24.000000;23987cb0-90fb-4659-943e-f91915e532fd;387.5;11.5643;UNKNOWN
2016-02-05T02:53:29.000000;2016-02-05T02:53:29.000000;433d5bb6-cae0-494b-bbbe-67189af36e7f;387.5;0.2033;UNKNOWN
2016-02-05T02:53:29.000000;2016-02-05T02:53:29.000000;d3c1a057-a7a8-4bfa-ac20-0d9a828e124e;387.5;0.1;UNKNOWN
2016-02-05T02:53:32.000000;2016-02-05T02:53:32.000000;15d74e20-688d-46cd-9d74-dcfad34e76b5;387.4;0.01;UNKNOWN
2016-02-05T02:54:20.000000;2016-02-05T02:54:20.000000;6f114e2a-b5b9-4895-9106-aadb82183b65;387.4;0.09;UNKNOWN
2016-02-05T02:55:03.000000;2016-02-05T02:55:03.000000;12f67e35-e736-49ad-9934-fe202b239c4e;387.22;0.7418;UNKNOWN
2016-02-05T02:55:03.000000;2016-02-05T02:55:03.000000;c48e0aa0-9452-4727-a434-01067c31baba;387.39;0.0582;UNKNOWN
2016-02-05T02:55:03.000000;2016-02-05T02:55:03.000000;676a9085-f6fd-4e80-881e-f54867595152;387.28;0.1;UNKNOWN
2016-02-05T02:55:03.000000;2016-02-05T02:55:03.000000;257444ad-d579-413c-b6cd-cd14996c1585;387.3;0.1;UNKNOWN
2016-02-05T02:55:05.000000;2016-02-05T02:55:05.000000;ba5f5505-b0d2-4add-9ab3-b0de36f399d1;387.41;0.738;UNKNOWN
2016-02-05T02:55:05.000000;2016-02-05T02:55:05.000000;98414b02-6d21-446f-b5fd-f6a16f7a5577;387.41;0.142;UNKNOWN
2016-02-05T02:56:30.000000;2016-02-05T02:56:30.000000;b9387e81-8d06-454b-b787-5f2b7f2ba0eb;387.78;0.98;UNKNOWN
2016-02-05T02:56:30.000000;2016-02-05T02:56:30.000000;59ae4866-4167-42de-a167-d38a08932722;387.5;0.02;UNKNOWN
2016-02-05T02:57:10.000000;2016-02-05T02:57:10.000000;cf52caa0-5d31-46a6-aa6c-326398388d11;387.45;5.852697;UNKNOWN
2016-02-05T03:00:06.000000;2016-02-05T03:00:06.000000;939f36dd-e297-46ab-9b7f-baf07af812f4;387.36;6.444;UNKNOWN
2016-02-05T03:00:06.000000;2016-02-05T03:00:06.000000;6d2f87f6-b790-4e06-b70b-fd1f48700e2e;387.35;2.85474;UNKNOWN
2016-02-05T03:03:01.000000;2016-02-05T03:03:01.000000;f92a8c1b-48aa-494f-b82b-2471db0cef1a;387.43;0.072;UNKNOWN
2016-02-05T03:03:01.000000;2016-02-05T03:03:01.000000;952818a4-ef4b-4413-854d-8d7077de79ac;387.43;0.5;UNKNOWN
2016-02-05T03:03:01.000000;2016-02-05T03:03:01.000000;0f6e6e77-188c-4ad7-864c-6552717cebea;387.43;1.96768253;UNKNOWN
2016-02-05T03:03:21.000000;2016-02-05T03:03:21.000000;9c546a0a-7263-44ae-b2e2-1ba9235f2ef8;387.2;0.1;UNKNOWN
2016-02-05T03:03:21.000000;2016-02-05T03:03:21.000000;188a8797-d099-4789-9e53-0e12965f774f;387.12;0.08;UNKNOWN
2016-02-05T03:03:21.000000;2016-02-05T03:03:21.000000;6817ae07-8cb3-4525-bfcc-5f239ddd8c16;387.25;0.0582;UNKNOWN
2016-02-05T03:03:21.000000;2016-02-05T03:03:21.000000;cd05232c-4ec9-4b2a-8d6f-6f5a85931caf;387.1;0.1;UNKNOWN
2016-02-05T03:03:21.000000;2016-02-05T03:03:21.000000;38dd3514-0dd9-428b-a65d-a47765b6150d;387.2;0.01;UNKNOWN
2016-02-05T03:03:35.000000;2016-02-05T03:03:35.000000;b65faad1-0950-4519-8772-7a19f5a8b63b;387.0;0.1;UNKNOWN
2016-02-05T03:04:06.000000;2016-02-05T03:04:06.000000;8b515c65-9b3a-4d15-8a55-28994ad383ca;387.0;0.5;UNKNOWN
2016-02-05T03:04:06.000000;2016-02-05T03:04:06.000000;6030893d-4c1b-4807-94a3-9b2b4ab81e66;387.0;0.01;UNKNOWN
2016-02-05T03:04:06.000000;2016-02-05T03:04:06.000000;7023f761-be66-4088-a6ab-efaf653d6403;387.0;0.2;UNKNOWN
2016-02-05T03:05:04.000000;2016-02-05T03:05:04.000000;4e19b9db-e593-4a59-ab24-0eb5f8663b63;386.9;0.01;UNKNOWN
2016-02-05T03:05:22.000000;2016-02-05T03:05:22.000000;8fb33b3a-02a5-46e8-b3ed-b387d36434c3;386.81;5.0;UNKNOWN
2016-02-05T03:05:28.000000;2016-02-05T03:05:28.000000;87fcdcc5-1aec-4f55-996c-d8a3f63e8a97;386.81;6.3984;UNKNOWN
2016-02-05T03:05:50.000000;2016-02-05T03:05:50.000000;4156cbee-c704-4dd0-8f7e-f547aa80d833;386.8;10.0;UNKNOWN
2016-02-05T03:06:15.000000;2016-02-05T03:06:15.000000;cd609cc7-c233-4e3e-a095-f07520763862;386.81;0.01;UNKNOWN
2016-02-05T03:06:15.000000;2016-02-05T03:06:15.000000;0e6e19bb-5e66-44c2-9fb9-bf51532bdf6e;386.8;5.0;UNKNOWN
2016-02-05T03:06:21.000000;2016-02-05T03:06:21.000000;1a374919-9f92-43b9-bd2c-71e11719db55;386.8;5.0;UNKNOWN
2016-02-05T03:06:28.000000;2016-02-05T03:06:28.000000;1c02c833-0379-403b-b81c-01f8a6a1f84c;386.8;0.01;UNKNOWN
2016-02-05T03:06:28.000000;2016-02-05T03:06:28.000000;4dd8286e-b661-466a-a961-0cf52cc90bec;386.8;2.15440449;UNKNOWN
2016-02-05T03:06:28.000000;2016-02-05T03:06:28.000000;8e9cd0c5-c294-412b-bc84-1b8edeb27283;386.8;0.01;UNKNOWN
2016-02-05T03:06:29.000000;2016-02-05T03:06:29.000000;dd191ab9-711a-461d-8664-d2592274e104;386.75;0.50507841;UNKNOWN
2016-02-05T03:06:40.000000;2016-02-05T03:06:40.000000;97c03d34-1aa6-4161-9e4f-c81d431c0888;386.76;0.01;UNKNOWN
2016-02-05T03:07:09.000000;2016-02-05T03:07:09.000000;8b5d1ae3-0afb-4522-9312-f4408b97f1b5;386.75;4.49492159;UNKNOWN
2016-02-05T03:07:09.000000;2016-02-05T03:07:09.000000;82ffbd45-ae31-4a89-909f-55e0aeff388a;386.75;0.1;UNKNOWN
2016-02-05T03:07:13.000000;2016-02-05T03:07:13.000000;75f5a511-2c39-4c02-ac12-835c2bc1ae2a;386.5;0.1713;UNKNOWN
2016-02-05T03:07:13.000000;2016-02-05T03:07:13.000000;cd4f7368-6598-4537-b0ba-0784d48b281c;386.6;0.01;UNKNOWN
2016-02-05T03:07:13.000000;2016-02-05T03:07:13.000000;0c424ed5-9919-4a55-b22d-3d13398404fe;386.7;0.06;UNKNOWN
2016-02-05T03:07:13.000000;2016-02-05T03:07:13.000000;2bd843d9-3286-42cb-9ca5-5985a5666242;386.2;0.5;UNKNOWN
2016-02-05T03:07:13.000000;2016-02-05T03:07:13.000000;aca60f89-eeb7-4f44-bd19-374487bccdb0;386.1;0.1;UNKNOWN
2016-02-05T03:07:13.000000;2016-02-05T03:07:13.000000;da6fc260-12f2-4cfb-866d-a4b3a8424934;386.7;0.01;UNKNOWN
2016-02-05T03:07:13.000000;2016-02-05T03:07:13.000000;ec0431c9-a978-4346-b826-b46a01197132;386.07;5.0;UNKNOWN
2016-02-05T03:07:13.000000;2016-02-05T03:07:13.000000;44d511e4-8a01-4bc9-a1fd-fed66ce30438;386.3;0.01;UNKNOWN
2016-02-05T03:07:13.000000;2016-02-05T03:07:13.000000;c64282e3-1e34-41a8-ae4f-585b54d99a03;386.13;0.26162382;UNKNOWN
2016-02-05T03:07:13.000000;2016-02-05T03:07:13.000000;5f374d80-0c65-40b3-80df-7127f1cf6ee2;386.2;0.01;UNKNOWN
2016-02-05T03:07:13.000000;2016-02-05T03:07:13.000000;dfa0a87a-8637-4c6c-9fa4-3d89c778dc4e;386.61;0.0218356;UNKNOWN
2016-02-05T03:07:13.000000;2016-02-05T03:07:13.000000;b4319271-028f-4f94-a6e2-c701f8da9059;386.5;0.01;UNKNOWN
2016-02-05T03:07:13.000000;2016-02-05T03:07:13.000000;2265ceec-6458-44f4-aede-7f32b4914fc8;386.7;0.01;UNKNOWN
2016-02-05T03:07:13.000000;2016-02-05T03:07:13.000000;3f9bcc80-09a8-4198-bee3-ed4a0fc4901b;386.4;0.01;UNKNOWN
2016-02-05T03:07:13.000000;2016-02-05T03:07:13.000000;6e042e23-0475-4ff9-93f7-2a466c82dc0c;386.4;0.01;UNKNOWN
2016-02-05T03:07:13.000000;2016-02-05T03:07:13.000000;e0d9c2d8-7fea-4a65-8202-f629640d7c61;386.2;0.01;UNKNOWN
2016-02-05T03:07:13.000000;2016-02-05T03:07:13.000000;d5246746-ef54-48d2-bffd-22f163f5015d;386.01;12.7025;UNKNOWN
2016-02-05T03:07:13.000000;2016-02-05T03:07:13.000000;f71739eb-c2b6-4380-8c99-98edb6cc16ea;386.61;0.0218356;UNKNOWN
2016-02-05T03:07:13.000000;2016-02-05T03:07:13.000000;a52024c8-573f-4782-861d-d9e50babb328;386.1;0.01;UNKNOWN
2016-02-05T03:07:13.000000;2016-02-05T03:07:13.000000;ba4103a8-987b-47f1-bb6c-7a48288d0bc1;386.19;0.09;UNKNOWN
2016-02-05T03:07:13.000000;2016-02-05T03:07:13.000000;c89e7ecc-b153-4127-8fbd-12a7748f4a6a;386.11;0.02116633;UNKNOWN
2016-02-05T03:07:13.000000;2016-02-05T03:07:13.000000;a4c830ae-282a-4f44-8091-5cbf2f656bb2;386.0;0.1;UNKNOWN
2016-02-05T03:07:13.000000;2016-02-05T03:07:13.000000;ccda6b81-7a3f-4eee-8cc7-b056daebeb31;386.0;0.77248553;UNKNOWN
2016-02-05T03:07:13.000000;2016-02-05T03:07:13.000000;6fd08202-4946-4fe6-ba94-9fc3ae031c7c;386.6;0.01;UNKNOWN
2016-02-05T03:07:13.000000;2016-02-05T03:07:13.000000;759579fa-dc9a-4420-8f20-347a30e5ec9a;386.65;1.0;UNKNOWN
2016-02-05T03:07:20.000000;2016-02-05T03:07:20.000000;b6a79909-ac5a-471a-8b1a-b55958fff573;385.61;12.0;UNKNOWN
2016-02-05T03:07:20.000000;2016-02-05T03:07:20.000000;7e78639b-ebbe-4130-9502-590ad4a8d4fc;385.9;0.0717;UNKNOWN
2016-02-05T03:07:20.000000;2016-02-05T03:07:20.000000;e9cc911a-e711-4046-b620-126794288d3c;385.7;0.01;UNKNOWN
2016-02-05T03:07:20.000000;2016-02-05T03:07:20.000000;018b165c-feac-490f-8244-9060fc411284;385.66;3.80372765;UNKNOWN
2016-02-05T03:07:20.000000;2016-02-05T03:07:20.000000;666f226f-a65e-4332-bc61-35907dd23284;385.81;0.9757;UNKNOWN
2016-02-05T03:07:20.000000;2016-02-05T03:07:20.000000;48a1e5c4-487e-4c02-88a8-4dbb3c92e011;385.67;1.25;UNKNOWN
2016-02-05T03:07:20.000000;2016-02-05T03:07:20.000000;26f60c2d-e027-4249-8719-8a902e1ba5d2;386.0;0.2;UNKNOWN
2016-02-05T03:07:20.000000;2016-02-05T03:07:20.000000;f1431c10-6eb2-48e1-944a-61ba8f0af159;385.9;0.01;UNKNOWN
2016-02-05T03:07:20.000000;2016-02-05T03:07:20.000000;5460c186-882d-4f18-9c88-89772ebadcb0;385.6;0.01;UNKNOWN
2016-02-05T03:07:20.000000;2016-02-05T03:07:20.000000;018efb73-0814-4204-9adc-34abe2ba6816;385.5;0.01;UNKNOWN
2016-02-05T03:07:20.000000;2016-02-05T03:07:20.000000;0f817906-a210-47af-8f10-0cee6ef42e43;385.6;9.91113023;UNKNOWN
2016-02-05T03:07:20.000000;2016-02-05T03:07:20.000000;88f3be8b-1355-4764-a824-60c84cd53192;385.67;0.0641;UNKNOWN
2016-02-05T03:07:20.000000;2016-02-05T03:07:20.000000;4ad8abb2-7930-464f-9681-fdeb5a731a8a;385.6;10.0435;UNKNOWN
2016-02-05T03:07:20.000000;2016-02-05T03:07:20.000000;189ee1db-8203-4f67-81bc-1ab1950d8c75;385.6;6.83766977;UNKNOWN
2016-02-05T03:07:20.000000;2016-02-05T03:07:20.000000;1a7f4b24-3872-4a42-b40c-4781862c26b5;386.0;0.2;UNKNOWN
2016-02-05T03:07:20.000000;2016-02-05T03:07:20.000000;5438a11f-d4e9-48ac-917e-5a666088e065;385.6;0.5;UNKNOWN
2016-02-05T03:07:20.000000;2016-02-05T03:07:20.000000;602e231b-1353-461d-97d7-f19c48c1cbc4;385.45;0.05;UNKNOWN
2016-02-05T03:07:20.000000;2016-02-05T03:07:20.000000;f6074602-f9d3-470a-bc3f-9c5291d09152;386.0;3.82751447;UNKNOWN
2016-02-05T03:07:20.000000;2016-02-05T03:07:20.000000;6fe5d9ef-f56a-462e-9067-e0d0b59c6742;385.6;0.01;UNKNOWN
2016-02-05T03:07:20.000000;2016-02-05T03:07:20.000000;83783842-9708-4573-acf6-230ad2b8fbf6;385.6;0.01;UNKNOWN
2016-02-05T03:07:20.000000;2016-02-05T03:07:20.000000;5e0e3638-0672-44e8-b904-05ffc6bc24ef;385.8;0.01;UNKNOWN
2016-02-05T03:07:20.000000;2016-02-05T03:07:20.000000;158e3526-0a53-46a0-a779-4b4dbc1a469a;385.55;7.0;UNKNOWN
2016-02-05T03:07:20.000000;2016-02-05T03:07:20.000000;c0efcf11-e6e6-4ff5-a45a-b9544090cc1c;385.74;2.7;UNKNOWN
2016-02-05T03:07:20.000000;2016-02-05T03:07:20.000000;e8d882af-9493-4798-910c-2424ba725112;386.0;10.0;UNKNOWN
2016-02-05T03:07:20.000000;2016-02-05T03:07:20.000000;a0001fd0-d497-4fe5-8049-7f7edbf64d6a;386.0;0.01;UNKNOWN
2016-02-05T03:07:20.000000;2016-02-05T03:07:20.000000;42540326-a205-4cae-b3bd-2dc2becd1fc4;385.41;11.07233023;UNKNOWN
2016-02-05T03:07:20.000000;2016-02-05T03:07:20.000000;85a846d7-d8b2-4da7-9632-bbe6ef2e1777;385.9;0.0889;UNKNOWN
2016-02-05T03:07:20.000000;2016-02-05T03:07:20.000000;016696f2-75dc-4f73-9252-9ef4ff05be41;385.8;0.01;UNKNOWN
2016-02-05T03:07:20.000000;2016-02-05T03:07:20.000000;14c8f557-59be-4719-8a02-37d205970ec2;386.0;1.0;UNKNOWN
2016-02-05T03:07:20.000000;2016-02-05T03:07:20.000000;b53ad6dc-ccf8-4759-a1c5-5aaba390ff11;385.73;3.80372765;UNKNOWN
2016-02-05T03:07:20.000000;2016-02-05T03:07:20.000000;41674a43-9f3e-4fbf-8c8d-971441bea18b;385.62;35.0;UNKNOWN
2016-02-05T03:07:20.000000;2016-02-05T03:07:20.000000;65475a2a-08e0-4eae-9218-30b8343e891b;386.0;0.3;UNKNOWN
2016-02-05T03:07:20.000000;2016-02-05T03:07:20.000000;e047e0bd-6bb6-4761-84dd-7e1aec4b8dae;386.0;0.01;UNKNOWN
2016-02-05T03:07:21.000000;2016-02-05T03:07:21.000000;466a9e18-1ae5-4f80-81ac-1eeb61bcf41a;386.01;10.0;UNKNOWN
2016-02-05T03:07:25.000000;2016-02-05T03:07:25.000000;4e202cb1-11d9-438c-9080-0e4563a5b6d4;386.4;0.01;UNKNOWN
2016-02-05T03:08:08.000000;2016-02-05T03:08:08.000000;604d2a23-6b84-4e79-921a-2f2d940b6ece;386.07;0.30674094;UNKNOWN
2016-02-05T03:08:09.000000;2016-02-05T03:08:09.000000;4c077d84-fbd5-4410-ad06-7d04ea2ced8e;386.07;0.3502;UNKNOWN
2016-02-05T03:08:24.000000;2016-02-05T03:08:24.000000;f273c5f4-22dd-40d3-bf35-39c52226e85f;386.05;0.0798;UNKNOWN
2016-02-05T03:08:33.000000;2016-02-05T03:08:33.000000;f83495fe-3e7f-4d77-adc5-9d3480e1932e;386.03;0.01;UNKNOWN
2016-02-05T03:08:39.000000;2016-02-05T03:08:39.000000;e1442ad6-2412-49bd-9d64-db787fffb9d5;386.05;0.3535;UNKNOWN
2016-02-05T03:08:50.000000;2016-02-05T03:08:50.000000;23b74ec0-74e8-4527-bc7d-b35a53d56834;385.79;7.33562746;UNKNOWN
2016-02-05T03:08:57.000000;2016-02-05T03:08:57.000000;fdcfa445-8383-479b-8288-f722d974caab;386.01;3.28;UNKNOWN
2016-02-05T03:08:59.000000;2016-02-05T03:08:59.000000;1e6c2aca-d985-4fb5-a092-cde17f0edc1a;386.0;12.0;UNKNOWN
2016-02-05T03:08:59.000000;2016-02-05T03:08:59.000000;0af76dc6-ed46-4b79-b14e-af8c1f43238b;385.79;3.76499999;UNKNOWN
2016-02-05T03:08:59.000000;2016-02-05T03:08:59.000000;38e667f2-0850-496e-b152-a3ce84782ce0;385.73;5.76291301;UNKNOWN
2016-02-05T03:08:59.000000;2016-02-05T03:08:59.000000;7c35569c-6700-49f3-be44-2601708eee3e;385.79;3.80179952;UNKNOWN
2016-02-05T03:09:04.000000;2016-02-05T03:09:04.000000;5f54af99-dff0-4d47-b395-ca0d7f34c76e;385.69;0.1;UNKNOWN
2016-02-05T03:09:04.000000;2016-02-05T03:09:04.000000;5fe16875-bded-4e94-8609-df0dc4e0b8f9;386.04;0.05;UNKNOWN
2016-02-05T03:09:12.000000;2016-02-05T03:09:12.000000;0e15eb7a-f097-4e5d-ae4b-39a65cd8b6c3;386.01;0.3506;UNKNOWN
2016-02-05T03:09:22.000000;2016-02-05T03:09:22.000000;9af9764a-9cf4-4bd8-8ca8-90b8b53d16d9;385.78;1.0;UNKNOWN
2016-02-05T03:10:05.000000;2016-02-05T03:10:05.000000;ac5a1ccd-5d36-429a-88a2-1e75cc9104e0;385.93;2.56844917;UNKNOWN
2016-02-05T03:10:06.000000;2016-02-05T03:10:06.000000;ac40b91d-3b0e-4872-9ded-b41323dedccb;386.0;0.9091;UNKNOWN
2016-02-05T03:10:06.000000;2016-02-05T03:10:06.000000;a98ab77a-7bfb-4756-b7d7-15cdf43ab6cf;386.06;1.7769;UNKNOWN
2016-02-05T03:10:07.000000;2016-02-05T03:10:07.000000;0cc09f60-e99c-41cc-b2bd-dc36ea71a67c;386.06;2.61108837;UNKNOWN
2016-02-05T03:10:30.000000;2016-02-05T03:10:30.000000;d3297a4d-60b2-47b7-a1a4-8582ac14b09a;386.05;0.4;UNKNOWN
2016-02-05T03:10:36.000000;2016-02-05T03:10:36.000000;825020a1-f129-4321-970b-2758ec7caa3d;385.74;0.55559139;UNKNOWN
2016-02-05T03:10:36.000000;2016-02-05T03:10:36.000000;c1ade376-7ed0-4de4-be8f-7f5c06299697;386.05;0.5;UNKNOWN
2016-02-05T03:11:22.000000;2016-02-05T03:11:22.000000;ab885b34-c4bd-4c4f-8fe0-cee5ad99a102;386.06;0.3607;UNKNOWN
2016-02-05T03:11:54.000000;2016-02-05T03:11:54.000000;be631ceb-aa2e-4bb8-84fe-7e89e9d0a4f4;386.04;0.5;UNKNOWN
2016-02-05T03:11:57.000000;2016-02-05T03:11:57.000000;3176d750-6d93-4157-a450-4ce876140e09;386.05;0.01;UNKNOWN
2016-02-05T03:12:42.000000;2016-02-05T03:12:42.000000;72246c2d-1481-48df-a4bd-181846d5c609;385.72;3.8018477;UNKNOWN
2016-02-05T03:12:42.000000;2016-02-05T03:12:42.000000;b6ad0952-c7c8-4296-b67e-64c3b6e70a10;385.72;0.3981523;UNKNOWN
2016-02-05T03:12:42.000000;2016-02-05T03:12:42.000000;7bba8135-6fd4-4e81-b5cf-fa3ec0efbb99;386.04;0.2;UNKNOWN
2016-02-05T03:13:05.000000;2016-02-05T03:13:05.000000;545234e0-3e01-4c8a-ac79-4b1557b5b0ce;385.55;0.83126618;UNKNOWN
2016-02-05T03:13:05.000000;2016-02-05T03:13:05.000000;9f00ed5c-175c-4fd7-a718-d7501c6bc158;385.64;0.1128;UNKNOWN
2016-02-05T03:13:05.000000;2016-02-05T03:13:05.000000;ac4e2521-07af-48e5-ad7c-f957f4d50238;385.64;0.0792;UNKNOWN
2016-02-05T03:13:05.000000;2016-02-05T03:13:05.000000;1268ec18-ca3a-4893-8886-b52523edd1d8;385.65;0.01;UNKNOWN
2016-02-05T03:13:06.000000;2016-02-05T03:13:06.000000;11961fd7-1d20-4f13-9953-a1f9a172377a;385.95;0.30771574;UNKNOWN
2016-02-05T03:13:07.000000;2016-02-05T03:13:07.000000;734f4863-d1db-4019-97f1-3d7c70efbbe4;385.94;3.84433814;UNKNOWN
2016-02-05T03:13:10.000000;2016-02-05T03:13:10.000000;64caef86-5d1d-4310-93af-c09a43610c14;385.55;0.3;UNKNOWN
2016-02-05T03:13:16.000000;2016-02-05T03:13:16.000000;a0663db3-dc33-4342-be5d-02bef95e6a84;385.9;3.0;UNKNOWN
2016-02-05T03:13:20.000000;2016-02-05T03:13:20.000000;758f84fd-3529-43c9-a807-101cd5d61f80;385.87;0.5;UNKNOWN
2016-02-05T03:13:23.000000;2016-02-05T03:13:23.000000;dd1a2a12-bab0-45e9-92db-690f4b3887c4;385.83;0.5;UNKNOWN
2016-02-05T03:13:26.000000;2016-02-05T03:13:26.000000;f39ab23a-5136-4318-947c-61d7b4d3aa45;385.55;7.502;UNKNOWN
2016-02-05T03:13:28.000000;2016-02-05T03:13:28.000000;c90fcd75-321f-40e7-99d5-2720fe96ee26;385.81;0.5;UNKNOWN
2016-02-05T03:13:32.000000;2016-02-05T03:13:32.000000;1ab71c5a-d7ee-4ca7-ad71-b6deafcad8b9;385.78;0.5;UNKNOWN
2016-02-05T03:13:42.000000;2016-02-05T03:13:42.000000;382b5eb5-cd5e-4b37-bce2-db2ec501db5d;385.74;0.5;UNKNOWN
2016-02-05T03:14:26.000000;2016-02-05T03:14:26.000000;fa6005c8-c3db-4340-b80d-cb5abbe4810e;385.98;2.4769;UNKNOWN
2016-02-05T03:14:26.000000;2016-02-05T03:14:26.000000;dc8aca32-b19c-4e72-ad9c-5969a3a451b3;385.97;0.5;UNKNOWN
2016-02-05T03:14:41.000000;2016-02-05T03:14:41.000000;bd629729-de01-4990-b732-523120954fa5;386.01;6.4656;UNKNOWN
2016-02-05T03:14:41.000000;2016-02-05T03:14:41.000000;8f615c11-4a60-49c1-870f-47ba3dc30bba;386.0;1.0;UNKNOWN
2016-02-05T03:14:41.000000;2016-02-05T03:14:41.000000;54444193-ecd4-4104-95b6-775e5396d00a;385.97;0.5;UNKNOWN
2016-02-05T03:14:41.000000;2016-02-05T03:14:41.000000;1ff3aede-1050-44c2-b8f8-5363b4dfbc38;386.02;6.0;UNKNOWN
2016-02-05T03:14:41.000000;2016-02-05T03:14:41.000000;73fbcb32-84bc-4965-bfc8-a7478084e76f;385.98;0.5231;UNKNOWN
2016-02-05T03:14:41.000000;2016-02-05T03:14:41.000000;c79fc62e-ec0d-47f5-bbfd-79814c3a60e8;386.06;0.5313;UNKNOWN
2016-02-05T03:14:57.000000;2016-02-05T03:14:57.000000;26e3d12d-8da4-4037-8e4f-c350cc67b526;386.06;0.2;UNKNOWN
2016-02-05T03:15:04.000000;2016-02-05T03:15:04.000000;9afd3461-fe7f-4ff6-913b-10ac30a0dc1e;386.05;0.1;UNKNOWN
2016-02-05T03:15:05.000000;2016-02-05T03:15:05.000000;90d6330c-8b29-466d-9816-4d6fd4bd9a6f;386.05;0.76886763;UNKNOWN
2016-02-05T03:15:06.000000;2016-02-05T03:15:06.000000;a7e1f683-1f52-4073-8835-05ceb0964af0;386.06;0.1;UNKNOWN
2016-02-05T03:15:06.000000;2016-02-05T03:15:06.000000;c7de7044-29d6-40a3-88b3-cd24e60224e1;386.06;4.48216763;UNKNOWN
2016-02-05T03:15:06.000000;2016-02-05T03:15:06.000000;8d5cb2cc-1d0d-4143-8242-5f5b5dc137ca;386.05;5.51783237;UNKNOWN
2016-02-05T03:15:07.000000;2016-02-05T03:15:07.000000;a9bcfdce-3a78-41b0-9ca7-e621ed2f7e81;386.06;0.0987631;UNKNOWN
2016-02-05T03:15:10.000000;2016-02-05T03:15:10.000000;5acdf146-740a-4902-9309-e2c8fac96d64;386.06;1.6;UNKNOWN
2016-02-05T03:15:57.000000;2016-02-05T03:15:57.000000;a976ed8d-2a48-4691-aa8a-4fbe19efe005;386.05;0.8;UNKNOWN
2016-02-05T03:16:02.000000;2016-02-05T03:16:02.000000;2f53f437-8b5e-46b8-9ccb-d28473136ef7;386.06;5.23;UNKNOWN
2016-02-05T03:16:13.000000;2016-02-05T03:16:13.000000;3effa4b1-c754-4111-b7f9-490cd0e8fdc7;386.06;0.4236;UNKNOWN
2016-02-05T03:16:42.000000;2016-02-05T03:16:42.000000;95bb327c-5613-49ac-b8d1-684f54aeaff0;386.05;0.3556;UNKNOWN
2016-02-05T03:17:09.000000;2016-02-05T03:17:09.000000;9a57142c-8f7a-41d2-af6f-350a6d02db6f;385.99;0.3656;UNKNOWN
2016-02-05T03:17:51.000000;2016-02-05T03:17:51.000000;989d42be-ebed-4b2f-9552-fc4f9415f223;385.2;0.01;UNKNOWN
2016-02-05T03:17:51.000000;2016-02-05T03:17:51.000000;d0f5f25f-3f64-4063-8873-d2fdbdb61943;385.22;16.6828;UNKNOWN
2016-02-05T03:17:51.000000;2016-02-05T03:17:51.000000;44b07c3c-2b15-4c92-ab35-a6b3bdb22ca6;385.2;0.01;UNKNOWN
2016-02-05T03:17:51.000000;2016-02-05T03:17:51.000000;6dc7c5d0-2cce-41dd-b211-171cd63a3134;385.65;0.81;UNKNOWN
2016-02-05T03:17:51.000000;2016-02-05T03:17:51.000000;7a6fd64d-114b-4e98-b99f-6c586c39c999;385.56;0.5;UNKNOWN
2016-02-05T03:17:51.000000;2016-02-05T03:17:51.000000;dd9d7848-656a-4adb-83ae-f34842549ecc;385.5;5.0;UNKNOWN
2016-02-05T03:17:51.000000;2016-02-05T03:17:51.000000;a28f2495-6be5-49f7-8024-a2efc9192cd9;385.64;0.1128;UNKNOWN
2016-02-05T03:17:51.000000;2016-02-05T03:17:51.000000;4c9e6eac-acac-4ed7-a614-cb98e442ff09;385.56;3.0;UNKNOWN
2016-02-05T03:17:51.000000;2016-02-05T03:17:51.000000;275f08fe-00b6-45cf-a00e-9576ffdbe7f6;385.29;0.1;UNKNOWN
2016-02-05T03:17:51.000000;2016-02-05T03:17:51.000000;211e7f3c-2d55-4b6e-8509-799325515b59;385.41;6.00266977;UNKNOWN
2016-02-05T03:17:51.000000;2016-02-05T03:17:51.000000;50687f0f-43f2-4c0a-a6ef-ec9c3d9cb67e;385.27;0.02210879;UNKNOWN
2016-02-05T03:17:51.000000;2016-02-05T03:17:51.000000;32414dce-c7ae-4aa5-9e57-af0f9de9d00d;385.64;0.0792;UNKNOWN
2016-02-05T03:17:51.000000;2016-02-05T03:17:51.000000;2a0943f7-b196-47f4-a5b3-5f6f84ef9f29;385.4;0.01;UNKNOWN
2016-02-05T03:17:51.000000;2016-02-05T03:17:51.000000;4ffbc0a0-b444-4bd1-b436-b44ff445608a;385.3;0.01;UNKNOWN
2016-02-05T03:17:51.000000;2016-02-05T03:17:51.000000;b8ec4665-e669-4127-a264-e67b8554df9a;385.4;0.01;UNKNOWN
2016-02-05T03:17:51.000000;2016-02-05T03:17:51.000000;57ba259e-a183-4de0-81dd-d94f48291273;385.55;14.2723;UNKNOWN
2016-02-05T03:17:51.000000;2016-02-05T03:17:51.000000;49155f8d-57f3-4029-99a0-d4188a9baf98;385.24;50.0;UNKNOWN
2016-02-05T03:17:59.000000;2016-02-05T03:17:59.000000;fea89783-6a8d-41da-82e8-7e6b3c52206a;385.13;0.37;UNKNOWN
2016-02-05T03:17:59.000000;2016-02-05T03:17:59.000000;527a95de-8d0e-4b00-a954-c2bc999df1bc;385.12;0.63;UNKNOWN
2016-02-05T03:18:00.000000;2016-02-05T03:18:00.000000;827090b3-cdd1-4323-ae2f-a87cbb855065;385.19;0.01;UNKNOWN
2016-02-05T03:18:00.000000;2016-02-05T03:18:00.000000;1afcf032-ad19-42d0-b125-8062bb01aa60;385.19;0.02;UNKNOWN
2016-02-05T03:18:01.000000;2016-02-05T03:18:01.000000;05eda9ae-b1d7-4b13-9a19-2652e3863463;385.19;0.01;UNKNOWN
2016-02-05T03:18:05.000000;2016-02-05T03:18:05.000000;4c6c4b59-88a4-41ea-8838-efb70dfe7923;385.12;0.51;UNKNOWN
2016-02-05T03:18:05.000000;2016-02-05T03:18:05.000000;323329e3-9096-4706-9d8d-0b5ba92602f5;385.14;0.37;UNKNOWN
2016-02-05T03:18:15.000000;2016-02-05T03:18:15.000000;3536a497-f298-47a0-990c-472de1b5fa59;385.19;0.3513;UNKNOWN
