time_exchange;time_coinpai;guid;price;base_amount;taker_side
2016-02-05T00:00:01.433000;2016-02-05T00:00:01.360000;9fa9aab7-ad25-42b9-82e2-2aead7675ca4;387.99;0.01;BUY
2016-02-05T00:01:01.703000;2016-02-05T00:01:01.627000;663b5016-70e5-4fcd-ba78-e144025bd427;387.99;0.01;BUY
2016-02-05T00:02:01.227000;2016-02-05T00:02:01.157000;1574311c-b4af-4e19-993b-d20ef2c3a406;387.98;0.012;SELL
2016-02-05T00:02:01.227000;2016-02-05T00:02:01.173000;583d474e-186b-4f74-bed7-62f4cbaa788b;387.97;0.1;SELL
2016-02-05T00:02:01.227000;2016-02-05T00:02:01.173000;fe4f3807-1934-4b60-aa66-48d361161bf2;387.96;0.091;SELL
2016-02-05T00:02:01.227000;2016-02-05T00:02:01.173000;c2d4c1b4-0893-4d1e-a6e9-8fa69277af85;387.95;0.01263277;SELL
2016-02-05T00:02:01.227000;2016-02-05T00:02:01.173000;6a9d2a7a-c7a6-49bb-82cc-dae682687a23;387.95;0.083;SELL
2016-02-05T00:02:01.230000;2016-02-05T00:02:01.267000;2f4d46ba-4775-4a89-b2f3-4f46e494fb5a;387.93;0.098;SELL
2016-02-05T00:02:01.230000;2016-02-05T00:02:01.267000;cedfc03f-bc04-45fe-a6ec-f22182fc5eda;387.9;0.099;SELL
2016-02-05T00:02:01.230000;2016-02-05T00:02:01.267000;2533df7e-1b9c-4c59-8395-1864b021b163;387.87;0.074;SELL
2016-02-05T00:02:01.230000;2016-02-05T00:02:01.267000;d7619f26-a834-40df-80ff-283ce312ec1f;387.84;0.112;SELL
2016-02-05T00:02:01.230000;2016-02-05T00:02:01.267000;f744feb1-c927-4391-92ef-b7a6a7c6fd43;387.81;0.096;SELL
2016-02-05T00:02:01.230000;2016-02-05T00:02:01.267000;d9236be2-4436-452a-ae78-5c5eb89ae3d6;387.78;0.081;SELL
2016-02-05T00:02:01.230000;2016-02-05T00:02:01.267000;52ef785b-6fad-4840-8d20-1628def4edd7;387.77;0.085;SELL
2016-02-05T00:02:01.230000;2016-02-05T00:02:01.267000;d87e9efb-1538-4697-a8cd-0647b9c5c5f1;387.74;0.104;SELL
2016-02-05T00:02:01.230000;2016-02-05T00:02:01.267000;a82d807a-d46c-409c-abc8-6053c6d706a5;387.73;0.01;SELL
2016-02-05T00:02:01.230000;2016-02-05T00:02:01.267000;e3ac1b36-93a9-4864-a879-5443cea90885;387.71;0.078;SELL
2016-02-05T00:02:01.230000;2016-02-05T00:02:01.267000;e7b6b555-1ed5-40c9-beac-dad66cd242c5;387.68;0.118;SELL
2016-02-05T00:02:01.230000;2016-02-05T00:02:01.267000;d0677cdd-9d1c-42ee-9b97-f07600e1bcf1;387.65;0.089;SELL
2016-02-05T00:02:01.230000;2016-02-05T00:02:01.267000;39abea2e-bfd2-473f-89ac-d7f5d2444cde;387.62;0.116;SELL
2016-02-05T00:02:01.230000;2016-02-05T00:02:01.267000;b90e38fd-181a-42b3-b6d5-08726a3f7991;387.59;0.118;SELL
2016-02-05T00:02:01.230000;2016-02-05T00:02:01.267000;ddae79fe-22bb-4931-95a8-af42eb8f0577;387.57;0.01;SELL
2016-02-05T00:02:01.230000;2016-02-05T00:02:01.267000;37c7ed22-3314-4455-bda9-d4e046bf9389;387.56;0.092;SELL
2016-02-05T00:02:01.233000;2016-02-05T00:02:01.267000;60b58b1d-11f4-4e5a-a01f-3bb589dfda20;387.54;0.015;SELL
2016-02-05T00:02:01.233000;2016-02-05T00:02:01.267000;d9d7f77a-f1b1-459e-ba06-3d8197ab6d47;387.53;0.015;SELL
2016-02-05T00:02:01.233000;2016-02-05T00:02:01.267000;b57b1eca-d2c4-4e01-9b64-293903c304ff;387.53;0.103;SELL
2016-02-05T00:02:01.233000;2016-02-05T00:02:01.267000;a6cbce29-f664-4d74-889e-12dac43ca2f1;387.52;0.014;SELL
2016-02-05T00:02:01.233000;2016-02-05T00:02:01.267000;4ad54e7a-5f61-4917-9edb-265d615f32ea;387.52;0.02;SELL
2016-02-05T00:02:01.233000;2016-02-05T00:02:01.267000;b7f3d5b0-0aff-40bb-9cbe-69b10aef553a;387.51;0.01;SELL
2016-02-05T00:02:01.233000;2016-02-05T00:02:01.267000;84674a8a-1998-4cab-ad22-aba683ab0818;387.51;0.015;SELL
2016-02-05T00:02:01.233000;2016-02-05T00:02:01.267000;ca9d540d-feb7-4af8-8e41-8b5e9d2ae1b3;387.5;0.089;SELL
2016-02-05T00:02:01.233000;2016-02-05T00:02:01.267000;8185e4fb-42ad-40c5-ba29-32efd7619114;387.49;0.01;SELL
2016-02-05T00:02:01.233000;2016-02-05T00:02:01.267000;53c58a03-4f0f-4ac4-afd4-79cddb991b66;387.49;0.014;SELL
2016-02-05T00:02:01.233000;2016-02-05T00:02:01.267000;ee8d7c85-e5f3-4a2e-9ccd-a47ae824a788;387.49;1.0;SELL
2016-02-05T00:02:01.233000;2016-02-05T00:02:01.267000;b8e5fdf3-7333-4460-a12b-e12b28c84bf8;387.47;0.103;SELL
2016-02-05T00:02:01.233000;2016-02-05T00:02:01.267000;33c89303-7a0d-4239-b154-e801551b6bec;387.44;0.105;SELL
2016-02-05T00:02:01.233000;2016-02-05T00:02:01.267000;55565926-0132-4596-8cc0-c63756ac6aab;387.36;0.75;SELL
2016-02-05T00:02:01.233000;2016-02-05T00:02:01.267000;b38a3bb0-fdcc-4576-baf9-e7a43b1ac369;387.35;0.6075;SELL
2016-02-05T00:02:01.233000;2016-02-05T00:02:01.283000;cbb17eec-7987-42cd-b25a-8aa0b81531db;387.35;0.3;SELL
2016-02-05T00:02:01.237000;2016-02-05T00:02:01.360000;3ec45d51-c4c4-4d0f-a7c6-90f0bfbe01cf;387.34;0.010025;SELL
2016-02-05T00:02:01.237000;2016-02-05T00:02:01.360000;e82513c6-15a4-4d98-b34c-38ce7a229d0f;387.34;2.044;SELL
2016-02-05T00:02:01.237000;2016-02-05T00:02:01.360000;d3f7f93f-c581-42e4-8bb7-7dd844badb86;387.31;0.018;SELL
2016-02-05T00:02:01.237000;2016-02-05T00:02:01.360000;e9b41aae-ec47-442e-98db-076c1c4f90d3;387.3;0.014;SELL
2016-02-05T00:02:01.237000;2016-02-05T00:02:01.360000;554894a2-f98c-41b1-bd33-f138842d514f;387.3;0.018;SELL
2016-02-05T00:02:01.237000;2016-02-05T00:02:01.360000;be081787-73d4-4634-8c8f-370ec45f8f0a;387.3;0.01;SELL
2016-02-05T00:02:01.237000;2016-02-05T00:02:01.360000;8aa85b70-b854-4a90-8ac2-80861d9087df;387.29;0.018;SELL
2016-02-05T00:02:01.237000;2016-02-05T00:02:01.360000;08e8aa3c-b755-4060-aa66-1e6f127faaa3;387.27;0.014;SELL
2016-02-05T00:02:01.237000;2016-02-05T00:02:01.360000;8b9c8c4d-ef8c-4dc6-b16d-688d4202b7e7;387.27;0.017;SELL
2016-02-05T00:02:01.237000;2016-02-05T00:02:01.360000;696e65c5-997b-4194-a82e-b3de0a401ee6;387.26;0.018;SELL
2016-02-05T00:02:01.237000;2016-02-05T00:02:01.360000;c219b93e-5512-4567-a0ff-cb154e4bd570;387.26;0.017;SELL
2016-02-05T00:02:01.237000;2016-02-05T00:02:01.360000;01f96ec8-47cb-4db1-a793-4f36707349e7;387.26;0.15;SELL
2016-02-05T00:02:01.237000;2016-02-05T00:02:01.360000;36766b99-bf36-4f09-92e2-3d15189eaff2;387.25;0.014;SELL
2016-02-05T00:02:01.237000;2016-02-05T00:02:01.360000;15c851a4-8fbd-4d9e-88ef-f710a024a273;387.25;0.017;SELL
2016-02-05T00:02:01.237000;2016-02-05T00:02:01.360000;de6d971c-1d34-4785-8eac-f49a05d77106;387.24;0.6;SELL
2016-02-05T00:02:01.237000;2016-02-05T00:02:01.360000;440ef40b-a45b-4057-8c5b-299320f5e52f;387.23;0.017;SELL
2016-02-05T00:02:01.240000;2016-02-05T00:02:01.360000;cd94cdb6-d86c-4995-9d96-413d1f8bbf82;387.22;1.05;SELL
2016-02-05T00:02:01.240000;2016-02-05T00:02:01.360000;a0c0f525-9b64-45cb-b4a4-42030f02aacc;387.21;0.017;SELL
2016-02-05T00:02:01.240000;2016-02-05T00:02:01.360000;f3295385-275b-4f41-8322-60cccdde5c1c;387.15;2.55;SELL
2016-02-05T00:02:01.240000;2016-02-05T00:02:01.360000;1d396ab9-2332-401d-ad5a-512a694e3168;387.14;0.011;SELL
2016-02-05T00:02:01.240000;2016-02-05T00:02:01.360000;36c59e4d-09fb-4ee8-ad86-0df85a01ed4f;387.14;0.016;SELL
2016-02-05T00:02:01.240000;2016-02-05T00:02:01.360000;68b7ce4f-3556-44c5-91be-aa63066650f5;387.14;3.0;SELL
2016-02-05T00:02:01.240000;2016-02-05T00:02:01.360000;6183aa06-dce3-4461-9842-8e3adbdf2cff;387.13;0.016;SELL
2016-02-05T00:02:01.240000;2016-02-05T00:02:01.360000;33a605b9-886f-47fd-a8a4-9471860fc38c;387.13;3.3;SELL
2016-02-05T00:02:01.240000;2016-02-05T00:02:01.360000;10d6e7dd-84ae-4a01-9b7f-a220eff7692b;387.12;0.016;SELL
2016-02-05T00:02:01.240000;2016-02-05T00:02:01.360000;9781f625-0d52-49ff-bffa-3cc3d55acce9;387.12;3.15;SELL
2016-02-05T00:02:01.240000;2016-02-05T00:02:01.360000;c2600ee3-de48-4f49-a3b8-145e343084ec;387.11;0.011;SELL
2016-02-05T00:02:01.240000;2016-02-05T00:02:01.360000;ec52d37b-fe98-429f-a881-e00aa186e0a5;387.11;3.15;SELL
2016-02-05T00:02:01.240000;2016-02-05T00:02:01.360000;d39549ba-273d-4821-9d9b-27bae1005b84;387.1;0.016;SELL
2016-02-05T00:02:01.240000;2016-02-05T00:02:01.360000;d4aba8db-abf3-4b88-b501-9ae66a5356bd;387.1;0.015;SELL
2016-02-05T00:02:01.240000;2016-02-05T00:02:01.360000;eb821cf3-efa4-46d5-9b53-3d51e265ef1a;387.1;0.73257223;SELL
2016-02-05T00:02:01.700000;2016-02-05T00:02:01.627000;0ce89110-7423-4108-abfe-d3436e36969d;387.99;0.01;BUY
2016-02-05T00:02:31.033000;2016-02-05T00:02:30.957000;4f742cee-02af-4044-818a-d3ed2cfa4673;387.81;0.21348;BUY
2016-02-05T00:02:39.467000;2016-02-05T00:02:39.393000;8a75fecb-3754-47a4-86b9-6d1557edc37b;387.8;0.01263809;SELL
2016-02-05T00:02:41.673000;2016-02-05T00:02:41.610000;b6d87ce4-47c7-41fe-9191-e6ccf1d4c8a8;387.76;0.01;SELL
2016-02-05T00:02:41.673000;2016-02-05T00:02:41.610000;7be13eaf-c5b1-465e-b5fc-076b37918da1;387.76;0.01;SELL
2016-02-05T00:02:41.673000;2016-02-05T00:02:41.610000;524ccffc-b8a4-4a97-8e41-9f8eab227bbd;387.75;0.01263809;SELL
2016-02-05T00:02:48.560000;2016-02-05T00:02:48.487000;cbd74a75-a8bf-4b16-99f2-1a8f814f1721;387.61;0.01;SELL
2016-02-05T00:02:48.560000;2016-02-05T00:02:48.487000;cce34bed-0e61-4288-b4b7-009e87846ffb;387.6;0.01;SELL
2016-02-05T00:02:51.007000;2016-02-05T00:02:50.923000;91cbaacf-8b57-4c97-9a6f-51bf878356fd;387.59;0.0712826;SELL
2016-02-05T00:02:51.007000;2016-02-05T00:02:50.940000;0b2d8aaa-448d-4667-b52e-90b1eb877710;387.59;0.13367792;SELL
2016-02-05T00:02:55.537000;2016-02-05T00:02:55.457000;2bbb23b3-4f16-41fc-9a0e-279e17bff3cf;387.56;0.01;SELL
2016-02-05T00:02:55.537000;2016-02-05T00:02:55.457000;64e9bdf2-4ee4-4e0b-acbc-b7f56cd103d4;387.56;0.01;SELL
2016-02-05T00:02:57.840000;2016-02-05T00:02:57.767000;4f6affd7-6934-4419-ae9a-5639d49bf05a;387.56;0.02;BUY
2016-02-05T00:03:01.053000;2016-02-05T00:03:00.987000;257ac33b-e95f-4551-b633-8d183332a1d2;387.55;0.01263809;SELL
2016-02-05T00:03:01.053000;2016-02-05T00:03:00.987000;410d8e46-b361-4ccc-941a-17a882b3ebd0;387.52;0.01;SELL
2016-02-05T00:03:01.053000;2016-02-05T00:03:00.987000;3ccd6cb5-57ef-40c1-bdb8-598022fafa9b;387.46;0.01;SELL
2016-02-05T00:03:01.053000;2016-02-05T00:03:01.003000;e7049004-f346-4783-b3bd-c9fa98ad635e;387.44;0.12;SELL
2016-02-05T00:03:01.053000;2016-02-05T00:03:01.003000;80e5d0ae-2e87-4541-876a-3d881ac5858f;387.41;0.01353191;SELL
2016-02-05T00:03:01.710000;2016-02-05T00:03:01.627000;a4c90537-2afb-479c-8156-fe5aff28d9c9;387.55;0.01;BUY
2016-02-05T00:03:31.203000;2016-02-05T00:03:31.127000;74828f72-2e82-4797-bf97-9e5d99e0531a;387.34;0.01332;BUY
2016-02-05T00:04:01.403000;2016-02-05T00:04:01.457000;6592ef20-b89a-4b65-bf2d-8e502d2a70da;387.34;0.01;SELL
2016-02-05T00:04:01.403000;2016-02-05T00:04:01.473000;f39153f5-ff82-4f48-8ae5-869b72267056;387.33;0.01;SELL
2016-02-05T00:04:01.403000;2016-02-05T00:04:01.473000;112ba08b-ec2f-4ca2-a5c8-1497050ca385;387.31;0.01;SELL
2016-02-05T00:04:01.403000;2016-02-05T00:04:01.473000;4a03273a-a8fe-4fac-b3c4-335b9673ed84;387.3;0.01263809;SELL
2016-02-05T00:04:01.403000;2016-02-05T00:04:01.473000;816750e9-32f0-41cb-ad82-bebacaf606e5;387.24;0.111;SELL
2016-02-05T00:04:01.403000;2016-02-05T00:04:01.473000;9f8357c6-12da-40e3-a96d-4870ec304966;387.22;0.126;SELL
2016-02-05T00:04:01.403000;2016-02-05T00:04:01.473000;31a585ec-173a-4bf5-ac16-d2f13aaa280c;387.19;0.122;SELL
2016-02-05T00:04:01.403000;2016-02-05T00:04:01.473000;d8280537-8903-4420-bc19-c53d3ed7b5d1;387.16;0.129;SELL
2016-02-05T00:04:01.403000;2016-02-05T00:04:01.490000;2bc6a043-d703-4517-8faf-8615457123bc;387.13;0.02;SELL
2016-02-05T00:04:01.407000;2016-02-05T00:04:01.490000;d7620550-c61c-4f93-9507-fdd40efc1155;387.13;0.08150191;SELL
2016-02-05T00:04:01.467000;2016-02-05T00:04:01.520000;fbfde6ed-5a24-4ffa-9b1f-4be183772e83;387.35;0.01;BUY
2016-02-05T00:04:08.817000;2016-02-05T00:04:08.863000;279a46e9-895b-4c87-9128-75f64ac7067b;387.17;0.12;BUY
2016-02-05T00:04:23.787000;2016-02-05T00:04:23.833000;39b575bf-bd90-44c6-a7ab-5d85945e184c;387.17;0.07;BUY
2016-02-05T00:04:31.123000;2016-02-05T00:04:31.177000;c46ddf4a-3e69-4d68-9ac0-68053cab2abd;387.17;2.82387;BUY
2016-02-05T00:05:01.127000;2016-02-05T00:05:01.177000;44c91602-0334-43fe-a017-a18b9bac8c3f;387.17;0.92471;BUY
2016-02-05T00:05:01.657000;2016-02-05T00:05:01.723000;e708b6a5-39a6-4724-b827-26901c66bd00;387.17;0.01;BUY
2016-02-05T00:05:58.753000;2016-02-05T00:05:58.800000;d6151c77-006a-464d-bc86-74255c8c8586;387.16;0.01;SELL
2016-02-05T00:05:58.753000;2016-02-05T00:05:58.800000;27e659bf-7db1-43f8-b355-1d6ec26a5719;387.15;0.01263809;SELL
2016-02-05T00:06:01.490000;2016-02-05T00:06:01.567000;043eed07-d3f0-4cf0-95fe-a46a5697edb2;387.12;0.55633;BUY
2016-02-05T00:06:01.713000;2016-02-05T00:06:01.753000;5680267a-1886-4acf-9d42-26bd657113ef;387.12;0.01;BUY
2016-02-05T00:06:04.183000;2016-02-05T00:06:04.223000;46e97f53-1b94-43eb-a9a7-231b69679e04;387.11;0.01;SELL
2016-02-05T00:06:04.183000;2016-02-05T00:06:04.240000;826e9156-f1b7-49c9-a977-2deb01bf862e;387.1;0.01;SELL
2016-02-05T00:06:04.187000;2016-02-05T00:06:04.240000;59b63f8e-cc13-47a5-938f-10bb40968fa2;387.1;0.01264844;SELL
2016-02-05T00:06:04.187000;2016-02-05T00:06:04.240000;ea57ce34-b101-47ca-ba4a-dd89b593c4e8;387.09;0.011;SELL
2016-02-05T00:06:04.187000;2016-02-05T00:06:04.240000;33e006b0-56ae-4a40-b7bf-93c585823ec0;387.09;0.016;SELL
2016-02-05T00:06:04.187000;2016-02-05T00:06:04.240000;abdf52c8-fff6-404e-9771-54a366cd2375;387.09;0.016;SELL
2016-02-05T00:06:04.187000;2016-02-05T00:06:04.253000;b3d0a531-f5cd-4079-a3f4-e7ee84d27a08;387.09;0.015;SELL
2016-02-05T00:06:04.187000;2016-02-05T00:06:04.253000;2edd1817-0b81-4e05-be65-dfff0c56f040;387.09;0.01;SELL
2016-02-05T00:06:07.703000;2016-02-05T00:06:07.740000;139fb61d-f7d6-469b-bb7d-7404d24315a0;387.08;0.016;SELL
2016-02-05T00:06:15.907000;2016-02-05T00:06:15.973000;cf2de096-db28-4afb-a1cb-a69200a67d19;387.07;0.011;SELL
2016-02-05T00:06:15.907000;2016-02-05T00:06:15.990000;437f32f5-b0cb-4a5d-9996-3acc7c7c8e2a;387.07;0.015;SELL
2016-02-05T00:06:15.907000;2016-02-05T00:06:15.990000;c5ed440c-d203-4236-869d-2ba843602b83;387.06;0.011;SELL
2016-02-05T00:06:15.907000;2016-02-05T00:06:15.990000;5298021b-6015-4942-9ee9-c18b2f316485;387.06;0.015;SELL
2016-02-05T00:06:15.907000;2016-02-05T00:06:15.990000;8a8eef98-1b1a-4b24-90a8-95e8ae324db5;387.06;0.015;SELL
2016-02-05T00:06:15.907000;2016-02-05T00:06:15.990000;c6d686b7-741a-4ba3-af6b-ebf7b7111f27;387.05;0.011;SELL
2016-02-05T00:06:15.910000;2016-02-05T00:06:15.990000;10efaa18-95e4-446d-a913-034a6c7b11f2;387.05;0.015;SELL
2016-02-05T00:06:15.910000;2016-02-05T00:06:15.990000;2e4e4639-ca4b-4862-acaa-216a43d92177;387.05;0.015;SELL
2016-02-05T00:06:15.910000;2016-02-05T00:06:16.003000;d0a28d55-6dd4-4c10-9ecb-406cdee34c48;387.05;0.01264844;SELL
2016-02-05T00:06:15.910000;2016-02-05T00:06:16.003000;2b42e86f-9389-4048-a720-f2d605ca22d4;387.04;0.011;SELL
2016-02-05T00:06:15.910000;2016-02-05T00:06:16.003000;ff8e6908-8c92-49a9-970b-3ce20581d0d6;387.04;0.015;SELL
2016-02-05T00:06:15.910000;2016-02-05T00:06:16.003000;fb18ed7c-5e63-46c8-8931-41703d1b971d;387.04;0.015;SELL
2016-02-05T00:06:15.910000;2016-02-05T00:06:16.020000;8f8b627a-9bb0-4355-9b95-6e702bd162f5;387.02;0.011;SELL
2016-02-05T00:06:15.910000;2016-02-05T00:06:16.020000;7bb3f041-124c-4b00-ac8b-f66fb77ed6da;387.02;0.015;SELL
2016-02-05T00:06:15.910000;2016-02-05T00:06:16.020000;f65c4349-fd1d-4240-a794-d71271dd2a42;387.01;0.011;SELL
2016-02-05T00:06:15.910000;2016-02-05T00:06:16.020000;6110cb33-b3ea-4144-b644-f00dd03df05c;387.01;0.015;SELL
2016-02-05T00:06:15.910000;2016-02-05T00:06:16.020000;e2a232ab-ed7c-4912-932c-dd91d4929bd2;387.0;0.12060898;SELL
2016-02-05T00:06:15.910000;2016-02-05T00:06:16.020000;ad783d41-dd4a-4c3b-8329-0461d1a96eb9;387.0;0.071;SELL
2016-02-05T00:06:15.910000;2016-02-05T00:06:16.020000;a93c8199-b20e-4eae-be19-381a77d803f2;387.0;0.015;SELL
2016-02-05T00:06:15.910000;2016-02-05T00:06:16.037000;97e89430-df04-4c5a-bd53-10c6e5fdacde;386.99;0.015;SELL
2016-02-05T00:06:15.910000;2016-02-05T00:06:16.037000;3c437955-ca81-4f9b-b208-f7b64982fae4;386.99;0.010025;SELL
2016-02-05T00:06:15.910000;2016-02-05T00:06:16.037000;5c09b4e2-7bd1-4c81-9e11-88f5e01022d3;386.96;0.015;SELL
2016-02-05T00:06:15.910000;2016-02-05T00:06:16.037000;f0528312-b5f2-4c10-8485-459f283b1167;386.96;0.017;SELL
2016-02-05T00:06:15.910000;2016-02-05T00:06:16.050000;9afefd14-ab26-4601-b243-47619b9f1ad5;386.95;0.017;SELL
2016-02-05T00:06:15.910000;2016-02-05T00:06:16.050000;0a8323cf-5bb5-4bee-90d4-29e10972ec6e;386.94;0.015;SELL
2016-02-05T00:06:15.910000;2016-02-05T00:06:16.050000;c108e8e9-3016-4e08-b1aa-22a05a330034;386.93;0.017;SELL
2016-02-05T00:06:15.910000;2016-02-05T00:06:16.050000;40010a6a-2dcc-419c-8a08-b8df519f6092;386.93;0.017;SELL
2016-02-05T00:06:15.910000;2016-02-05T00:06:16.050000;c01cc286-19e3-4b64-b00c-f8fc83061394;386.92;0.017;SELL
2016-02-05T00:06:15.910000;2016-02-05T00:06:16.050000;972bc200-4621-45fa-af11-957f79aed6ba;386.92;0.017;SELL
2016-02-05T00:06:15.913000;2016-02-05T00:06:16.050000;efec9583-b11f-41b0-9055-07dc6162717a;386.91;0.017;SELL
2016-02-05T00:06:15.913000;2016-02-05T00:06:16.067000;36e4731e-224f-42f0-a707-2593b80a86e9;386.91;0.017;SELL
2016-02-05T00:06:15.913000;2016-02-05T00:06:16.067000;9b8e1b63-4221-467f-8d8a-99a75a713c51;386.9;0.017;SELL
2016-02-05T00:06:15.913000;2016-02-05T00:06:16.067000;ab6b9dc8-6c56-400a-b35f-706f5d3aba05;386.9;0.016;SELL
2016-02-05T00:06:15.913000;2016-02-05T00:06:16.067000;26e79249-8be6-4bcb-8b67-42e077d09331;386.89;0.01;SELL
2016-02-05T00:06:15.913000;2016-02-05T00:06:16.067000;598a0fda-6e66-4dee-ac15-33fb36b0b9dc;386.89;0.016;SELL
2016-02-05T00:06:15.913000;2016-02-05T00:06:16.067000;e8d0841e-40c0-4df3-896a-85b6d88e10b3;386.88;0.017;SELL
2016-02-05T00:06:15.913000;2016-02-05T00:06:16.100000;456354cd-90ae-42c4-93da-ce50c2d905e7;386.88;0.016;SELL
2016-02-05T00:06:15.913000;2016-02-05T00:06:16.100000;a5c42e1d-bbb5-4362-ad98-dc68e2014a1d;386.87;0.016;SELL
2016-02-05T00:06:15.913000;2016-02-05T00:06:16.100000;573a18ac-d45a-4a3d-b778-036bfa9366c0;386.85;0.016;SELL
2016-02-05T00:06:15.913000;2016-02-05T00:06:16.100000;ac32f077-5d4c-42d5-a7a2-5c3b2b7b761e;386.82;0.016;SELL
2016-02-05T00:06:15.913000;2016-02-05T00:06:16.100000;2ec27102-6240-4a10-a482-5a98732e38a8;386.82;0.016;SELL
2016-02-05T00:06:15.913000;2016-02-05T00:06:16.100000;88ebbe16-b087-47ba-9bbf-2da2c219368c;386.81;0.02;SELL
2016-02-05T00:06:15.913000;2016-02-05T00:06:16.113000;d79e6c09-f271-4c53-a936-b86b35f378ec;386.8;0.016;SELL
2016-02-05T00:06:15.913000;2016-02-05T00:06:16.113000;5f35c456-2c5a-498f-9ab8-8c91e0d19171;386.8;0.016;SELL
2016-02-05T00:06:15.913000;2016-02-05T00:06:16.113000;b552967e-c468-45f9-90be-04a449a69aac;386.8;0.016;SELL
2016-02-05T00:06:15.913000;2016-02-05T00:06:16.130000;8ff238cf-04c0-45a3-96e4-d8f9bbad75b9;386.8;0.014;SELL
2016-02-05T00:06:15.913000;2016-02-05T00:06:16.130000;2ca9a4e1-d419-4d30-bb2a-7648e430d581;386.79;0.013;SELL
2016-02-05T00:06:15.913000;2016-02-05T00:06:16.130000;8a4330f4-abab-4dea-a2a8-b0ff0cc314b3;386.78;0.5925;SELL
2016-02-05T00:06:15.913000;2016-02-05T00:06:16.130000;c83fe218-8e66-47cc-b149-cdb84cedc1ac;386.78;0.015;SELL
2016-02-05T00:06:15.913000;2016-02-05T00:06:16.147000;90a551c2-aa6e-4edf-8060-c53ed2d6c805;386.78;0.014;SELL
2016-02-05T00:06:15.913000;2016-02-05T00:06:16.147000;b6bb4967-9391-49b2-a8a8-3e83a808be35;386.78;0.013;SELL
2016-02-05T00:06:15.913000;2016-02-05T00:06:16.147000;b06ca998-5d59-451a-8774-a71f90912078;386.78;0.013;SELL
2016-02-05T00:06:15.917000;2016-02-05T00:06:16.147000;38cf0047-8bd5-4d97-8465-6cfafa65a177;386.77;0.016;SELL
2016-02-05T00:06:15.917000;2016-02-05T00:06:16.147000;3b907df8-a730-47c7-b81d-2c4ed05dbc6c;386.77;0.016;SELL
2016-02-05T00:06:15.917000;2016-02-05T00:06:16.147000;ed4e9fba-718b-4563-b261-223ea8f16a71;386.77;0.014;SELL
2016-02-05T00:06:15.917000;2016-02-05T00:06:16.147000;85141e17-2ad3-46f4-ae5f-7f0e6d35a0d2;386.77;0.013;SELL
2016-02-05T00:06:15.917000;2016-02-05T00:06:16.147000;7fba81d6-4a34-4db9-bf7f-a2100d452069;386.77;0.013;SELL
2016-02-05T00:06:15.917000;2016-02-05T00:06:16.147000;09cbf311-11d3-4ace-8045-1c6d3252ad9a;386.76;0.013;SELL
2016-02-05T00:06:15.917000;2016-02-05T00:06:16.147000;27bc8417-9601-4873-ae59-7f7a2c3c6588;386.76;0.013;SELL
2016-02-05T00:06:15.917000;2016-02-05T00:06:16.147000;c92f624b-3f1d-4eba-9d90-010750451fde;386.76;0.013;SELL
2016-02-05T00:06:15.917000;2016-02-05T00:06:16.160000;94fc00db-2df2-4724-9d4f-9062ed261f77;386.76;0.013;SELL
2016-02-05T00:06:15.917000;2016-02-05T00:06:16.160000;d1ea725e-9e96-48a7-aeb3-46504ba6745c;386.76;0.013;SELL
2016-02-05T00:06:15.917000;2016-02-05T00:06:16.160000;4f729312-7778-4132-96bb-dff859e3f53f;386.75;0.015;SELL
2016-02-05T00:06:15.917000;2016-02-05T00:06:16.160000;8a6d5343-1d62-46e8-aabb-bb955d2efce5;386.75;0.014;SELL
2016-02-05T00:06:15.917000;2016-02-05T00:06:16.160000;c95da298-c53a-44c1-959f-c098a91ba6f7;386.75;0.014;SELL
2016-02-05T00:06:15.917000;2016-02-05T00:06:16.160000;b61f871d-8f6e-4f61-aae4-982ef67dd7f9;386.75;0.013;SELL
2016-02-05T00:06:15.917000;2016-02-05T00:06:16.177000;e08892b6-58c8-4ac5-8dda-e1b622e950cd;386.75;0.013;SELL
2016-02-05T00:06:15.917000;2016-02-05T00:06:16.177000;c8d98b41-063b-4ec0-9ce5-a2554d831d0e;386.75;0.013;SELL
2016-02-05T00:06:15.917000;2016-02-05T00:06:16.177000;049b8212-64a2-4399-99c0-5e5bb5683a44;386.74;0.013;SELL
2016-02-05T00:06:15.917000;2016-02-05T00:06:16.177000;cb1a7fdb-6dcf-4663-901c-b1ab0a172cb5;386.74;0.013;SELL
2016-02-05T00:06:15.917000;2016-02-05T00:06:16.177000;2a19879f-5824-429a-a3ee-884ff85a792c;386.74;0.012;SELL
2016-02-05T00:06:15.917000;2016-02-05T00:06:16.177000;627d59a4-d752-43ac-bbd6-5535d61a78d9;386.74;0.02;SELL
2016-02-05T00:06:15.917000;2016-02-05T00:06:16.193000;c2ead54f-096b-4c46-bfd4-451f63a8646a;386.73;0.014;SELL
2016-02-05T00:06:15.920000;2016-02-05T00:06:16.193000;b63ebf0b-60c4-4945-9840-b4201db7f956;386.73;0.013;SELL
2016-02-05T00:06:15.920000;2016-02-05T00:06:16.193000;7a3ff0df-7d94-4a19-84fd-1793c50efb73;386.73;0.013;SELL
2016-02-05T00:06:15.920000;2016-02-05T00:06:16.193000;f474c092-c47b-42eb-b312-ec4084dee322;386.73;0.013;SELL
2016-02-05T00:06:15.920000;2016-02-05T00:06:16.193000;e9a8e794-e322-4dc8-b826-8ffd77e7bdde;386.72;0.013;SELL
2016-02-05T00:06:15.920000;2016-02-05T00:06:16.193000;80820542-1435-489f-9494-25ab8015a0c6;386.72;0.013;SELL
2016-02-05T00:06:15.920000;2016-02-05T00:06:16.223000;518cb69a-b760-4a72-b263-c21ae3030d9a;386.72;0.012;SELL
2016-02-05T00:06:15.920000;2016-02-05T00:06:16.223000;2efe143f-648c-4d2d-9ec4-a20aad03d906;386.71;0.01;SELL
2016-02-05T00:06:15.920000;2016-02-05T00:06:16.223000;8b81cb26-6c05-4b9b-999a-bace5b42c59c;386.71;0.015;SELL
2016-02-05T00:06:15.920000;2016-02-05T00:06:16.223000;ebad768d-d734-442e-aac9-47dcb421250d;386.71;0.013;SELL
2016-02-05T00:06:15.920000;2016-02-05T00:06:16.223000;5aae4812-cf22-4bc7-9f82-7ea03c82982e;386.71;0.013;SELL
2016-02-05T00:06:15.920000;2016-02-05T00:06:16.223000;ef636d67-554d-4564-8574-84836806f4b7;386.71;0.012;SELL
2016-02-05T00:06:15.920000;2016-02-05T00:06:16.240000;5235306c-02e4-4f7f-b30b-cf1b1c99b08b;386.7;0.01;SELL
2016-02-05T00:06:15.920000;2016-02-05T00:06:16.240000;a1da467a-3488-4cce-b4cb-7c49b5673110;386.7;0.015;SELL
2016-02-05T00:06:15.920000;2016-02-05T00:06:16.240000;948eecee-8298-46eb-88bf-26df135af1fe;386.7;0.013;SELL
2016-02-05T00:06:15.920000;2016-02-05T00:06:16.240000;8d195ea2-25c4-42e9-b63e-b869fb076a4e;386.7;0.013;SELL
2016-02-05T00:06:15.920000;2016-02-05T00:06:16.240000;11d7089f-b0f5-4ead-a3d4-cc7535bfb2a5;386.7;0.012;SELL
2016-02-05T00:06:15.920000;2016-02-05T00:06:16.240000;162de4ef-2d3e-44e9-a250-493ab36cab38;386.69;0.012;SELL
2016-02-05T00:06:15.920000;2016-02-05T00:06:16.240000;12cbfc37-4e5a-4c8b-87fc-f679add2261e;386.69;0.012;SELL
2016-02-05T00:06:15.920000;2016-02-05T00:06:16.240000;b8ab491a-1396-4f83-997c-6e118f0dd2dd;386.68;0.015;SELL
2016-02-05T00:06:15.920000;2016-02-05T00:06:16.253000;68a03f77-dc4f-4944-9615-e31bf0231863;386.68;0.015;SELL
2016-02-05T00:06:15.920000;2016-02-05T00:06:16.253000;dab9e623-0737-4faa-8bdc-1087cbf5ad14;386.68;0.012;SELL
2016-02-05T00:06:15.920000;2016-02-05T00:06:16.253000;181bfc70-72b1-4ac7-b297-1ce8f8e27235;386.67;0.012;SELL
2016-02-05T00:06:15.920000;2016-02-05T00:06:16.253000;d22dc711-f588-4e65-8973-360f64930e8f;386.66;0.015;SELL
2016-02-05T00:06:15.923000;2016-02-05T00:06:16.270000;731ec526-4a70-4975-b34e-03454b4a2e71;386.66;0.01;SELL
2016-02-05T00:06:15.923000;2016-02-05T00:06:16.270000;1cd79a23-0bf3-46fe-a962-39b450025e76;386.66;0.08;SELL
2016-02-05T00:06:15.923000;2016-02-05T00:06:16.270000;aef71757-e38a-4f51-9c96-9fcd57d0a9b5;386.65;0.015;SELL
2016-02-05T00:06:15.923000;2016-02-05T00:06:16.270000;e9184006-dd97-4a60-af0b-dd17c5884eeb;386.65;0.012;SELL
2016-02-05T00:06:15.923000;2016-02-05T00:06:16.270000;8a052eaa-b113-43f7-810e-7c8249bd66c9;386.63;0.015;SELL
2016-02-05T00:06:15.923000;2016-02-05T00:06:16.270000;9a837ebd-ea55-4431-b43a-f896a75be2d8;386.63;0.116;SELL
2016-02-05T00:06:15.923000;2016-02-05T00:06:16.270000;ed735030-70af-46fa-ae11-35470bbd9975;386.6;0.01;SELL
2016-02-05T00:06:15.923000;2016-02-05T00:06:16.287000;44564daa-60ca-41ea-8b38-255dfeb8d949;386.6;0.11;SELL
2016-02-05T00:06:15.923000;2016-02-05T00:06:16.287000;1b50e8ab-5c08-40e5-90d6-9606ab18adad;386.57;0.01;SELL
2016-02-05T00:06:15.923000;2016-02-05T00:06:16.287000;74abfb28-3329-4e8b-a2ac-2a9255bcdb94;386.57;0.118;SELL
2016-02-05T00:06:15.923000;2016-02-05T00:06:16.287000;e7a70d04-1f17-4995-bd50-1a1b4d00bb6b;386.56;0.083;SELL
2016-02-05T00:06:15.923000;2016-02-05T00:06:16.287000;7dc77c0a-e120-4763-b19c-1f068fefe98a;386.55;0.01;SELL
2016-02-05T00:06:15.923000;2016-02-05T00:06:16.300000;0fcb15ac-0cd0-4c4b-b89f-6bbaed956112;386.54;0.01;SELL
2016-02-05T00:06:15.923000;2016-02-05T00:06:16.300000;f977d281-6fa0-4dde-9f9e-045b942b2766;386.54;0.118;SELL
2016-02-05T00:06:15.923000;2016-02-05T00:06:16.300000;f7224bd0-3a0b-4cca-9767-34fe2a3d138b;386.53;0.01;SELL
2016-02-05T00:06:15.923000;2016-02-05T00:06:16.300000;9d08d3b7-cf03-4bce-b7c8-9e5a15216255;386.53;0.3269;SELL
2016-02-05T00:06:15.923000;2016-02-05T00:06:16.317000;7733bc94-a4a5-4814-9bf8-d3abdfb2e688;386.43;0.012;SELL
2016-02-05T00:06:15.923000;2016-02-05T00:06:16.317000;4f92ad85-62d0-4052-b106-7f055aa6caa9;386.42;0.012;SELL
2016-02-05T00:06:15.923000;2016-02-05T00:06:16.317000;b2498d02-1f07-4c19-ad52-f5219f63a247;386.4;0.012;SELL
2016-02-05T00:06:15.923000;2016-02-05T00:06:16.317000;489ab73d-0e95-441d-b672-3da9a16f763a;386.39;0.012;SELL
2016-02-05T00:06:15.923000;2016-02-05T00:06:16.333000;c663cbc4-7b9a-4aa7-b72b-3129f281f142;386.39;0.012;SELL
2016-02-05T00:06:15.923000;2016-02-05T00:06:16.333000;58711e9a-f4d8-4862-be55-3dfa5cdd2a03;386.38;0.012;SELL
2016-02-05T00:06:15.927000;2016-02-05T00:06:16.333000;ef6ed194-69cb-467b-a6d9-b26531502d16;386.37;0.3806744;SELL
2016-02-05T00:06:15.927000;2016-02-05T00:06:16.333000;00db9a33-98c2-44f4-a399-da6850f0bee8;386.36;0.012;SELL
2016-02-05T00:06:15.927000;2016-02-05T00:06:16.333000;0a75fcb3-261d-47fa-9799-499730547d7c;386.36;0.012;SELL
2016-02-05T00:06:15.927000;2016-02-05T00:06:16.350000;ab792175-0753-469f-acc3-5b3ccd2cffc2;386.34;0.01;SELL
2016-02-05T00:06:15.927000;2016-02-05T00:06:16.350000;85b865d3-15f4-4a9d-bff1-00a765236b59;386.34;0.01;SELL
2016-02-05T00:06:15.927000;2016-02-05T00:06:16.350000;01187fc0-ad73-4432-bc21-04b4123858f2;386.33;0.012;SELL
2016-02-05T00:06:15.927000;2016-02-05T00:06:16.350000;19401273-3d07-486a-b5eb-1d3891103fc7;386.31;0.01;SELL
2016-02-05T00:06:15.927000;2016-02-05T00:06:16.350000;31e6ee94-dfea-4c68-9ce8-a2b207e9608c;386.22;0.0269704;SELL
2016-02-05T00:06:15.927000;2016-02-05T00:06:16.350000;16b9ddf4-ff48-488b-a317-dd7713463f25;386.21;0.15;SELL
2016-02-05T00:06:15.927000;2016-02-05T00:06:16.363000;9aabe34a-ed11-4fbe-892c-1b2d23819bc9;386.2;0.012;SELL
2016-02-05T00:06:15.927000;2016-02-05T00:06:16.363000;c3adec31-c28d-4af9-864f-381e243a3cdb;386.2;0.011;SELL
2016-02-05T00:06:15.927000;2016-02-05T00:06:16.363000;2bd10c1d-0361-4829-8824-417ffb29a220;386.2;0.45;SELL
2016-02-05T00:06:15.927000;2016-02-05T00:06:16.380000;cd022db5-c181-4a06-9a15-a7de7ff93917;386.19;2.13;SELL
2016-02-05T00:06:15.927000;2016-02-05T00:06:16.380000;b1e85845-2b10-481c-8eed-bef9c9beaa30;386.18;0.012;SELL
2016-02-05T00:06:15.927000;2016-02-05T00:06:16.380000;8e19e90f-d1f4-42d4-92b6-a2e621c7d01b;386.17;0.011;SELL
2016-02-05T00:06:15.927000;2016-02-05T00:06:16.380000;687e512f-8e52-46c7-98f9-5fd08a33e1da;386.14;0.011;SELL
2016-02-05T00:06:15.927000;2016-02-05T00:06:16.380000;913089e0-a448-4073-a4f2-c63701c677d1;386.13;0.011;SELL
2016-02-05T00:06:15.927000;2016-02-05T00:06:16.380000;3315812a-2083-483b-91cb-a95e8ca47fc1;386.12;0.011;SELL
2016-02-05T00:06:15.927000;2016-02-05T00:06:16.397000;eb928e89-bdd4-4ddb-a1b3-b2a0db6983c3;386.12;0.15;SELL
2016-02-05T00:06:15.927000;2016-02-05T00:06:16.397000;0abd3a2f-75db-4069-a62c-504ff6f52d21;386.11;0.011;SELL
2016-02-05T00:06:15.927000;2016-02-05T00:06:16.397000;1a542547-5014-4a77-a355-6fbabfbc34cd;386.11;0.33367278;SELL
2016-02-05T00:06:31.707000;2016-02-05T00:06:31.740000;b409169c-5744-47b5-a605-0a41fd243558;386.81;0.18394;BUY
2016-02-05T00:07:01.773000;2016-02-05T00:07:01.800000;d116d5bf-0f70-43b2-9aea-73ef3a7d65a9;386.81;0.01;BUY
2016-02-05T00:07:31.143000;2016-02-05T00:07:31.177000;5ffd0e44-0ae4-4046-8f18-f66db47cd326;386.81;0.05606;BUY
2016-02-05T00:07:31.143000;2016-02-05T00:07:31.193000;e8695533-6569-4e89-a658-bd18e00fabcb;386.81;0.76245;BUY
2016-02-05T00:08:01.420000;2016-02-05T00:08:01.457000;2103fd0a-f910-499b-9965-b6b9a169c3d7;386.81;0.05;BUY
2016-02-05T00:08:01.420000;2016-02-05T00:08:01.473000;a55afae4-6b70-40c5-9ff2-d4fe69498992;386.81;0.05;BUY
2016-02-05T00:08:01.423000;2016-02-05T00:08:01.473000;7c3f354c-78f3-46a1-897e-0944b20d16c4;386.81;0.05;BUY
2016-02-05T00:08:01.423000;2016-02-05T00:08:01.473000;a655c3a9-a02e-479c-b004-5b7600857b27;386.81;0.0632;BUY
2016-02-05T00:08:01.750000;2016-02-05T00:08:01.787000;6e79caaa-94ae-4d46-a5c6-e317945f63b2;386.81;0.01;BUY
2016-02-05T00:08:31.457000;2016-02-05T00:08:31.503000;90022d1c-7f41-4408-a8d3-765ff2966828;386.81;0.4068;BUY
2016-02-05T00:08:31.457000;2016-02-05T00:08:31.503000;40e56f0a-0177-48f3-b02c-ddc74b9ba756;386.81;0.25074;BUY
2016-02-05T00:09:01.297000;2016-02-05T00:09:01.333000;c6fbb263-7a3d-4271-bbfd-722f0a2f708e;386.8;0.01264844;SELL
2016-02-05T00:09:01.297000;2016-02-05T00:09:01.350000;fc28108a-ed95-4cc6-a52e-9cf8940d15b8;386.8;0.11982156;SELL
2016-02-05T00:09:01.613000;2016-02-05T00:09:01.660000;51f429f6-4931-4ccb-9ef5-ca2e51ef64d1;386.81;0.01;BUY
2016-02-05T00:09:11.087000;2016-02-05T00:09:11.113000;88a2a122-25be-4580-b499-db1bf21e8df3;386.81;0.06616;BUY
2016-02-05T00:09:11.087000;2016-02-05T00:09:11.147000;3144253f-00e1-4335-bf8f-bc3c5d3d7b55;386.81;0.01;BUY
2016-02-05T00:09:31.117000;2016-02-05T00:09:31.147000;ab16b693-bde1-4936-940f-f679399b228f;386.84;0.01;SELL
2016-02-05T00:09:31.117000;2016-02-05T00:09:31.160000;994e49b1-c05a-446f-aaba-0b9181eeb9e1;386.84;0.00172;SELL
2016-02-05T00:10:01.283000;2016-02-05T00:10:01.317000;755e97fc-1a1f-43a2-9479-b0076cfa2e8a;386.85;0.01264844;BUY
2016-02-05T00:10:01.283000;2016-02-05T00:10:01.333000;946a4c6a-47af-444a-bb93-7118bc777800;386.85;0.25;BUY
2016-02-05T00:10:01.283000;2016-02-05T00:10:01.333000;809d3e91-807b-4691-bb2d-bf6aa1783b78;386.86;0.12223156;BUY
2016-02-05T00:10:01.607000;2016-02-05T00:10:01.647000;88fa7bd9-0cfd-409a-8e9f-c8926bd8cd31;386.85;0.01;BUY
2016-02-05T00:10:31.140000;2016-02-05T00:10:31.177000;b2f50937-079c-4696-add8-d020a0dfe0c3;386.85;0.01264844;SELL
2016-02-05T00:10:31.140000;2016-02-05T00:10:31.193000;b9bbd3ef-2815-4471-a004-70b76c183d73;386.84;0.51279156;SELL
2016-02-05T00:10:46.363000;2016-02-05T00:10:46.380000;cba42295-666f-49e7-a48a-f8625aa7a928;386.85;0.06;BUY
2016-02-05T00:11:01.180000;2016-02-05T00:11:01.207000;b1f71a58-2c95-495e-a48d-a463cebf555b;386.84;1.41104844;SELL
2016-02-05T00:11:01.180000;2016-02-05T00:11:01.223000;d903c279-494a-41fe-8a90-93fae5c6d519;386.8;0.01265227;SELL
2016-02-05T00:11:01.180000;2016-02-05T00:11:01.223000;3467ce4b-46f4-407e-b0aa-f2e8cdeb161f;386.75;0.01;SELL
2016-02-05T00:11:01.180000;2016-02-05T00:11:01.240000;ac255954-b79f-41f9-a4b3-ecf6b55ecac6;386.74;0.01;SELL
2016-02-05T00:11:01.180000;2016-02-05T00:11:01.240000;ef5e47bb-cf4c-4337-a81f-f7498bfd23a7;386.73;0.01;SELL
2016-02-05T00:11:01.180000;2016-02-05T00:11:01.240000;80f8e85b-1279-4035-aaf9-75dc132fb584;386.72;0.01;SELL
2016-02-05T00:11:01.180000;2016-02-05T00:11:01.240000;1c418967-1010-423d-bbc9-7e7b490b7d45;386.72;0.32843929;SELL
2016-02-05T00:11:01.743000;2016-02-05T00:11:01.770000;d69bf5e3-b710-412b-a1af-4e23c6b90e95;386.83;0.01;BUY
2016-02-05T00:11:03.250000;2016-02-05T00:11:03.270000;e44f8698-37cf-4a77-a658-658ab2eede4a;386.82;0.14030492;BUY
2016-02-05T00:11:03.280000;2016-02-05T00:11:03.333000;fa054bf6-b0dd-4bbe-9aba-0cc5af018ff0;386.82;0.10969508;BUY
2016-02-05T00:11:03.280000;2016-02-05T00:11:03.333000;928e68bc-0aff-41cb-90a6-ac455c19084d;386.83;0.24125599;BUY
2016-02-05T00:11:11.003000;2016-02-05T00:11:11.053000;e636b802-4626-42d3-8366-5c892dbe1858;386.75;0.01265227;SELL
2016-02-05T00:11:31.107000;2016-02-05T00:11:31.130000;fa23756b-308f-4a04-9448-74146c1bcd4c;386.74;0.25;BUY
2016-02-05T00:11:31.107000;2016-02-05T00:11:31.130000;2febfc68-c1e3-419c-9a10-357b1e4dc62f;386.79;0.07044;BUY
2016-02-05T00:12:01.117000;2016-02-05T00:12:01.160000;89aef21e-18d5-4bce-9e72-d341c71e46c8;386.78;0.14202;BUY
2016-02-05T00:12:01.667000;2016-02-05T00:12:01.693000;cf850176-e19a-46c1-a3de-167bd04bf230;386.78;0.01;BUY
2016-02-05T00:12:31.390000;2016-02-05T00:12:31.410000;a74bd236-f660-4119-9f34-7e99e2b29fa3;386.78;0.09798;BUY
2016-02-05T00:12:31.390000;2016-02-05T00:12:31.427000;78d0a3dc-6fa6-4c36-aafe-31bce2ffbb61;386.8;0.01265227;BUY
2016-02-05T00:12:31.390000;2016-02-05T00:12:31.427000;c44d2f98-7392-49c3-8861-59ad8bf21094;386.84;0.01;BUY
2016-02-05T00:12:31.390000;2016-02-05T00:12:31.427000;b289423b-84e8-444e-888a-8cc3912699e8;386.85;0.01265227;BUY
2016-02-05T00:12:31.390000;2016-02-05T00:12:31.427000;b621ed2d-ae76-4088-87c3-ffb6e9070c9c;386.89;0.75;BUY
2016-02-05T00:12:31.390000;2016-02-05T00:12:31.427000;ba1be228-f323-4a91-b9c1-602f19b5c31e;386.9;0.01264844;BUY
2016-02-05T00:12:31.390000;2016-02-05T00:12:31.520000;4210fe50-1784-4481-84ed-599667b5c944;386.9;0.01;BUY
2016-02-05T00:12:31.390000;2016-02-05T00:12:31.520000;fc6974a4-c63b-4551-b21d-5cdc08890599;386.9;0.126;BUY
2016-02-05T00:12:31.390000;2016-02-05T00:12:31.520000;f2b1b634-ea72-4169-9e4f-9b8b8982e01f;386.91;0.35098702;BUY
2016-02-05T00:13:01.237000;2016-02-05T00:13:01.270000;f50b06b0-36d0-4d3c-a1c5-83fb3cbcff88;386.87;0.01;SELL
2016-02-05T00:13:01.237000;2016-02-05T00:13:01.270000;e90e75d7-2e4c-4a6a-91c8-42ef743cb5d8;386.86;0.2;SELL
2016-02-05T00:13:01.237000;2016-02-05T00:13:01.270000;310ffd37-d014-4701-9ca0-1c1a2b6b056a;386.86;0.22527;SELL
2016-02-05T00:13:01.783000;2016-02-05T00:13:01.817000;db51062f-361e-4640-978c-447eace49049;386.88;0.01;BUY
2016-02-05T00:13:31.113000;2016-02-05T00:13:31.147000;0a76038b-a5da-4b99-a41c-4ded04685576;386.87;0.01;SELL
2016-02-05T00:13:31.113000;2016-02-05T00:13:31.147000;9bb7fb36-6c67-4d4e-956d-8fbf2656357e;386.87;0.13334;SELL
2016-02-05T00:14:01.693000;2016-02-05T00:14:01.707000;c4aefe4c-78e7-4c97-8a98-09a362a646c2;386.88;0.24;BUY
2016-02-05T00:14:01.693000;2016-02-05T00:14:01.723000;a1b14f37-35c7-49e1-b9e6-e15dab2a22ae;386.89;0.108;BUY
2016-02-05T00:14:01.693000;2016-02-05T00:14:01.723000;b9724564-d8e6-4fa5-9261-03e5f65f974e;386.91;0.15;BUY
2016-02-05T00:14:01.693000;2016-02-05T00:14:01.723000;c8674147-aca4-4a2b-8277-9c23da5dfafc;386.92;0.01;BUY
2016-02-05T00:14:01.693000;2016-02-05T00:14:01.723000;d24e1a1b-3d04-4d9b-b360-4cc7608d8558;386.92;0.098;BUY
2016-02-05T00:14:01.693000;2016-02-05T00:14:01.723000;630026cc-4312-40c3-9d3b-ee7f462e9a7e;386.92;0.6;BUY
2016-02-05T00:14:01.693000;2016-02-05T00:14:01.723000;b80b811f-7719-455b-92e2-8e3f45d1778f;386.92;1.42631;BUY
2016-02-05T00:14:02.047000;2016-02-05T00:14:02.067000;bea0e676-5df2-4589-9646-56584161c0f5;386.91;0.01;BUY
2016-02-05T00:14:11.687000;2016-02-05T00:14:11.707000;06e401cc-bbb5-498b-ad90-25fa4cc076c8;386.88;0.01;SELL
2016-02-05T00:14:11.687000;2016-02-05T00:14:11.723000;3c0e2b54-48fe-4539-a99f-206d9791a39b;386.87;2.0257111;SELL
2016-02-05T00:14:11.687000;2016-02-05T00:14:11.723000;d3229a1e-73b0-4b47-b3e4-8983eb43ef5f;386.85;0.01265227;SELL
2016-02-05T00:14:11.687000;2016-02-05T00:14:11.723000;e8bdd0c2-79b0-4fb4-bd68-ad1469613be9;386.82;0.25;SELL
2016-02-05T00:14:11.687000;2016-02-05T00:14:11.723000;4d1077c8-1911-4c57-a962-d1cd942d8434;386.8;0.01;SELL
2016-02-05T00:14:11.687000;2016-02-05T00:14:11.723000;1e9d4dba-9100-4919-a0a3-62b92dfc4c22;386.79;0.01;SELL
2016-02-05T00:14:11.687000;2016-02-05T00:14:11.723000;bf045309-6fa7-4b85-b634-3e349ed31989;386.78;0.01;SELL
2016-02-05T00:14:11.687000;2016-02-05T00:14:11.723000;64c82d98-cfcf-44ff-99fd-7456710d36ba;386.78;0.5;SELL
2016-02-05T00:14:11.687000;2016-02-05T00:14:11.740000;9adc0a19-03c3-454e-9290-12b345687a7f;386.77;0.01;SELL
2016-02-05T00:14:11.687000;2016-02-05T00:14:11.740000;0655a394-a02d-4b42-a63f-cf0ef3af8e54;386.76;0.02281576;SELL
2016-02-05T00:14:11.687000;2016-02-05T00:14:11.740000;0083a28b-91f5-4725-967b-6e7b90e6e8b7;386.75;0.536;SELL
2016-02-05T00:14:11.687000;2016-02-05T00:14:11.740000;b8b1d679-2b38-45b7-8cce-71d6f6c30d76;386.74;0.553;SELL
2016-02-05T00:14:11.687000;2016-02-05T00:14:11.740000;1d2b3a2d-1efe-49c2-8331-37b7ebd0fabf;386.72;0.534;SELL
2016-02-05T00:14:11.687000;2016-02-05T00:14:11.753000;d2c9d83e-85ec-4ece-bd9a-af273c956b23;386.71;0.01;SELL
2016-02-05T00:14:11.690000;2016-02-05T00:14:11.753000;f74d9435-98c8-4cec-a006-50d196e6aa65;386.69;0.105;SELL
2016-02-05T00:14:11.690000;2016-02-05T00:14:11.753000;9ac6ba3d-4abc-45ac-a5e3-ff403c426179;386.68;0.079;SELL
2016-02-05T00:14:11.690000;2016-02-05T00:14:11.753000;621c0d42-5199-419c-b60d-17b60b22cf1e;386.65;0.113;SELL
2016-02-05T00:14:11.690000;2016-02-05T00:14:11.753000;37656f35-6c46-49e7-978b-64934bba148c;386.63;0.362;SELL
2016-02-05T00:14:11.690000;2016-02-05T00:14:11.753000;5f202de7-4ba4-4e80-a773-5662c9eec796;386.62;0.118;SELL
2016-02-05T00:14:11.690000;2016-02-05T00:14:11.753000;2dc32196-c308-4f15-a042-131b11418f81;386.6;0.38;SELL
2016-02-05T00:14:11.690000;2016-02-05T00:14:11.753000;1c9841ae-4466-4d2b-8743-d25f99df0ca2;386.57;0.385;SELL
2016-02-05T00:14:11.690000;2016-02-05T00:14:11.770000;8ee1b203-687d-4459-8199-8ef39431f532;386.54;0.361;SELL
2016-02-05T00:14:11.690000;2016-02-05T00:14:11.770000;28631cba-be96-444f-8a77-a3760acd89b7;386.53;0.081;SELL
2016-02-05T00:14:11.690000;2016-02-05T00:14:11.817000;3822bbe8-138d-41f3-b64d-4739bb3cb842;386.51;0.01;SELL
2016-02-05T00:14:11.690000;2016-02-05T00:14:11.817000;7945a31a-7612-4367-b326-889553fc43dd;386.5;0.121;SELL
2016-02-05T00:14:11.690000;2016-02-05T00:14:11.817000;3343fc66-d5c9-4ff8-a53e-af66f1483896;386.47;0.084;SELL
2016-02-05T00:14:11.690000;2016-02-05T00:14:11.817000;d6043a71-f6ad-47b5-83e8-5ef938184812;386.44;0.08;SELL
2016-02-05T00:14:11.690000;2016-02-05T00:14:11.817000;165483cd-befa-4fd3-9f32-23e69a2d7367;386.41;0.124;SELL
2016-02-05T00:14:11.690000;2016-02-05T00:14:11.817000;2176a8dc-9425-42ba-9f7e-ad15057403a9;386.37;0.01;SELL
2016-02-05T00:14:11.690000;2016-02-05T00:14:11.817000;c80398bd-f5a3-4800-994f-bd76e7eed65d;386.35;0.02;SELL
2016-02-05T00:14:11.690000;2016-02-05T00:14:11.817000;67fd3d83-6cb2-4273-bd7f-dc1ac271b955;386.29;0.01;SELL
2016-02-05T00:14:11.690000;2016-02-05T00:14:11.817000;213777e0-9fbd-4658-b1bb-7c0b6fd49bcd;386.15;2.06282087;SELL
2016-02-05T00:14:23.857000;2016-02-05T00:14:23.880000;f94fc13d-276a-40d1-a5fb-1ba77b885779;386.77;0.096;BUY
2016-02-05T00:14:23.893000;2016-02-05T00:14:23.910000;58e70968-e58f-4efe-88e0-0556902d632d;386.77;0.154;BUY
2016-02-05T00:14:23.893000;2016-02-05T00:14:23.910000;1f1de8a2-bf5e-4670-af39-7b55d9f75abb;386.77;0.47;BUY
2016-02-05T00:14:23.943000;2016-02-05T00:14:23.973000;8158bdfd-3e8b-4e63-b130-0e08fea7b410;386.77;0.231;BUY
2016-02-05T00:14:30.247000;2016-02-05T00:14:30.287000;42bfd099-744a-4581-9510-9c9e13f42f51;386.77;0.25;BUY
2016-02-05T00:14:30.247000;2016-02-05T00:14:30.287000;de5885ec-d41f-4d4c-ba65-2a7fd6ede527;386.77;0.51;BUY
2016-02-05T00:14:30.247000;2016-02-05T00:14:30.287000;3819a3c9-aba6-403a-ae67-222d1aeb7e73;386.78;0.942;BUY
2016-02-05T00:14:30.250000;2016-02-05T00:14:30.287000;49b5071a-d665-4cfa-bbf2-7f77d544a18c;386.81;1.38;BUY
2016-02-05T00:14:30.250000;2016-02-05T00:14:30.303000;e1390d29-cb42-48bd-ae3e-565415ce5abe;386.83;1.307;BUY
2016-02-05T00:14:30.250000;2016-02-05T00:14:30.303000;aefdcba6-a4c4-46a3-a8c2-71147599784b;386.86;0.01;BUY
2016-02-05T00:14:30.250000;2016-02-05T00:14:30.303000;2daa7aad-e389-4a6c-9ba4-1b06738546d2;386.87;0.01;BUY
2016-02-05T00:14:30.250000;2016-02-05T00:14:30.303000;b91aa36a-1fab-4a68-9d87-34b601434a07;386.89;1.495;BUY
2016-02-05T00:14:30.250000;2016-02-05T00:14:30.303000;e5b1029d-4c4f-4843-bfea-5f7655918494;386.89;0.01;BUY
2016-02-05T00:14:30.253000;2016-02-05T00:14:30.317000;b31ecbd5-8282-4d5b-8b0b-0e79695dbdd1;386.9;0.01265227;BUY
2016-02-05T00:14:30.253000;2016-02-05T00:14:30.317000;b950230f-002a-44c7-bc0f-5fc3b00d047c;386.92;1.381;BUY
2016-02-05T00:14:30.253000;2016-02-05T00:14:30.317000;b4310d06-49a7-4c4b-a0e4-aa720bfd8da0;386.92;5.294;BUY
2016-02-05T00:14:30.253000;2016-02-05T00:14:30.317000;a51de192-a63d-431e-ba2f-34d98c4452ac;386.95;0.085;BUY
2016-02-05T00:14:30.253000;2016-02-05T00:14:30.317000;d98307fc-72b6-4a13-926a-ee018ab6fe0b;386.95;0.33;BUY
2016-02-05T00:14:30.253000;2016-02-05T00:14:30.317000;6f176691-003d-460d-b31a-9d98106b51f1;386.96;0.098;BUY
2016-02-05T00:14:30.253000;2016-02-05T00:14:30.333000;35ce54fb-3ceb-421b-aeec-4ee8a5de84ac;386.96;0.01;BUY
2016-02-05T00:14:30.253000;2016-02-05T00:14:30.333000;4cc81ab0-8337-4e82-8af9-ece11a71e4c7;386.99;0.122;BUY
2016-02-05T00:14:30.253000;2016-02-05T00:14:30.333000;3e3f69b4-636a-4ae1-9dd3-54a48dcee07a;386.99;0.65332773;BUY
2016-02-05T00:14:31.347000;2016-02-05T00:14:31.380000;c11ce3e2-4e0b-4867-b740-9c9354e372c9;386.9;0.01265227;SELL
2016-02-05T00:14:31.347000;2016-02-05T00:14:31.397000;231ea265-204f-4ab8-9939-685ec36f24b3;386.9;0.39;SELL
2016-02-05T00:14:31.347000;2016-02-05T00:14:31.397000;409e4a0f-2a28-4a03-9d51-458fb62673ce;386.76;0.01;SELL
2016-02-05T00:14:31.347000;2016-02-05T00:14:31.397000;e2ce4c4b-a281-4ee6-8313-8d75f27a8d6b;386.68;0.01;SELL
2016-02-05T00:14:31.347000;2016-02-05T00:14:31.397000;64c35427-a39c-4a98-a0b1-491113f8f8eb;386.67;0.09;SELL
2016-02-05T00:14:31.347000;2016-02-05T00:14:31.397000;4c5ddfd8-920d-431b-aa51-4959e6745292;386.65;0.105;SELL
2016-02-05T00:14:31.347000;2016-02-05T00:14:31.397000;0d8c3548-b02e-4f01-84f7-4db271154083;386.64;0.107;SELL
2016-02-05T00:14:31.350000;2016-02-05T00:14:31.397000;51ec336c-efa7-4be2-8380-8e8e7a965982;386.61;0.107;SELL
2016-02-05T00:14:31.350000;2016-02-05T00:14:31.397000;30e1d94b-2d40-4e2e-96fd-49b4e6f08f5a;386.54;0.01;SELL
2016-02-05T00:14:31.350000;2016-02-05T00:14:31.410000;88424af2-e0fe-40d4-b8ff-3b8f7af387c5;386.27;0.45;SELL
2016-02-05T00:14:31.350000;2016-02-05T00:14:31.410000;60e057ad-dbfd-4ceb-9596-7806135a8c71;386.26;0.01;SELL
2016-02-05T00:14:31.350000;2016-02-05T00:14:31.410000;ed56cc8f-7e6b-4d3e-87fb-501bf94fb84a;386.16;0.9877;SELL
2016-02-05T00:14:31.350000;2016-02-05T00:14:31.410000;0e2fafe9-8ee4-49ef-ab4a-9cac8a1d304d;386.15;1.65;SELL
2016-02-05T00:14:31.350000;2016-02-05T00:14:31.410000;71465365-a36a-49d7-a7d0-680ff9c9873a;386.14;0.3273;SELL
2016-02-05T00:14:31.350000;2016-02-05T00:14:31.427000;26a05e53-c47d-4529-a7b9-0c411e7b8448;386.11;1.8;SELL
2016-02-05T00:14:31.350000;2016-02-05T00:14:31.427000;92f514f9-7d3f-421d-8e1c-3b5ca369f765;386.1;0.011;SELL
2016-02-05T00:14:31.350000;2016-02-05T00:14:31.427000;586994a7-3ddb-461e-aa15-9d15023642cb;386.1;0.011;SELL
2016-02-05T00:14:31.350000;2016-02-05T00:14:31.427000;a0167e5b-bf0f-4062-9a17-75069378a698;386.1;0.5;SELL
2016-02-05T00:14:31.350000;2016-02-05T00:14:31.427000;74bae65f-327e-402d-b372-f23b31b462e4;386.1;0.75;SELL
2016-02-05T00:14:31.350000;2016-02-05T00:14:31.427000;9ae553fe-1a26-44f5-bd42-38799aa0d403;386.09;0.011;SELL
2016-02-05T00:14:31.350000;2016-02-05T00:14:31.427000;1888044d-16f5-4e1f-b2ac-7af4bac675e5;386.09;1.05;SELL
2016-02-05T00:14:31.350000;2016-02-05T00:14:31.457000;cb715829-2e77-482a-9c2c-1da1d9219e81;386.08;0.011;SELL
2016-02-05T00:14:31.350000;2016-02-05T00:14:31.457000;af3ca427-63eb-45e4-bd1e-1d92c4182836;386.08;1.5;SELL
2016-02-05T00:14:31.350000;2016-02-05T00:14:31.457000;630c04ab-276c-4193-9876-7acf2c07c8b7;386.07;0.01856488;SELL
2016-02-05T00:14:31.350000;2016-02-05T00:14:31.457000;ad6b5b7d-b5ce-4aed-aac8-3afca372afa5;386.07;0.011;SELL
2016-02-05T00:14:31.350000;2016-02-05T00:14:31.457000;a180d903-1824-480d-9b7c-3cac88a7f949;386.07;0.011;SELL
2016-02-05T00:14:31.350000;2016-02-05T00:14:31.457000;462398e5-f1dc-4e6b-9b53-cad292a55fbd;386.07;0.011;SELL
2016-02-05T00:14:31.350000;2016-02-05T00:14:31.457000;a5338339-983f-4eaa-accb-34e5660ca580;386.07;0.84599285;SELL
2016-02-05T00:14:49.160000;2016-02-05T00:14:49.177000;6c17a22c-4db2-4828-8901-2cebb1e22590;386.93;0.04;BUY
2016-02-05T00:15:01.713000;2016-02-05T00:15:01.723000;c623ed67-e3c3-4746-aacc-e00c85625bc4;386.93;0.21;BUY
2016-02-05T00:15:01.713000;2016-02-05T00:15:01.753000;5d7a777a-1b70-4e1d-853c-4f620a815aa1;386.93;0.129;BUY
2016-02-05T00:15:01.713000;2016-02-05T00:15:01.753000;286b136e-9b77-4672-aa6c-3b9c96802eac;386.93;0.63249;BUY
2016-02-05T00:15:01.840000;2016-02-05T00:15:01.850000;e0ad4819-c3ac-4526-b44b-bc0a31d547ac;386.93;0.01;BUY
2016-02-05T00:15:31.117000;2016-02-05T00:15:31.130000;33b843e8-bf84-4a1f-8067-4d26038d105e;386.93;1.03836;BUY
2016-02-05T00:15:39.363000;2016-02-05T00:15:39.380000;180f91fb-9ac7-48ef-9327-a3006a8acf2f;386.93;0.04;BUY
2016-02-05T00:16:01.487000;2016-02-05T00:16:01.490000;52394e57-c126-4642-9850-ee28c5348b6c;386.93;0.01;BUY
2016-02-05T00:16:02.667000;2016-02-05T00:16:02.677000;6f7e3083-e927-4261-b62c-3305cb1fb730;386.93;0.55835;BUY
2016-02-05T00:16:31.383000;2016-02-05T00:16:31.397000;6ee50e6c-f54a-4147-8828-1a42608e340b;386.93;0.36907;BUY
2016-02-05T00:16:32.523000;2016-02-05T00:16:32.537000;cd414cfd-3172-437d-822f-ed9a67eb2d46;386.93;0.18883347;BUY
2016-02-05T00:16:33.487000;2016-02-05T00:16:33.490000;5cdd7d2d-6850-48d8-8d22-588d74a916e5;386.93;0.18883347;BUY
2016-02-05T00:16:33.750000;2016-02-05T00:16:33.770000;b65ae8b6-b8ab-41c4-b1f5-6cafe885a649;386.93;0.18883347;BUY
2016-02-05T00:16:34.710000;2016-02-05T00:16:34.723000;f4e4751d-7bf1-4cc1-bb0f-b5d5db585040;386.93;0.18883347;BUY
2016-02-05T00:16:35.693000;2016-02-05T00:16:35.707000;51cb431c-d92f-40f2-8028-dffe21054f2d;386.93;0.18883347;BUY
2016-02-05T00:17:01.457000;2016-02-05T00:17:01.473000;a3ba9499-2eec-4aa8-a005-6bd2358557b0;386.92;0.01;SELL
2016-02-05T00:17:01.457000;2016-02-05T00:17:01.490000;3bd149cc-5cd2-47af-9dc2-e0b020a19cba;386.91;0.01;SELL
2016-02-05T00:17:01.457000;2016-02-05T00:17:01.490000;be248fe4-fbf6-421f-bd34-3991255e9581;386.88;0.18883347;SELL
2016-02-05T00:17:01.457000;2016-02-05T00:17:01.490000;a74c6c01-d7eb-42d2-8c22-604f6f205e9f;386.85;0.01265227;SELL
2016-02-05T00:17:01.457000;2016-02-05T00:17:01.490000;471ec644-5f4c-40c5-be69-0f0c594449a3;386.79;0.18883347;SELL
2016-02-05T00:17:01.457000;2016-02-05T00:17:01.507000;879cad7c-5f68-4d89-b342-dedf12a5aa16;386.75;0.01;SELL
2016-02-05T00:17:01.457000;2016-02-05T00:17:01.507000;7e0a4fb4-2d30-4ce3-b5e5-4f753052f10b;386.72;0.093;SELL
2016-02-05T00:17:01.457000;2016-02-05T00:17:01.507000;030b4052-6028-431c-be2c-32ace02ca480;386.7;0.18883347;SELL
2016-02-05T00:17:01.457000;2016-02-05T00:17:01.507000;f5560ae8-8334-42e7-ad4f-28ab7dce2b3b;386.66;0.08;SELL
2016-02-05T00:17:01.457000;2016-02-05T00:17:01.520000;79a6e5f4-e114-4e2b-a595-a7e0fb98aec2;386.63;0.096;SELL
2016-02-05T00:17:01.457000;2016-02-05T00:17:01.520000;84d4c0fc-e41c-48b1-9138-044104058725;386.61;0.18883347;SELL
2016-02-05T00:17:01.457000;2016-02-05T00:17:01.537000;b31a7c4b-6c47-4f0a-b83b-1312cb62fed0;386.6;0.109;SELL
2016-02-05T00:17:01.457000;2016-02-05T00:17:01.537000;2f007c77-e5ac-4449-a66f-22518f68609d;386.57;0.124;SELL
2016-02-05T00:17:01.457000;2016-02-05T00:17:01.537000;407ed202-35b3-4c02-9af8-5f8881d50a92;386.56;0.125;SELL
2016-02-05T00:17:01.457000;2016-02-05T00:17:01.537000;9fa7566f-dccb-48e7-b236-cc215a281efc;386.54;0.073;SELL
2016-02-05T00:17:01.460000;2016-02-05T00:17:01.537000;fac65d38-17d0-45a9-a730-59a724cd355c;386.53;0.01;SELL
2016-02-05T00:17:01.460000;2016-02-05T00:17:01.537000;27c66a41-8428-464d-92d0-4390f636426a;386.53;0.129;SELL
2016-02-05T00:17:01.460000;2016-02-05T00:17:01.553000;a70c5fda-e552-49fc-8c26-16965228ee16;386.52;0.18883347;SELL
2016-02-05T00:17:01.460000;2016-02-05T00:17:01.553000;544f6b23-914b-4ba9-a24c-a702e9adf45e;386.5;0.092;SELL
2016-02-05T00:17:01.460000;2016-02-05T00:17:01.553000;8fce6f56-d082-4a98-a387-42e6feb1f0e7;386.47;0.09;SELL
2016-02-05T00:17:01.460000;2016-02-05T00:17:01.553000;34f25b07-9149-4621-8306-a0d2e800580a;386.44;0.123;SELL
2016-02-05T00:17:01.460000;2016-02-05T00:17:01.567000;39e75b9a-7b74-408b-9229-0dbcf354e2ef;386.27;0.06;SELL
2016-02-05T00:17:01.460000;2016-02-05T00:17:01.567000;ae129e53-7501-494b-b040-d57396cd0176;386.26;0.01;SELL
2016-02-05T00:17:01.460000;2016-02-05T00:17:01.567000;b5e47dad-19b8-419a-b35b-dcb4b6fe3c03;386.22;0.17487038;SELL
2016-02-05T00:17:01.527000;2016-02-05T00:17:01.583000;312a392e-9277-415d-b247-a7246535192a;386.93;0.01;BUY
2016-02-05T00:17:31.913000;2016-02-05T00:17:31.927000;52ee5d40-9bc7-4cf9-9209-bd71afb979d7;386.73;0.01;SELL
2016-02-05T00:17:31.913000;2016-02-05T00:17:31.927000;45565b3d-41f8-4330-924e-a7d56f1bac7f;386.71;0.01;SELL
2016-02-05T00:17:31.913000;2016-02-05T00:17:31.927000;69c799e2-5e73-4c47-874c-6520fe889006;386.71;0.01;SELL
2016-02-05T00:17:31.913000;2016-02-05T00:17:31.973000;c58dbae3-2d7e-496b-87ff-5e0fec5d8033;386.7;0.01265135;SELL
2016-02-05T00:17:31.913000;2016-02-05T00:17:31.973000;02ef2b31-4524-4b74-a2c1-b21b3168ff06;386.69;0.01;SELL
2016-02-05T00:17:31.913000;2016-02-05T00:17:31.973000;78dcf110-b5a9-4c36-923e-191b8aed816c;386.68;0.01;SELL
2016-02-05T00:17:31.913000;2016-02-05T00:17:31.973000;ed44190f-1180-487f-8393-619186a8f95a;386.67;0.01;SELL
2016-02-05T00:17:31.913000;2016-02-05T00:17:31.973000;5f5afeb6-e74c-4396-91b9-ab7656c10c13;386.67;0.62474865;SELL
2016-02-05T00:18:01.160000;2016-02-05T00:18:01.160000;3c33a295-9a15-49f3-853d-ad0aab3eff2e;386.69;0.24952;BUY
2016-02-05T00:18:01.873000;2016-02-05T00:18:01.880000;802f43f2-b3bc-499d-af65-89ca10de6f63;386.69;0.00048;BUY
2016-02-05T00:18:01.873000;2016-02-05T00:18:01.897000;e6315a78-09cb-4a7e-a3db-a9bb953d7916;386.69;0.00952;BUY
2016-02-05T00:18:31.477000;2016-02-05T00:18:31.490000;948c86cb-a3e4-4b29-87fe-b414fd50c792;386.68;0.01;SELL
2016-02-05T00:18:31.477000;2016-02-05T00:18:31.507000;35e8a223-c15a-4228-b445-6d7c0308db4e;386.66;0.01;SELL
2016-02-05T00:18:31.477000;2016-02-05T00:18:31.507000;a571b12f-bf33-4463-beb0-a765db70cab7;386.65;0.01;SELL
2016-02-05T00:18:31.477000;2016-02-05T00:18:31.507000;2194e4d5-9717-43c0-b2b7-1ab12201c9dc;386.65;0.01265135;SELL
2016-02-05T00:18:31.477000;2016-02-05T00:18:31.567000;f7b61c01-f32e-4af7-99a0-95bcaecb8c29;386.64;0.01;SELL
2016-02-05T00:18:31.480000;2016-02-05T00:18:31.567000;e553e272-4ff2-4847-b35b-93ebeee8351b;386.63;0.01;SELL
2016-02-05T00:18:31.480000;2016-02-05T00:18:31.583000;817a38d2-b214-4629-99b7-89d2808db556;386.63;0.62566865;SELL
2016-02-05T00:18:39.353000;2016-02-05T00:18:39.363000;38dec1c3-906c-4a3b-9d51-f22041211ada;386.64;0.25;BUY
2016-02-05T00:18:52.343000;2016-02-05T00:18:52.350000;f1a581f4-342f-44c0-960e-5a8c0fd3d926;386.67;0.25;BUY
2016-02-05T00:19:01.497000;2016-02-05T00:19:01.520000;2a6a90bd-cb84-4c1a-9904-f5a7e83c9503;386.63;7.71432;SELL
2016-02-05T00:19:01.683000;2016-02-05T00:19:01.693000;d8c7bb44-e207-48c4-830c-cebbcf430080;386.7;0.01;BUY
2016-02-05T00:19:31.973000;2016-02-05T00:19:32.060000;6b050c7c-e08f-48da-b50d-581e064fe388;386.67;0.25;BUY
2016-02-05T00:19:31.973000;2016-02-05T00:19:32.060000;ae7778f1-f21e-42d8-9a16-af0d0793ccc3;386.68;0.17;BUY
2016-02-05T00:19:31.973000;2016-02-05T00:19:32.060000;95c4c21c-4280-44e0-ae07-a774f4038b2b;386.7;0.00265135;BUY
2016-02-05T00:19:31.973000;2016-02-05T00:19:32.060000;78b436aa-9208-4323-83ac-1385d88e5bd2;386.75;0.01265135;BUY
2016-02-05T00:19:31.973000;2016-02-05T00:19:32.060000;cf5e5376-fc94-41e8-a543-f1e24a7f8ca1;386.75;0.2979373;BUY
2016-02-05T00:20:01.320000;2016-02-05T00:20:01.370000;e90100aa-06c6-4c8a-914e-0c7af618346f;386.71;0.12879;BUY
2016-02-05T00:20:01.400000;2016-02-05T00:20:01.467000;af3548c1-034a-41e6-a642-735bb519a32c;386.71;0.01;BUY
2016-02-05T00:20:16.070000;2016-02-05T00:20:16.137000;f1eecfd4-306b-4a1b-883a-ebdb51bae765;386.71;0.25;BUY
2016-02-05T00:21:01.770000;2016-02-05T00:21:01.823000;3ba1b65b-9495-42a4-8384-1833dda309ce;386.72;0.01;BUY
2016-02-05T00:21:02.127000;2016-02-05T00:21:02.183000;5df9cbe2-1cb0-4196-a67b-935034aed2de;386.72;0.2488;BUY
2016-02-05T00:21:12.200000;2016-02-05T00:21:12.247000;9254b8c6-487c-4658-90a6-406958941566;386.72;0.25;BUY
2016-02-05T00:21:12.200000;2016-02-05T00:21:12.263000;6e87458d-c8fb-40ae-bb09-d69eba4f3770;386.72;0.179;BUY
2016-02-05T00:21:19.527000;2016-02-05T00:21:19.607000;f7cdd03c-f2a7-41ed-894e-a515e2ca16fd;386.71;0.01;SELL
2016-02-05T00:21:19.527000;2016-02-05T00:21:19.607000;e8ca9e5a-f43d-4b93-85f5-310dd34e26a5;386.7;0.01265135;SELL
2016-02-05T00:21:19.527000;2016-02-05T00:21:19.607000;72520321-68d2-4260-80ec-ca229121741c;386.7;0.81;SELL
2016-02-05T00:21:19.527000;2016-02-05T00:21:19.607000;6c8bee96-4574-4852-aac0-92f653a735c5;386.64;0.01;SELL
2016-02-05T00:21:19.527000;2016-02-05T00:21:19.607000;dc55ea16-e809-4d23-8c1e-505a86575b5f;386.63;0.01;SELL
2016-02-05T00:21:19.527000;2016-02-05T00:21:19.607000;9f6ee0fb-7d0a-4a6f-968a-715b395f4d0f;386.62;0.01;SELL
2016-02-05T00:21:19.530000;2016-02-05T00:21:19.607000;fbed9840-09c4-418c-abdc-cc9258ba482d;386.61;0.01;SELL
2016-02-05T00:21:19.530000;2016-02-05T00:21:19.637000;acab8490-1736-49f9-bfca-023d34fbf1d0;386.6;0.01;SELL
2016-02-05T00:21:19.530000;2016-02-05T00:21:19.637000;96f9e436-5947-4e58-8c8f-2dfcf4369ae6;386.59;0.01;SELL
2016-02-05T00:21:19.530000;2016-02-05T00:21:19.637000;2955aba4-8a4a-4ecb-b78f-944a92d73125;386.58;0.01;SELL
2016-02-05T00:21:19.530000;2016-02-05T00:21:19.637000;903ecb42-575e-45e7-b424-5fcc96bb19a1;386.58;0.15;SELL
2016-02-05T00:21:19.530000;2016-02-05T00:21:19.637000;25dad338-60a5-4f8f-8cdc-ff7600ec2f74;386.57;0.01;SELL
2016-02-05T00:21:19.530000;2016-02-05T00:21:19.637000;e1b185a6-ab5d-41e9-8627-4bc898610f45;386.54;0.9;SELL
2016-02-05T00:21:19.530000;2016-02-05T00:21:19.637000;c96e9b69-094b-47a6-bb9c-b50cbfb88d1f;386.53;4.03734865;SELL
2016-02-05T00:21:31.273000;2016-02-05T00:21:31.323000;3b41a585-3396-47c4-9b75-924e5bffc0b1;386.65;0.01265381;SELL
2016-02-05T00:21:31.273000;2016-02-05T00:21:31.357000;c5cc98cc-bbbe-475f-913e-4d017616d292;386.54;0.45;SELL
2016-02-05T00:21:31.273000;2016-02-05T00:21:31.357000;d092746e-bfa7-47bf-9bfb-ec306f87c56a;386.53;0.82865135;SELL
2016-02-05T00:21:31.273000;2016-02-05T00:21:31.357000;42f491e4-3053-4ed3-b4b7-216eef787bee;386.52;0.01;SELL
2016-02-05T00:21:31.273000;2016-02-05T00:21:31.357000;766d1967-b353-4ea0-b655-df7652aeb56d;386.32;0.72450484;SELL
2016-02-05T00:22:01.630000;2016-02-05T00:22:01.683000;4dfefc28-d238-41ea-84de-c210ded0cd98;386.7;0.01265381;BUY
2016-02-05T00:22:01.630000;2016-02-05T00:22:01.700000;57fcbddd-2d7e-4501-87a6-5f525a324b25;386.72;0.01;BUY
2016-02-05T00:22:01.633000;2016-02-05T00:22:01.700000;8b30529d-fb12-455a-ba37-8b529e8dc170;386.73;0.01;BUY
2016-02-05T00:22:01.633000;2016-02-05T00:22:01.700000;b8cd3e35-170d-4ec2-955b-f32457918c6b;386.75;0.00603619;BUY
2016-02-05T00:22:22.110000;2016-02-05T00:22:22.170000;b943e3ae-b7d4-4305-afc1-63cc73a45e5f;386.75;0.00661516;BUY
2016-02-05T00:22:30.520000;2016-02-05T00:22:30.573000;4d8e95ef-d589-4253-a24c-7743ca1731c4;386.78;0.01;BUY
2016-02-05T00:22:31.340000;2016-02-05T00:22:31.387000;61f627c0-0aa0-42f5-99c9-e6ead1ad62ac;386.75;0.00338484;SELL
2016-02-05T00:22:31.340000;2016-02-05T00:22:31.403000;68cf4c4e-7dcf-45e2-a8d0-eef04bd27189;386.75;0.01265381;SELL
2016-02-05T00:22:31.340000;2016-02-05T00:22:31.403000;47c7e96a-c875-4c71-8094-30aff81ae369;386.73;0.01;SELL
2016-02-05T00:22:31.340000;2016-02-05T00:22:31.403000;712f25c1-9d61-46a1-8f26-fa49f4e86a69;386.72;0.01;SELL
2016-02-05T00:22:31.340000;2016-02-05T00:22:31.403000;98794c9b-ee86-4810-a37b-cd24a6f2c624;386.71;0.01;SELL
2016-02-05T00:22:31.340000;2016-02-05T00:22:31.403000;5662047e-47a7-4816-9c56-0af63e48a8c5;386.64;0.01;SELL
2016-02-05T00:22:31.340000;2016-02-05T00:22:31.403000;196a10dc-5d5b-4c7a-bd7c-1ab10fdc7a90;386.63;0.01;SELL
2016-02-05T00:22:31.343000;2016-02-05T00:22:31.403000;4c51d9ba-d093-484b-9721-c1962eeca5ce;386.62;0.01;SELL
2016-02-05T00:22:31.343000;2016-02-05T00:22:31.433000;6bb8bd16-2577-431d-9b9d-a3ffaa8e5414;386.56;0.6;SELL
2016-02-05T00:22:31.343000;2016-02-05T00:22:31.433000;1824deed-679a-47f0-a8cc-6a735db796cb;386.55;0.01;SELL
2016-02-05T00:22:31.343000;2016-02-05T00:22:31.433000;69796467-551c-45da-ab5e-f41a41993f92;386.55;0.59621135;SELL
2016-02-05T00:23:01.407000;2016-02-05T00:23:01.467000;de03a027-539b-48fa-851d-4f12f0665be5;386.67;0.01;SELL
2016-02-05T00:23:01.407000;2016-02-05T00:23:01.480000;38e02b9b-bde8-4e8b-9367-56156e9c377c;386.66;0.01;SELL
2016-02-05T00:23:01.407000;2016-02-05T00:23:01.480000;44821220-689c-4fa4-88f4-c4e75eb00876;386.65;0.01265381;SELL
2016-02-05T00:23:01.407000;2016-02-05T00:23:01.480000;31243e59-6e93-436e-bf53-8306fd520f2a;386.62;0.01;SELL
2016-02-05T00:23:01.407000;2016-02-05T00:23:01.480000;1d38b924-1d6d-41e2-b137-7f6c617e51c5;386.61;0.01;SELL
2016-02-05T00:23:01.410000;2016-02-05T00:23:01.573000;c8d18602-2595-482f-a400-c98ad918145c;386.6;0.01;SELL
2016-02-05T00:23:01.410000;2016-02-05T00:23:01.573000;499dbf1d-1c7c-4700-8e82-52f521955926;386.6;0.01;SELL
2016-02-05T00:23:01.410000;2016-02-05T00:23:01.573000;edb28f2e-dbac-4478-b732-7935ac729e7d;386.59;0.01;SELL
2016-02-05T00:23:01.410000;2016-02-05T00:23:01.573000;b4437743-be0a-45ab-b0d1-ee8dd17b39ff;386.59;0.01;SELL
2016-02-05T00:23:01.410000;2016-02-05T00:23:01.573000;6f84b5da-3b06-4a20-9131-9bd8af63e60f;386.58;0.01;SELL
2016-02-05T00:23:01.410000;2016-02-05T00:23:01.573000;b8816d96-427a-421b-9d33-e994da467255;386.58;0.01;SELL
2016-02-05T00:23:01.410000;2016-02-05T00:23:01.573000;cb820108-b801-4a59-a39f-a858fac72131;386.58;0.01;SELL
2016-02-05T00:23:01.410000;2016-02-05T00:23:01.573000;37551e6a-8e56-4caa-a5d4-5dcceb1299bb;386.57;0.01;SELL
2016-02-05T00:23:01.410000;2016-02-05T00:23:01.573000;d2fce493-c230-489b-93a0-ea705261de2a;386.57;0.01;SELL
2016-02-05T00:23:01.410000;2016-02-05T00:23:01.573000;e101a197-c9b8-4dae-ae3d-67bf87718e03;386.54;0.01;SELL
2016-02-05T00:23:01.410000;2016-02-05T00:23:01.573000;2decbe19-32ed-4824-ae17-be80607fa659;386.54;0.15;SELL
2016-02-05T00:23:01.410000;2016-02-05T00:23:01.573000;ff698801-052b-4524-aa77-e39e9f967db9;386.53;0.01;SELL
2016-02-05T00:23:01.410000;2016-02-05T00:23:01.573000;d00ecc1f-771d-4e2b-bc6a-15e1d857fbf0;386.53;0.3;SELL
2016-02-05T00:23:01.410000;2016-02-05T00:23:01.573000;cc75a57a-294d-4e20-9b8d-ef6c209939a1;386.52;0.38414619;SELL
2016-02-05T00:23:01.633000;2016-02-05T00:23:01.683000;5478186c-34d1-404e-ba78-1c56f92c6d49;386.7;0.01;BUY
2016-02-05T00:23:31.350000;2016-02-05T00:23:31.403000;3bb9eab4-92cf-4dc1-bdaf-c81ddce31ac2;386.66;0.02;BUY
2016-02-05T00:23:31.350000;2016-02-05T00:23:31.420000;96903acb-4107-41d5-91eb-b175a28a87f1;386.67;0.01;BUY
2016-02-05T00:23:31.350000;2016-02-05T00:23:31.420000;463c897b-94e7-4bd5-ad9d-78d4eeb7e365;386.67;0.01;BUY
2016-02-05T00:23:31.350000;2016-02-05T00:23:31.420000;899a7733-edc7-4cf3-be41-fafc9ecc5ab9;386.68;0.01;BUY
2016-02-05T00:23:31.353000;2016-02-05T00:23:31.420000;fe3c540e-5ae4-46c9-8c90-ae8682bd8ef8;386.68;0.01;BUY
2016-02-05T00:23:31.353000;2016-02-05T00:23:31.497000;45b04720-2d22-480b-9921-43e7df9ab8ad;386.69;0.01;BUY
2016-02-05T00:23:31.353000;2016-02-05T00:23:31.497000;f30a0ed6-151f-41f1-b30f-e5232d105433;386.7;0.01;BUY
2016-02-05T00:23:31.353000;2016-02-05T00:23:31.513000;6465e573-e8eb-4e26-9c6e-b8a79b8b071d;386.7;0.01;BUY
2016-02-05T00:23:31.353000;2016-02-05T00:23:31.513000;3883285d-91f4-4fb2-b5a8-47c434a987bd;386.7;0.01265381;BUY
2016-02-05T00:23:31.353000;2016-02-05T00:23:31.513000;1314df1d-0203-46d2-9b8e-da9fd293567f;386.71;0.01;BUY
2016-02-05T00:23:31.353000;2016-02-05T00:23:31.513000;2995a4ee-337e-4012-b8c5-5b3eb6737eb0;386.72;0.01;BUY
2016-02-05T00:23:31.353000;2016-02-05T00:23:31.513000;d8eea45e-77e4-4f58-b267-bfce98a3d1a2;386.73;0.01;BUY
2016-02-05T00:23:31.353000;2016-02-05T00:23:31.513000;447bb322-cdc3-4af2-8077-7ccf89262364;386.74;0.01;BUY
2016-02-05T00:23:31.353000;2016-02-05T00:23:31.513000;fd6d2754-4564-410b-96ea-e37a333124cf;386.75;0.01;BUY
2016-02-05T00:23:31.353000;2016-02-05T00:23:31.513000;d3137dcd-758f-4481-8e8c-5976c909b264;386.76;0.01;BUY
2016-02-05T00:23:31.353000;2016-02-05T00:23:31.513000;d0178e7b-23ec-4722-9f6c-dc665e6812a9;386.76;0.02;BUY
2016-02-05T00:23:31.353000;2016-02-05T00:23:31.513000;e0e2824e-0d96-4663-b898-02f8aa3724c0;386.77;0.01;BUY
2016-02-05T00:23:31.353000;2016-02-05T00:23:31.513000;d3ecbb45-a5cf-4ec6-b096-727d6874e061;386.77;0.05;BUY
2016-02-05T00:23:31.353000;2016-02-05T00:23:31.513000;9f139caf-9e1f-4623-bef4-2bd2b243634b;386.78;0.20775619;BUY
2016-02-05T00:23:48.180000;2016-02-05T00:23:48.230000;6426b933-9689-46c1-8615-7ee1f66609db;386.77;0.01;BUY
2016-02-05T00:23:48.180000;2016-02-05T00:23:48.230000;d573fc95-c964-4572-8a62-fc87d462e0f6;386.78;0.01;BUY
2016-02-05T00:23:48.180000;2016-02-05T00:23:48.230000;e56d5c0e-63d3-4186-bcaf-80e89f58c136;386.78;0.01;BUY
2016-02-05T00:23:48.180000;2016-02-05T00:23:48.263000;c924a323-0115-42f1-a5d1-c37952c1341a;386.79;0.01;BUY
2016-02-05T00:23:48.180000;2016-02-05T00:23:48.263000;6d1b411d-9cd3-4465-bad4-55bd120ff7ce;386.8;0.01;BUY
2016-02-05T00:23:48.180000;2016-02-05T00:23:48.263000;d927dcdc-f16c-4417-807b-058b74aaebd7;386.8;0.01265381;BUY
2016-02-05T00:23:48.180000;2016-02-05T00:23:48.263000;a14c78d9-101b-49e7-9d0f-bb679d0de0db;386.81;0.00734619;BUY
2016-02-05T00:24:01.753000;2016-02-05T00:24:01.793000;96ae6961-a8cb-4463-b8ef-68c2cd5cf2a5;386.81;0.00265381;BUY
2016-02-05T00:24:22.220000;2016-02-05T00:24:22.263000;db41bb24-9fcb-45c3-a61a-effcee733f56;386.82;0.01;BUY
2016-02-05T00:24:24.447000;2016-02-05T00:24:24.497000;86a03737-d3c5-4a34-a97f-1c054248b7ad;386.83;0.01;BUY
2016-02-05T00:24:24.447000;2016-02-05T00:24:24.513000;db532a5d-231e-4b22-83b1-c7186cd4794e;386.84;0.01;BUY
2016-02-05T00:24:24.447000;2016-02-05T00:24:24.513000;f5f7dffd-7155-4321-a2d7-5ee97632b057;386.85;0.01;BUY
2016-02-05T00:24:24.447000;2016-02-05T00:24:24.513000;0aa02bc6-2e64-4933-9e34-4dae6a85283d;386.86;0.01;BUY
2016-02-05T00:24:24.447000;2016-02-05T00:24:24.513000;acb8a7e0-c410-46dc-b2a2-9df57fe7c4f1;386.86;0.01;BUY
2016-02-05T00:24:24.447000;2016-02-05T00:24:24.513000;538ec0e1-6619-47da-8e23-9f8d0cfe04c5;386.86;0.01;BUY
2016-02-05T00:24:24.447000;2016-02-05T00:24:24.513000;ea359da0-0ac1-40cb-b34c-608132935f2e;386.87;0.003;BUY
2016-02-05T00:24:31.257000;2016-02-05T00:24:31.310000;c3b0cf08-143c-4aa3-9b15-3ef79fdf88e8;386.87;0.007;BUY
2016-02-05T00:24:31.257000;2016-02-05T00:24:31.310000;ff18c436-0188-4feb-97f0-75e57e609d9e;386.88;0.01;BUY
2016-02-05T00:24:31.257000;2016-02-05T00:24:31.310000;8f7ab84f-414f-49c0-bcc5-f5887bc069d9;386.89;0.01;BUY
2016-02-05T00:24:31.257000;2016-02-05T00:24:31.310000;47de8523-104d-46ef-a52c-0f1307fedd66;386.9;0.01;BUY
2016-02-05T00:24:31.257000;2016-02-05T00:24:31.323000;0cead55e-1510-4630-9044-5d2fcaa25659;386.9;0.01265227;BUY
2016-02-05T00:24:31.257000;2016-02-05T00:24:31.323000;fc38149b-125d-4698-b8c3-7ce0de5d7500;386.91;0.01;BUY
2016-02-05T00:24:31.260000;2016-02-05T00:24:31.323000;48b42bfe-17e8-45a6-a2b0-fcc8a8aa1b46;386.91;0.01;BUY
2016-02-05T00:24:31.260000;2016-02-05T00:24:31.323000;838dd876-ad43-4c93-beb5-65c998a7b493;386.91;0.01;BUY
2016-02-05T00:24:31.260000;2016-02-05T00:24:31.323000;610fa31e-c635-4a38-bd7b-bff19507ba3b;386.91;0.01;BUY
2016-02-05T00:24:31.260000;2016-02-05T00:24:31.323000;4db79384-95da-4820-9588-fd4ed3641b26;386.92;0.01;BUY
2016-02-05T00:24:31.260000;2016-02-05T00:24:31.323000;0467220e-6681-4c4a-af27-721a4ef26ecf;386.92;0.01;BUY
2016-02-05T00:24:31.260000;2016-02-05T00:24:31.357000;f7084244-c740-470b-876e-1b06d40c8c08;386.93;0.027;BUY
2016-02-05T00:24:31.260000;2016-02-05T00:24:31.357000;d73b8db2-cf74-4256-b4b5-f73fdf1ae99d;386.93;0.01;BUY
2016-02-05T00:24:31.260000;2016-02-05T00:24:31.357000;7dd3fb60-01e0-42f9-aef8-9c01e443f5af;386.95;0.01;BUY
2016-02-05T00:24:31.260000;2016-02-05T00:24:31.357000;72e4f40b-d1c5-4751-baf7-4c52d90e1692;386.95;0.01265227;BUY
2016-02-05T00:24:31.260000;2016-02-05T00:24:31.357000;e4f8d423-7c21-4c1c-bb38-fdb253082f5a;386.96;0.01;BUY
2016-02-05T00:24:31.260000;2016-02-05T00:24:31.357000;568e3e61-42eb-4ca6-b16d-7dbd3a370f5b;386.97;0.01;BUY
2016-02-05T00:24:31.260000;2016-02-05T00:24:31.373000;26456f51-a7a2-4e71-a205-3eb715c77566;386.97;0.03702546;BUY
2016-02-05T00:24:32.563000;2016-02-05T00:24:32.623000;ea35a557-9cdc-44a2-92e3-4bb9b4fd1fd4;386.95;0.01;BUY
2016-02-05T00:24:32.563000;2016-02-05T00:24:32.623000;f4456b18-e9fd-4d14-90fe-a2396184758c;386.95;0.01;BUY
2016-02-05T00:24:32.563000;2016-02-05T00:24:32.623000;3e8c1c88-e65d-46c2-98b0-3d63c27e06cf;386.96;0.01;BUY
2016-02-05T00:24:32.563000;2016-02-05T00:24:32.623000;fde96411-4d3d-49c0-80ea-21e7946383f6;386.96;0.01;BUY
2016-02-05T00:24:32.563000;2016-02-05T00:24:32.637000;073e5695-3258-4ab6-9a1f-65fd7eee98d2;386.97;0.00297454;BUY
2016-02-05T00:24:32.563000;2016-02-05T00:24:32.637000;866a47d8-e3a7-48c5-a005-f7b741ebb5b9;386.98;0.01;BUY
2016-02-05T00:24:32.563000;2016-02-05T00:24:32.637000;8ef14b3d-0219-46dd-9713-720305364be2;386.99;0.01;BUY
2016-02-05T00:24:32.563000;2016-02-05T00:24:32.653000;258929a7-9327-4dbb-aabc-3aab4994157a;387.01;0.05;BUY
2016-02-05T00:24:32.563000;2016-02-05T00:24:32.653000;b742ffb1-bc89-4432-bc6e-e57e6005490e;387.03;0.05;BUY
2016-02-05T00:24:32.563000;2016-02-05T00:24:32.653000;3caa8506-f9d5-4f87-8e33-2ceee5c6c65e;387.05;0.01;BUY
2016-02-05T00:24:32.563000;2016-02-05T00:24:32.653000;159077c3-ef1c-4d5c-b125-aa8a60562dd5;387.06;0.01;BUY
2016-02-05T00:24:32.563000;2016-02-05T00:24:32.653000;cde70619-9d53-464c-a9d6-12c4f1406d14;387.06;0.05;BUY
2016-02-05T00:24:32.563000;2016-02-05T00:24:32.653000;fd049966-0d3a-4ca0-9f7f-4e475d1b12cb;387.06;0.01;BUY
2016-02-05T00:24:32.563000;2016-02-05T00:24:32.653000;a5d1fbdf-fc7a-471d-8aa4-877e4bc49796;387.07;0.01;BUY
2016-02-05T00:24:32.563000;2016-02-05T00:24:32.653000;9042be16-a3e7-4d37-98e8-8496053e837a;387.07;0.01;BUY
2016-02-05T00:24:32.563000;2016-02-05T00:24:32.653000;16d67d7c-582c-4a54-b1dd-9f39ce67e8fc;387.07;0.06852546;BUY
2016-02-05T00:25:22.733000;2016-02-05T00:25:22.777000;33725cd7-8063-4a54-9f2a-57e78c0f47e4;387.01;0.01;SELL
2016-02-05T00:25:22.733000;2016-02-05T00:25:22.793000;576e8438-b6bf-4969-b8cb-ac987ba5cf75;387.01;0.00024333;SELL
2016-02-05T00:25:31.227000;2016-02-05T00:25:31.277000;eec43444-2f47-41c3-b0d3-c111f1043b1f;387.02;0.25;BUY
2016-02-05T00:25:31.227000;2016-02-05T00:25:31.293000;478b947f-d51d-4be2-bdf6-36114ecfe96d;387.02;0.02;BUY
2016-02-05T00:25:31.227000;2016-02-05T00:25:31.293000;28f51d7b-ec14-46af-b188-5eb033316a25;387.02;0.02;BUY
2016-02-05T00:25:31.227000;2016-02-05T00:25:31.293000;6a29bde8-eafd-4058-b8a2-5ac3c506be4a;387.02;0.02;BUY
2016-02-05T00:25:31.227000;2016-02-05T00:25:31.310000;cd5d50ef-ef90-42c3-8f3d-4b2f570bfd8c;387.02;0.02;BUY
2016-02-05T00:25:31.227000;2016-02-05T00:25:31.310000;220494fa-ba73-4511-9e05-1f97b5a9cbbb;387.02;0.02;BUY
2016-02-05T00:25:31.227000;2016-02-05T00:25:31.310000;a59744b5-03f2-4a3d-9b98-0d028a0126d1;387.02;0.02;BUY
2016-02-05T00:25:31.227000;2016-02-05T00:25:31.310000;252f7efe-ea06-4923-9e70-182c984e1fb7;387.05;0.01;BUY
2016-02-05T00:25:31.230000;2016-02-05T00:25:31.310000;f11d3153-f0c8-43ca-84e1-28e60bbcafcd;387.05;0.01;BUY
2016-02-05T00:25:31.230000;2016-02-05T00:25:31.323000;d97a4d11-0847-404d-9f2a-bcf331ea60c6;387.07;0.39297454;BUY
2016-02-05T00:25:31.230000;2016-02-05T00:25:31.323000;494468d1-c2b3-4b80-8f05-e04dd75b28b6;387.07;0.05;BUY
2016-02-05T00:25:31.230000;2016-02-05T00:25:31.387000;b07cbbf2-25ab-4a4a-b552-5c03825bba76;387.07;0.05;BUY
2016-02-05T00:25:31.230000;2016-02-05T00:25:31.387000;72f89023-16ee-491b-b893-c512c9bf7280;387.09;0.05;BUY
2016-02-05T00:25:31.230000;2016-02-05T00:25:31.387000;bac597fc-e2ad-4338-9d4e-f6dd87b3d546;387.1;0.01264844;BUY
2016-02-05T00:25:31.230000;2016-02-05T00:25:31.387000;a49e5a97-ebd9-4494-9771-214362d7cc7c;387.1;0.01;BUY
2016-02-05T00:25:31.230000;2016-02-05T00:25:31.387000;af9cec65-15b4-4b51-a835-54565b307a9d;387.11;0.010025;BUY
2016-02-05T00:25:31.230000;2016-02-05T00:25:31.387000;f3dcf839-8bee-4292-a32c-7a089bc5eb60;387.11;0.05;BUY
2016-02-05T00:25:31.230000;2016-02-05T00:25:31.387000;151f4742-83c4-4e61-b086-1d8893fd8dc7;387.11;0.05;BUY
2016-02-05T00:25:31.230000;2016-02-05T00:25:31.387000;893758fc-3a59-4393-9443-58a20aa02087;387.13;0.05;BUY
2016-02-05T00:25:31.230000;2016-02-05T00:25:31.387000;5bfe1a0d-0432-4cf0-b862-13704066ce8c;387.13;0.05;BUY
2016-02-05T00:25:31.230000;2016-02-05T00:25:31.387000;795653c1-249c-4082-8308-14739403b920;387.13;0.05;BUY
2016-02-05T00:25:31.230000;2016-02-05T00:25:31.387000;2ea9e4e4-27e0-4aab-8068-c1a2e4c98994;387.15;0.01264844;BUY
2016-02-05T00:25:31.230000;2016-02-05T00:25:31.387000;cf925139-86bf-4371-ae05-2df7a0297124;387.15;0.05;BUY
2016-02-05T00:25:31.230000;2016-02-05T00:25:31.387000;0e8e0fa1-58cb-4d40-975a-cd63f29ebb41;387.16;0.05;BUY
2016-02-05T00:25:31.230000;2016-02-05T00:25:31.387000;ad9a2f76-0191-4345-b0e2-48aad9d08065;387.16;0.01;BUY
2016-02-05T00:25:31.233000;2016-02-05T00:25:31.387000;ec487ac3-a141-4e17-9eb6-444a05771dd5;387.16;0.0293627;BUY
2016-02-05T00:25:31.233000;2016-02-05T00:25:31.387000;07a1d0c1-8319-49cf-ae2d-c09a6cc603b8;387.17;1.55;BUY
2016-02-05T00:25:31.233000;2016-02-05T00:25:31.387000;39b9661b-b944-4509-9e1f-528a10890c33;387.17;0.25;BUY
2016-02-05T00:25:31.233000;2016-02-05T00:25:31.387000;7a142497-e1f0-4c53-b57b-47f941ea028d;387.18;0.01;BUY
2016-02-05T00:25:31.233000;2016-02-05T00:25:31.387000;1fdec554-127a-4b02-b57f-18050853cca3;387.19;0.05;BUY
2016-02-05T00:25:31.233000;2016-02-05T00:25:31.387000;13db5c6e-0a16-45a3-9519-f5b9e993cc22;387.19;0.05;BUY
2016-02-05T00:25:31.233000;2016-02-05T00:25:31.387000;00143564-6c1a-432f-a68e-ee9fe5ce99e5;387.2;0.01263809;BUY
2016-02-05T00:25:31.233000;2016-02-05T00:25:31.387000;32ce68ef-1ae2-49ee-8218-d93864456b8d;387.2;0.01;BUY
2016-02-05T00:25:31.233000;2016-02-05T00:25:31.387000;deafc3c2-0e01-4e49-9c78-fb1b8b7b71fc;387.2;0.01;BUY
2016-02-05T00:25:31.233000;2016-02-05T00:25:31.403000;c2c27234-d0ba-4d05-877c-5610d9468acb;387.21;0.05;BUY
2016-02-05T00:25:31.233000;2016-02-05T00:25:31.403000;d12f76c7-08c9-4de4-b0d6-61864c8ba988;387.22;0.05;BUY
2016-02-05T00:25:31.233000;2016-02-05T00:25:31.403000;4cda603e-ce68-455b-92c0-57d87e95e366;387.22;0.05;BUY
2016-02-05T00:25:31.233000;2016-02-05T00:25:31.403000;a4c68cb1-91c5-4f41-bef6-ca4cfb50b21d;387.23;0.05;BUY
2016-02-05T00:25:31.233000;2016-02-05T00:25:31.403000;e9701e59-8785-4576-add8-833552a56101;387.24;0.01;BUY
2016-02-05T00:25:31.233000;2016-02-05T00:25:31.403000;d485c47b-1f5f-4177-8ec5-9fab46a441a5;387.25;0.01;BUY
2016-02-05T00:25:31.233000;2016-02-05T00:25:31.403000;4b6a4145-3389-4b25-92a0-21d927b9bf3b;387.26;0.05;BUY
2016-02-05T00:25:31.233000;2016-02-05T00:25:31.403000;a6536a1a-d6ed-48f3-9b7b-c45ef0bd6bea;387.27;0.01;BUY
2016-02-05T00:25:31.237000;2016-02-05T00:25:31.403000;ed1c0e62-ebec-4030-a682-caa32d69a47d;387.29;0.01;BUY
2016-02-05T00:25:31.237000;2016-02-05T00:25:31.403000;af0dd182-4a07-4ab4-98da-dd7d8b0e8f9a;387.32;0.05;BUY
2016-02-05T00:25:31.237000;2016-02-05T00:25:31.420000;36e096d6-ae23-4f6a-9f75-03c3db662311;387.34;0.05;BUY
2016-02-05T00:25:31.237000;2016-02-05T00:25:31.467000;12d0298f-39fa-4000-bcdc-3f45f713edcd;387.35;0.01263809;BUY
2016-02-05T00:25:31.237000;2016-02-05T00:25:31.480000;c9d25335-7532-4e36-a6e1-001281e336fa;387.35;0.05;BUY
2016-02-05T00:25:31.237000;2016-02-05T00:25:31.480000;c36e0320-8297-446e-87b2-6b34fdf1e484;387.35;0.02;BUY
2016-02-05T00:25:31.237000;2016-02-05T00:25:31.480000;980706f9-8929-4248-b5ef-f80a78ffacfc;387.37;0.05;BUY
2016-02-05T00:25:31.237000;2016-02-05T00:25:31.480000;18a0e951-ee1a-4da1-875c-70b028008011;387.37;0.074;BUY
2016-02-05T00:25:31.237000;2016-02-05T00:25:31.480000;48ed5b6b-2168-43ea-9965-59126f092f2c;387.38;0.05;BUY
2016-02-05T00:25:31.237000;2016-02-05T00:25:31.480000;a73bc7a7-30d8-4f27-b50c-2221038d96c7;387.4;0.096;BUY
2016-02-05T00:25:31.237000;2016-02-05T00:25:31.480000;91a03000-e9a7-4277-b943-1b644a303a8d;387.41;0.05;BUY
2016-02-05T00:25:31.237000;2016-02-05T00:25:31.480000;fb9db7bb-d0cf-424d-afc0-d15f515fa93e;387.43;0.024;BUY
2016-02-05T00:25:31.237000;2016-02-05T00:25:31.480000;95c5eb54-bdc6-4790-b3a4-405d1f4bc979;387.44;0.05;BUY
2016-02-05T00:25:31.237000;2016-02-05T00:25:31.480000;4f78b272-b295-4e7b-a09a-06138b456646;387.49;0.01;BUY
2016-02-05T00:25:31.237000;2016-02-05T00:25:31.480000;3541a9b3-e4ed-4bf0-a9d3-b23a8f4502f6;387.51;0.01;BUY
2016-02-05T00:25:31.237000;2016-02-05T00:25:31.480000;3e0a7e67-312c-4076-99e4-e1c15b96dddb;387.56;0.01117188;BUY
2016-02-05T00:25:31.237000;2016-02-05T00:25:31.480000;78653427-eb17-439f-851e-9b2466a5b133;387.57;0.40314282;BUY
2016-02-05T00:26:01.197000;2016-02-05T00:26:01.247000;a7ff8feb-8eeb-4737-83fe-416441903a28;387.29;2.58131;BUY
2016-02-05T00:26:31.267000;2016-02-05T00:26:31.310000;69112f11-13c1-4441-b60c-16c73a7b0113;387.28;0.013;SELL
2016-02-05T00:26:31.267000;2016-02-05T00:26:31.323000;f77b73cf-ad1e-4d0e-a0c2-19cf74af17f7;387.28;0.03547;SELL
2016-02-05T00:27:01.267000;2016-02-05T00:27:01.310000;863564e2-0ae3-437a-8e16-01558f29dac6;387.29;0.90592;BUY
2016-02-05T00:27:11.193000;2016-02-05T00:27:11.230000;bd32397d-3c8e-4398-97ba-f84d42ec4c2b;387.29;0.013;BUY
2016-02-05T00:27:31.297000;2016-02-05T00:27:31.340000;2a06e38d-2715-4f1a-a58e-02605bbc716f;387.28;0.02626;SELL
2016-02-05T00:28:01.327000;2016-02-05T00:28:01.373000;8fdd82a4-9ccc-45f4-87de-790dce962906;387.29;4.12977;BUY
2016-02-05T00:28:01.327000;2016-02-05T00:28:01.387000;32b04db8-6648-4e98-b29f-5b0d730fc7bf;387.3;0.01;BUY
2016-02-05T00:28:01.330000;2016-02-05T00:28:01.403000;34577e4b-fc8f-423b-ae3a-9638cd8ee654;387.31;0.01;BUY
2016-02-05T00:28:01.330000;2016-02-05T00:28:01.403000;28da141c-ea9c-49d9-a1b9-ca4c3991e4e2;387.32;0.01;BUY
2016-02-05T00:28:01.330000;2016-02-05T00:28:01.403000;41805def-d94d-4a39-b3b3-467f8cf4e65b;387.34;0.01;BUY
2016-02-05T00:28:01.330000;2016-02-05T00:28:01.403000;fb188d3f-6515-4f2b-9edc-f5e1b0344588;387.34;0.01;BUY
2016-02-05T00:28:01.330000;2016-02-05T00:28:01.403000;f847e77d-e42b-4dc7-a90f-49c28e20916e;387.36;0.01;BUY
2016-02-05T00:28:01.330000;2016-02-05T00:28:01.403000;511fa085-a5fd-4f91-a142-f1104cb1ed1c;387.36;0.01;BUY
2016-02-05T00:28:01.330000;2016-02-05T00:28:01.420000;c5f85681-ac35-4c6c-86c0-0187bb52c250;387.38;0.01;BUY
2016-02-05T00:28:01.330000;2016-02-05T00:28:01.420000;50907279-2553-4929-b3b2-1c920575fab9;387.38;0.01;BUY
2016-02-05T00:28:01.330000;2016-02-05T00:28:01.420000;a0b76b3f-6a8f-4a51-82f4-725235337a1b;387.4;0.01;BUY
2016-02-05T00:28:01.330000;2016-02-05T00:28:01.420000;7f9bcea5-9f80-4225-9004-b139c4c12063;387.4;0.01;BUY
2016-02-05T00:28:01.330000;2016-02-05T00:28:01.420000;f3d88f96-5f68-4cfe-91f9-e7fd6eb80434;387.41;0.6;BUY
2016-02-05T00:28:01.330000;2016-02-05T00:28:01.433000;1fd3ae9f-c18f-4cf4-a4a6-6ca2a2142c9b;387.42;0.01;BUY
2016-02-05T00:28:01.330000;2016-02-05T00:28:01.433000;561495ba-3020-4de6-8f8f-cdcfaf4c1e16;387.43;0.01;BUY
2016-02-05T00:28:01.330000;2016-02-05T00:28:01.433000;401fb944-ee22-46d0-885a-46439afee003;387.43;0.3;BUY
2016-02-05T00:28:01.330000;2016-02-05T00:28:01.433000;49cfaa96-21c0-4e2d-8801-25199609ef8b;387.44;0.01;BUY
2016-02-05T00:28:01.330000;2016-02-05T00:28:01.433000;c6fa4b87-5abb-4363-9035-8fc8b7cdbc0f;387.44;0.75;BUY
2016-02-05T00:28:01.333000;2016-02-05T00:28:01.450000;386c6498-aa52-47cf-a798-74c4500c9aaf;387.44;1.039;BUY
2016-02-05T00:28:01.333000;2016-02-05T00:28:01.467000;fd5923dd-4c82-404a-b8a0-749cf04753df;387.45;0.20038;BUY
2016-02-05T00:28:31.337000;2016-02-05T00:28:31.373000;0ade06e5-c9ce-4b81-a376-985b93dff2db;387.4;0.0126491;SELL
2016-02-05T00:28:31.337000;2016-02-05T00:28:31.373000;0563ad1c-87e7-45b6-a9eb-71879b1611b7;387.4;0.0111709;SELL
2016-02-05T00:28:40.330000;2016-02-05T00:28:40.373000;52529026-f125-4446-9523-3c5e9bebfedf;387.4;0.012;SELL
2016-02-05T00:28:40.330000;2016-02-05T00:28:40.387000;8d095f92-ad02-426b-9666-833a0caba5cd;387.4;0.0632655;SELL
2016-02-05T00:28:40.330000;2016-02-05T00:28:40.387000;26a225a4-92d9-4eeb-8127-a5ba0f315ad9;387.4;0.53;SELL
2016-02-05T00:28:40.330000;2016-02-05T00:28:40.387000;609b00d4-8639-49b3-a76b-c7735729e021;387.4;0.123;SELL
2016-02-05T00:28:40.330000;2016-02-05T00:28:40.387000;a2ec83be-e4ff-4342-bef7-3a60f2fde070;387.39;0.012;SELL
2016-02-05T00:28:40.330000;2016-02-05T00:28:40.403000;25991fd7-eafd-4b4e-a0d8-c7d76ff7c117;387.38;0.012;SELL
2016-02-05T00:28:40.330000;2016-02-05T00:28:40.403000;16887b62-fd15-4382-9bad-d496b8221e5a;387.37;0.01;SELL
2016-02-05T00:28:40.330000;2016-02-05T00:28:40.403000;8e5bdac7-722c-4ef5-801e-a28cd08a90a8;387.37;0.01;SELL
2016-02-05T00:28:40.330000;2016-02-05T00:28:40.403000;b88d5d6c-6db1-4c86-872f-09f84b70cfdb;387.34;0.115;SELL
2016-02-05T00:28:40.330000;2016-02-05T00:28:40.403000;d8d923c7-752c-442c-9f7e-a29b2161491c;387.33;0.01;SELL
2016-02-05T00:28:40.330000;2016-02-05T00:28:40.420000;9a1d28b8-8041-4879-8845-568eb5aa791c;387.33;0.095;SELL
2016-02-05T00:28:40.330000;2016-02-05T00:28:40.420000;6fcddde9-f19e-48aa-9f7f-9eb0ae9d2f14;387.32;0.01;SELL
2016-02-05T00:28:40.330000;2016-02-05T00:28:40.420000;53b9a77b-bac6-4e75-9530-05f79574e200;387.3;0.176;SELL
2016-02-05T00:28:40.330000;2016-02-05T00:28:40.420000;8314763d-e25f-4b50-afa5-32a5b3648608;387.29;0.309;SELL
2016-02-05T00:28:40.330000;2016-02-05T00:28:40.420000;2a206054-55d8-4f01-9191-8ac7acecec12;387.28;0.076;SELL
2016-02-05T00:28:40.330000;2016-02-05T00:28:40.420000;fe4d3839-cf86-41f7-89e2-d8d3be0d2cea;387.28;0.465;SELL
2016-02-05T00:28:40.330000;2016-02-05T00:28:40.433000;3a6d434d-0b37-4add-935d-b5af691015ea;387.27;0.013;SELL
2016-02-05T00:28:40.333000;2016-02-05T00:28:40.433000;f33aaaea-b8cc-400e-8617-088c137471ec;387.26;0.12;SELL
2016-02-05T00:28:40.333000;2016-02-05T00:28:40.433000;35eef1ba-c384-4639-ad2e-f753ae806a7f;387.25;0.121;SELL
2016-02-05T00:28:40.333000;2016-02-05T00:28:40.433000;53fde549-ca41-4928-bdd0-f2e4b67b2a6a;387.23;0.105;SELL
2016-02-05T00:28:40.333000;2016-02-05T00:28:40.433000;0e92b6de-4979-40a6-b169-89eaa0381b25;387.22;0.155;SELL
2016-02-05T00:28:40.333000;2016-02-05T00:28:40.450000;d70f6c3e-70db-454d-ab00-b02a7f856d12;387.21;0.01;SELL
2016-02-05T00:28:40.333000;2016-02-05T00:28:40.450000;06c174d1-1a39-4ed1-bc68-55e926812d52;387.21;0.01;SELL
2016-02-05T00:28:40.333000;2016-02-05T00:28:40.467000;1eb6b029-5e18-4215-898a-4b79a10d8ee0;387.2;0.01;SELL
2016-02-05T00:28:40.333000;2016-02-05T00:28:40.467000;b75b1430-e622-497b-b33c-5f1d6414bb8a;387.2;0.106;SELL
2016-02-05T00:28:40.333000;2016-02-05T00:28:40.467000;dad0c205-2a69-4590-822a-354f3e12043e;387.19;0.01;SELL
2016-02-05T00:28:40.333000;2016-02-05T00:28:40.467000;276fd2f4-2a19-45ab-b581-787ddbc5a645;387.18;0.01;SELL
2016-02-05T00:28:40.333000;2016-02-05T00:28:40.467000;8361b602-20e4-4e47-ab42-59fd34bb5ef4;387.17;0.01;SELL
2016-02-05T00:28:40.333000;2016-02-05T00:28:40.467000;a28b8072-baf1-45c0-bb4d-cba7a8f693f1;387.17;0.01;SELL
2016-02-05T00:28:40.333000;2016-02-05T00:28:40.467000;f445ff7d-c787-4810-b15a-3107d6b3746f;387.16;0.01;SELL
2016-02-05T00:28:40.333000;2016-02-05T00:28:40.467000;920d584b-086f-4074-8c25-3aa1584e8d79;387.16;0.01;SELL
2016-02-05T00:28:40.333000;2016-02-05T00:28:40.467000;9485c137-cdd5-4b8a-b3d8-212a1c019aa0;387.16;0.121;SELL
2016-02-05T00:28:40.333000;2016-02-05T00:28:40.467000;a6753326-9c91-4bda-bdc1-988b60fa504c;387.15;0.01;SELL
2016-02-05T00:28:40.333000;2016-02-05T00:28:40.467000;0181bff1-4915-4632-8f44-405dd32f23bd;387.15;3.1307345;SELL
2016-02-05T00:29:01.380000;2016-02-05T00:29:01.420000;85d5242b-74bf-423b-8988-1e6ed7148cac;387.38;0.011;SELL
2016-02-05T00:29:01.380000;2016-02-05T00:29:01.433000;0986e172-af32-4c7d-8ef9-b0184babba75;387.38;0.103;SELL
2016-02-05T00:29:01.380000;2016-02-05T00:29:01.433000;d20fac64-ba38-43d9-b80f-95d10facf62d;387.37;0.012;SELL
2016-02-05T00:29:01.380000;2016-02-05T00:29:01.433000;ecfa7bc4-7b81-4815-aa1c-53ade056a50e;387.36;0.012;SELL
2016-02-05T00:29:01.380000;2016-02-05T00:29:01.450000;405bbfcc-afe1-424b-8e8c-9a61d4d51a19;387.35;0.0126491;SELL
2016-02-05T00:29:01.380000;2016-02-05T00:29:01.513000;22253071-c4cb-4d5e-b350-0d2a2bcc48d8;387.35;0.108;SELL
2016-02-05T00:29:01.380000;2016-02-05T00:29:01.513000;f065465c-9b30-4591-8090-7398498de751;387.32;0.081;SELL
2016-02-05T00:29:01.380000;2016-02-05T00:29:01.513000;cacfe4b2-bcba-4b00-b9a5-bb632ed27664;387.29;0.115;SELL
2016-02-05T00:29:01.380000;2016-02-05T00:29:01.513000;6bbf30b5-7cbc-4d20-b5dd-f25348055d49;387.26;0.088;SELL
2016-02-05T00:29:01.380000;2016-02-05T00:29:01.513000;7201cd0d-a408-4894-b0ea-584a985b7498;387.23;0.111;SELL
2016-02-05T00:29:01.380000;2016-02-05T00:29:01.513000;01e1b76d-51b8-4e27-a149-54fc2933b430;387.2;0.112;SELL
2016-02-05T00:29:01.380000;2016-02-05T00:29:01.513000;e9032fd8-823a-4a19-b963-6ee963296f45;387.17;0.01;SELL
2016-02-05T00:29:01.383000;2016-02-05T00:29:01.513000;b71f9012-c3b4-49ce-ad7e-1088ea15928c;387.17;0.0233509;SELL
2016-02-05T00:29:02.143000;2016-02-05T00:29:02.200000;25071f0e-deac-4ae1-a726-a699dd1bd096;387.19;0.01;SELL
2016-02-05T00:29:09.557000;2016-02-05T00:29:09.590000;d080d151-ec96-491c-acab-50a13f7c9236;387.25;0.01;SELL
2016-02-05T00:29:09.557000;2016-02-05T00:29:09.623000;291f9637-3962-434d-9137-2eb4325a4b49;387.25;0.01;SELL
2016-02-05T00:29:09.557000;2016-02-05T00:29:09.623000;bca39037-c90f-45c0-9482-7122985c767b;387.25;0.098;SELL
2016-02-05T00:29:09.557000;2016-02-05T00:29:09.623000;523fe1fd-c0b4-4924-87ad-919117cf27a7;387.24;0.01;SELL
2016-02-05T00:29:09.557000;2016-02-05T00:29:09.623000;c411f518-a1b8-4faf-b756-4c44a6680f87;387.23;0.01;SELL
2016-02-05T00:29:09.557000;2016-02-05T00:29:09.623000;08677b12-83fb-4079-bd52-d71b2f9ead99;387.23;0.01;SELL
2016-02-05T00:29:09.557000;2016-02-05T00:29:09.637000;29f47aed-c93a-46a8-9357-c21e0f0569bf;387.22;0.01;SELL
2016-02-05T00:29:09.560000;2016-02-05T00:29:09.637000;0dbaf4ac-0213-45ec-81cf-8bab44463ad4;387.22;0.099;SELL
2016-02-05T00:29:09.560000;2016-02-05T00:29:09.637000;2ec37585-78f1-48aa-86f9-e574c4d5563c;387.21;0.01;SELL
2016-02-05T00:29:09.560000;2016-02-05T00:29:09.637000;26121e2f-3b85-4a1e-a681-55bc93d3e66c;387.2;0.01;SELL
2016-02-05T00:29:09.560000;2016-02-05T00:29:09.637000;b50e33da-6bf6-45ff-8748-c84a49cbc3f4;387.19;0.01;SELL
2016-02-05T00:29:09.560000;2016-02-05T00:29:09.637000;d3a76c50-12c5-4fe8-9ef4-a500b1925148;387.19;0.08;SELL
2016-02-05T00:29:09.560000;2016-02-05T00:29:09.653000;0fc850e4-5421-4539-a6cb-09e0bc1a9a91;387.18;0.01;SELL
2016-02-05T00:29:09.560000;2016-02-05T00:29:09.653000;cf49fd6f-773e-4251-84e9-686fbdadbde6;387.16;0.077;SELL
2016-02-05T00:29:09.560000;2016-02-05T00:29:09.653000;218d23da-13b7-4160-b7d3-7d049480081b;387.15;1.2082655;SELL
2016-02-05T00:29:09.560000;2016-02-05T00:29:09.653000;c861760a-29c2-49c3-b97f-712535a5e224;387.14;0.01;SELL
2016-02-05T00:29:09.560000;2016-02-05T00:29:09.653000;62727f44-40dd-4bbf-add3-fb0435cc7384;387.14;0.01;SELL
2016-02-05T00:29:09.560000;2016-02-05T00:29:09.670000;852983fb-eac8-4bb8-8e0f-322d93bca320;387.13;0.01;SELL
2016-02-05T00:29:09.560000;2016-02-05T00:29:09.670000;fe6d2d00-7789-4881-8cc2-2c2bce8055f6;387.13;0.1;SELL
2016-02-05T00:29:09.560000;2016-02-05T00:29:09.670000;9bdc9bf8-5c46-42a5-8f0c-764a7e546d67;387.12;0.01;SELL
2016-02-05T00:29:09.560000;2016-02-05T00:29:09.670000;2deeab0e-a38c-4982-b1fd-7796ab07e29f;387.11;0.01;SELL
2016-02-05T00:29:09.560000;2016-02-05T00:29:09.683000;d3eab6dc-51f7-44aa-97db-0779bf4f749c;387.11;0.096;SELL
2016-02-05T00:29:09.560000;2016-02-05T00:29:09.683000;17b7ef57-4078-4e7f-b6e6-92f94d01c1a2;387.1;0.01;SELL
2016-02-05T00:29:09.560000;2016-02-05T00:29:09.683000;4ef05a11-e69e-467f-9ef3-de0fb9d9c8d3;387.09;0.01;SELL
2016-02-05T00:29:09.563000;2016-02-05T00:29:09.683000;83ff46b2-b831-4e74-88a1-e92379b072ce;387.08;0.01;SELL
2016-02-05T00:29:09.563000;2016-02-05T00:29:09.683000;40747b6e-4f43-4fd6-bc34-dfe0fd27958a;387.08;0.01;SELL
2016-02-05T00:29:09.563000;2016-02-05T00:29:09.683000;3dfcd043-d5fa-43d0-bd4a-267106a2064d;387.08;0.128;SELL
2016-02-05T00:29:09.563000;2016-02-05T00:29:09.683000;057d00b5-9799-4bfa-b9aa-d60af1ef5660;387.07;0.01;SELL
2016-02-05T00:29:09.563000;2016-02-05T00:29:09.700000;c36db02f-9ec9-4d4f-883b-cd8c1427a6f6;387.06;0.01;SELL
2016-02-05T00:29:09.563000;2016-02-05T00:29:09.700000;ba8b2662-cfbc-493e-91e6-a1eb2e427c9a;387.05;0.01;SELL
2016-02-05T00:29:09.563000;2016-02-05T00:29:09.700000;021f1eaa-8e61-4e15-8d90-e8e26b7fab60;387.05;0.01;SELL
2016-02-05T00:29:09.563000;2016-02-05T00:29:09.700000;5f11449e-a92b-4e1e-965e-dde05ebc6751;387.05;0.118;SELL
2016-02-05T00:29:09.563000;2016-02-05T00:29:09.700000;f2ce059a-9ae2-4a31-aab4-b1a7a29bf703;387.04;0.01;SELL
2016-02-05T00:29:09.563000;2016-02-05T00:29:09.717000;7d18b799-d1e7-4fcc-8816-3ac60a5d067a;387.04;0.01;SELL
2016-02-05T00:29:09.563000;2016-02-05T00:29:09.717000;ff26b216-d924-482a-86b8-272499df4279;387.04;0.01;SELL
2016-02-05T00:29:09.563000;2016-02-05T00:29:09.717000;eb5d76c9-b6dc-4a51-b29e-a37eb33efe8c;387.03;0.01;SELL
2016-02-05T00:29:09.563000;2016-02-05T00:29:09.717000;609686f5-e800-4131-b5c1-62b2a092d8b2;387.03;0.01;SELL
2016-02-05T00:29:09.563000;2016-02-05T00:29:09.717000;e409dc7c-352b-4ce6-a094-2fbfe247f413;387.03;0.01;SELL
2016-02-05T00:29:09.563000;2016-02-05T00:29:09.717000;24c0ae79-76b9-4830-b52c-e06a085a1763;387.02;0.01;SELL
2016-02-05T00:29:09.563000;2016-02-05T00:29:09.747000;206f8f51-a0d8-41b6-a117-6389764a8976;387.02;0.076;SELL
2016-02-05T00:29:14.877000;2016-02-05T00:29:14.903000;00663a07-127f-4366-94fb-83ff2aff4f40;386.99;0.01005264;BUY
2016-02-05T00:29:15.830000;2016-02-05T00:29:15.873000;1e0e539b-6af4-48e7-a31e-a15e8dd7b3b3;386.99;0.01;BUY
2016-02-05T00:29:31.353000;2016-02-05T00:29:31.387000;d8299d85-a030-46a5-9d02-b57acd144efe;386.99;0.22994736;BUY
2016-02-05T00:29:31.353000;2016-02-05T00:29:31.403000;8b7b942b-9daf-4214-b819-23e92db7c5b6;387.0;1.61552407;BUY
2016-02-05T00:29:31.353000;2016-02-05T00:29:31.420000;73ba113c-d7e9-4c81-b905-55fb2b68e60a;387.22;0.01346857;BUY
2016-02-05T00:30:01.427000;2016-02-05T00:30:01.467000;f2c33825-795d-4a7a-a21c-b5f33793d971;387.15;0.0126491;SELL
2016-02-05T00:30:01.427000;2016-02-05T00:30:01.480000;355286f1-522a-4905-b21d-5757c2cdedf2;387.15;0.073;SELL
2016-02-05T00:30:01.427000;2016-02-05T00:30:01.480000;ec9fafe8-8fbf-4f93-a930-e4e9a3af042b;387.12;0.01;SELL
2016-02-05T00:30:01.430000;2016-02-05T00:30:01.480000;a57ad9d1-9d69-4219-88cb-5a629571b4cf;387.12;0.075;SELL
2016-02-05T00:30:01.430000;2016-02-05T00:30:01.480000;4d759ba0-1581-4a6a-a369-91cf0f88682a;387.09;0.109;SELL
2016-02-05T00:30:01.430000;2016-02-05T00:30:01.577000;1bb05299-dd98-4630-a03f-d742bd23d113;387.06;0.01;SELL
2016-02-05T00:30:01.430000;2016-02-05T00:30:01.577000;bfc06734-dc2b-45a1-8f6b-de09310902c6;387.06;0.09;SELL
2016-02-05T00:30:01.430000;2016-02-05T00:30:01.577000;88f0adb9-22e9-4ef9-b96d-f9db69a605bc;387.05;0.01;SELL
2016-02-05T00:30:01.430000;2016-02-05T00:30:01.577000;ff1059a0-e0de-49bb-b69b-729067d63a41;387.04;0.01;SELL
2016-02-05T00:30:01.430000;2016-02-05T00:30:01.577000;a6ec14e7-4111-4391-a978-aa0ddb11c795;387.03;0.01;SELL
2016-02-05T00:30:01.430000;2016-02-05T00:30:01.577000;829a5044-43a6-4b84-b6a9-01115005a43b;387.03;0.0647609;SELL
2016-02-05T00:30:31.573000;2016-02-05T00:30:31.607000;9c04f734-9902-401b-97ec-75835ab81319;387.14;0.01;BUY
2016-02-05T00:30:31.573000;2016-02-05T00:30:31.623000;80b000a0-21aa-4e5b-bc83-bc36231d28ea;387.15;0.01;BUY
2016-02-05T00:30:31.573000;2016-02-05T00:30:31.623000;5de19933-f0ea-48a7-af04-ad1cf116ef6d;387.16;0.01;BUY
2016-02-05T00:30:31.573000;2016-02-05T00:30:31.623000;186d2737-3b2c-4f10-9c0b-11bc2270249f;387.16;0.01;BUY
2016-02-05T00:30:31.573000;2016-02-05T00:30:31.623000;22ce72d7-8f83-4d0c-9342-5dff0068bfa2;387.16;0.25;BUY
2016-02-05T00:30:31.573000;2016-02-05T00:30:31.623000;4e7e1e63-3358-4714-b4cf-4f973b8192d0;387.17;0.01;BUY
2016-02-05T00:30:31.573000;2016-02-05T00:30:31.623000;f8ab32a2-fa88-4847-810c-40596308cd90;387.18;0.01;BUY
2016-02-05T00:30:31.573000;2016-02-05T00:30:31.637000;73b4695e-8e84-4c88-af87-7aea6b3d004d;387.19;0.01;BUY
2016-02-05T00:30:31.577000;2016-02-05T00:30:31.637000;70d31a80-55f0-432d-b2d5-6d0fbf6cf8ff;387.2;0.01;BUY
2016-02-05T00:30:31.577000;2016-02-05T00:30:31.637000;cbcc1986-bf51-4a65-8911-7e3571003870;387.2;0.0126491;BUY
2016-02-05T00:30:31.577000;2016-02-05T00:30:31.637000;41bed3ab-05ea-4536-a023-9242401789dc;387.2;0.28;BUY
2016-02-05T00:30:31.577000;2016-02-05T00:30:31.653000;67e810a8-e966-4d02-b082-e66ab053d8b9;387.21;0.01;BUY
2016-02-05T00:30:31.577000;2016-02-05T00:30:31.653000;ddd21c7f-d696-4cdd-9eed-31d464836abd;387.22;0.01;BUY
2016-02-05T00:30:31.577000;2016-02-05T00:30:31.653000;e70c6f2e-73f3-4b82-87ab-fd6d5fbb30f6;387.23;0.01;BUY
2016-02-05T00:30:31.577000;2016-02-05T00:30:31.653000;8e21d09c-c9ab-4206-99c7-46b042faa256;387.24;0.01;BUY
2016-02-05T00:30:31.577000;2016-02-05T00:30:31.653000;7679a4ef-86d2-470a-8621-1eddc7fae7e4;387.25;0.01;BUY
2016-02-05T00:30:31.577000;2016-02-05T00:30:31.653000;740bcd9a-f357-4a0e-b4de-252de01f458f;387.26;0.01;BUY
2016-02-05T00:30:31.577000;2016-02-05T00:30:31.653000;1214dd4f-8710-4fc5-ae30-833410764d98;387.3;0.01;BUY
2016-02-05T00:30:31.577000;2016-02-05T00:30:31.653000;8f68bd4e-1126-475c-a69e-3442c1765d5b;387.32;0.104;BUY
2016-02-05T00:30:31.577000;2016-02-05T00:30:31.670000;a027d382-ff84-4e76-987d-1cf9ece9c0bb;387.33;0.01;BUY
2016-02-05T00:30:31.577000;2016-02-05T00:30:31.670000;8b6f5140-af5e-4a72-ba29-67310dd8c9a9;387.33;0.01;BUY
2016-02-05T00:30:31.577000;2016-02-05T00:30:31.700000;c169952b-3a51-4b8a-b245-adb204ac0e44;387.33;0.073;BUY
2016-02-05T00:30:31.577000;2016-02-05T00:30:31.717000;dd1bfe5d-ce66-4332-a58a-b4e71586356a;387.33;0.3;BUY
2016-02-05T00:30:31.577000;2016-02-05T00:30:31.717000;f092b083-ea3c-43b2-a329-e87c5bfc3aed;387.34;0.01;BUY
2016-02-05T00:30:31.577000;2016-02-05T00:30:31.717000;b4008d11-8908-496f-970a-9517669c83e2;387.34;0.6364609;BUY
2016-02-05T00:31:01.883000;2016-02-05T00:31:01.920000;a49db1b0-9ce2-469f-861a-48503b378a01;387.27;0.01;BUY
2016-02-05T00:31:01.883000;2016-02-05T00:31:01.933000;14af6514-e79b-43df-83f4-01ed17c5c345;387.27;0.01;BUY
2016-02-05T00:31:01.883000;2016-02-05T00:31:01.933000;6cc7a8d7-615a-493f-8386-d25cc769c8ce;387.28;0.01;BUY
2016-02-05T00:31:01.883000;2016-02-05T00:31:01.933000;16dc1fa8-7255-4792-bef2-30f29b02c00c;387.29;0.01;BUY
2016-02-05T00:31:01.883000;2016-02-05T00:31:01.933000;80e1feeb-bde8-41a2-9ac6-0f96e34e508b;387.29;0.25;BUY
2016-02-05T00:31:01.883000;2016-02-05T00:31:01.933000;6688a5fa-feca-42ba-abb3-10d19bf86a5b;387.3;0.01;BUY
2016-02-05T00:31:01.883000;2016-02-05T00:31:01.950000;f85885a6-8622-41f2-bba4-61fe564b9c74;387.31;0.01;BUY
2016-02-05T00:31:01.883000;2016-02-05T00:31:01.950000;cfc1f50a-d8d6-4d20-99ca-1ca5ea81d83f;387.32;0.01;BUY
2016-02-05T00:31:01.887000;2016-02-05T00:31:01.950000;04f9e858-67a8-4516-8388-22c0f1e1beb2;387.32;0.01;BUY
2016-02-05T00:31:01.887000;2016-02-05T00:31:01.950000;6d1741d4-e29c-4229-a6fd-3fbcefa3962d;387.35;0.01;BUY
2016-02-05T00:31:01.887000;2016-02-05T00:31:01.950000;8461b09c-0e6c-4f36-89a2-8b74609b97c3;387.35;0.01;BUY
2016-02-05T00:31:01.887000;2016-02-05T00:31:01.950000;ca8f7135-15cb-4acc-9518-2ae88bfa41a0;387.36;0.01;BUY
2016-02-05T00:31:01.887000;2016-02-05T00:31:01.967000;68ec91b1-7ebb-4b03-8f33-a00127174e03;387.37;0.01;BUY
2016-02-05T00:31:01.887000;2016-02-05T00:31:01.967000;32554fe4-ebd3-46b7-b180-80f6b0bf3ec0;387.37;0.01;BUY
2016-02-05T00:31:01.887000;2016-02-05T00:31:01.967000;9965873b-fb5c-44cb-8b34-ddb1a6e11a84;387.38;0.01;BUY
2016-02-05T00:31:01.887000;2016-02-05T00:31:01.967000;1cc9dba9-73d7-4168-9e9c-98f3fe0e52ba;387.38;0.01;BUY
2016-02-05T00:31:01.887000;2016-02-05T00:31:01.967000;6582e06d-fa97-421b-b578-1a316c044d00;387.39;0.01;BUY
2016-02-05T00:31:01.887000;2016-02-05T00:31:01.967000;991136aa-a6f6-4718-b302-224c2416d1bc;387.39;0.15;BUY
2016-02-05T00:31:01.887000;2016-02-05T00:31:01.980000;c400737f-d1ea-4e5d-a27e-40e965886476;387.4;0.01;BUY
2016-02-05T00:31:01.887000;2016-02-05T00:31:01.980000;5298474d-0b9e-4d08-a772-1af82365ba15;387.4;0.0126491;BUY
2016-02-05T00:31:01.887000;2016-02-05T00:31:01.980000;3c77ee65-9c7e-40d9-8e34-c25ff6917417;387.4;0.104;BUY
2016-02-05T00:31:01.887000;2016-02-05T00:31:01.980000;bb7ba394-c06a-4064-8004-94a377e0ec79;387.4;0.2459509;BUY
2016-02-05T00:31:34.153000;2016-02-05T00:31:34.183000;44baecda-5ed4-4813-95a7-6e994cfb1f70;387.33;0.25;BUY
2016-02-05T00:31:34.153000;2016-02-05T00:31:34.217000;817f1f27-31b5-4a01-9f12-c276ee8440d6;387.35;0.01;BUY
2016-02-05T00:31:34.153000;2016-02-05T00:31:34.217000;c0072bdf-a1f1-4b56-81db-f04157f7d37a;387.39;0.01433;BUY
2016-02-05T00:32:01.620000;2016-02-05T00:32:01.670000;1d7abab2-3e63-4e04-bd5a-f7942bc2ba33;387.32;0.01;SELL
2016-02-05T00:32:01.623000;2016-02-05T00:32:01.670000;f1d8e180-34f9-4eeb-b19c-71196d629de2;387.33;0.25;BUY
2016-02-05T00:32:01.623000;2016-02-05T00:32:01.670000;93620a72-4bb8-4b83-8dfe-e713b9851850;387.4;0.13241;BUY
2016-02-05T00:32:31.357000;2016-02-05T00:32:31.387000;a7189d4f-ce0e-4c79-9ef7-ddd6d1db8dc7;387.36;0.25;BUY
2016-02-05T00:32:31.357000;2016-02-05T00:32:31.403000;8c96df0f-b105-45c6-9ede-41ddccd90d40;387.4;0.107;BUY
2016-02-05T00:32:31.357000;2016-02-05T00:32:31.403000;77e733c9-37d9-4bc1-9b06-1699ba69385a;387.41;0.01;BUY
2016-02-05T00:32:31.357000;2016-02-05T00:32:31.403000;17014c18-1990-4713-9bfb-e7f2997176ac;387.42;0.01;BUY
2016-02-05T00:32:31.357000;2016-02-05T00:32:31.403000;c86a702a-ee63-416d-bcff-92b9f2ca8c06;387.43;0.14;BUY
2016-02-05T00:32:31.357000;2016-02-05T00:32:31.403000;12be82ac-043c-4802-aadd-57fe0bb5f524;387.45;0.0126491;BUY
2016-02-05T00:32:31.357000;2016-02-05T00:32:31.420000;d770cd7b-688f-4cc3-a9c2-a00616fad31f;387.45;0.01;BUY
2016-02-05T00:32:31.360000;2016-02-05T00:32:31.420000;6d5aa8ee-8d23-4572-86b5-f7e147aeea6f;387.46;0.01;BUY
2016-02-05T00:32:31.360000;2016-02-05T00:32:31.420000;7247da1c-8c9a-4eaa-83f2-4d6354f438d6;387.46;0.128;BUY
2016-02-05T00:32:31.360000;2016-02-05T00:32:31.420000;4aaee376-7ee4-4b30-9a0c-2ecbcc183b62;387.47;0.01;BUY
2016-02-05T00:32:31.360000;2016-02-05T00:32:31.420000;f68f298d-4feb-4cfb-9b01-7edb6af089c2;387.47;0.207;BUY
2016-02-05T00:32:31.360000;2016-02-05T00:32:31.433000;14923ee0-857a-4ac6-9ef7-2bfb7ad07c24;387.48;0.01;BUY
2016-02-05T00:32:31.360000;2016-02-05T00:32:31.433000;2dae8f2f-eb6e-4aac-8de8-3df4cac53057;387.48;0.23;BUY
2016-02-05T00:32:31.360000;2016-02-05T00:32:31.433000;2d47e321-11a9-492d-91ba-7936a9749456;387.49;0.0177109;BUY
2016-02-05T00:33:01.363000;2016-02-05T00:33:01.403000;bb1bf568-7485-4a8f-8265-15ffc4aba3b3;387.41;0.01;SELL
2016-02-05T00:33:01.363000;2016-02-05T00:33:01.403000;e77dfba4-7d13-4f4f-b0d0-3b80e6900e3a;387.4;0.01264829;SELL
2016-02-05T00:33:01.363000;2016-02-05T00:33:01.403000;83289be1-4790-4c9b-a0de-b47a6817ffa8;387.38;0.00116171;SELL
2016-02-05T00:33:01.803000;2016-02-05T00:33:01.840000;4f5a834d-2299-43b6-96a5-dfa25551738f;387.38;0.00883829;SELL
2016-02-05T00:33:22.223000;2016-02-05T00:33:22.263000;007e42f2-07c8-4e9f-a071-36e899d30606;387.37;0.01;SELL
2016-02-05T00:33:31.320000;2016-02-05T00:33:31.340000;85546c72-4ca0-4946-8f79-5c85e2ca9ebe;387.38;0.123;BUY
2016-02-05T00:33:31.320000;2016-02-05T00:33:31.357000;c199a768-fcc9-45bd-801b-fbcc2439f953;387.41;0.102;BUY
2016-02-05T00:33:31.320000;2016-02-05T00:33:31.357000;f613623a-faed-4e98-948a-c1b76151899f;387.44;0.099;BUY
2016-02-05T00:33:31.320000;2016-02-05T00:33:31.357000;b1c3b3b4-c595-45c3-91bb-26faa6272338;387.45;0.01264829;BUY
2016-02-05T00:33:31.320000;2016-02-05T00:33:31.357000;d66e6dc3-a6a3-436f-9e2c-d9ee79f0c62a;387.46;0.01;BUY
2016-02-05T00:33:31.320000;2016-02-05T00:33:31.433000;0eabda6c-4233-4b0f-a552-8179c0a5b02c;387.46;0.01;BUY
2016-02-05T00:33:31.320000;2016-02-05T00:33:31.450000;a800035e-20b0-4db3-a00d-336d424c2ddf;387.47;0.01167171;BUY
2016-02-05T00:34:01.667000;2016-02-05T00:34:01.683000;d30a04bb-a052-4d5d-9d7e-f0268d6bb17f;387.45;0.01;SELL
2016-02-05T00:35:01.820000;2016-02-05T00:35:01.887000;64b2caf8-e3d3-4010-8b23-342093b33241;387.45;0.01;SELL
2016-02-05T00:35:31.240000;2016-02-05T00:35:31.293000;0ae159f6-bff2-469b-8c62-b13a1a7ea6f1;387.46;0.01;BUY
2016-02-05T00:35:31.240000;2016-02-05T00:35:31.293000;d7a14b82-b564-4b9f-b2bd-72fa51d760d0;387.49;0.25;BUY
2016-02-05T00:35:31.240000;2016-02-05T00:35:31.307000;73562c33-d87d-4f2e-aee9-f99a7c6c0804;387.5;0.01;BUY
2016-02-05T00:35:31.240000;2016-02-05T00:35:31.307000;33a96c4b-51d1-48f7-8347-bfd1838963df;387.5;0.01;BUY
2016-02-05T00:35:31.240000;2016-02-05T00:35:31.307000;e44b0a78-62ae-4bbf-a0ed-16da93379502;387.51;0.01;BUY
2016-02-05T00:35:31.240000;2016-02-05T00:35:31.387000;2d860f8b-f008-4363-b8c0-a892b9481696;387.52;0.00221;BUY
2016-02-05T00:36:01.240000;2016-02-05T00:36:01.307000;2acd8790-126c-4d00-8fb9-7961158eacce;387.52;0.00779;BUY
2016-02-05T00:36:01.240000;2016-02-05T00:36:01.307000;d1518c66-ece5-4063-804f-33349e4ed48b;387.53;0.01;BUY
2016-02-05T00:36:01.240000;2016-02-05T00:36:01.307000;5adc8c13-4533-4cdc-9460-9a349dd959d3;387.54;0.01;BUY
2016-02-05T00:36:01.240000;2016-02-05T00:36:01.307000;3e6446fc-b4e9-4535-8d82-7f484069985d;387.54;0.015;BUY
2016-02-05T00:36:01.240000;2016-02-05T00:36:01.307000;fe53b14e-6a96-4500-827c-a84addf07ba1;387.55;0.01;BUY
2016-02-05T00:36:01.240000;2016-02-05T00:36:01.323000;077a4616-2f98-4e32-8889-f4b6cc268713;387.55;0.01;BUY
2016-02-05T00:36:01.240000;2016-02-05T00:36:01.323000;6ebca8ad-58bf-48d8-b330-6855f804a4b0;387.55;0.01;BUY
2016-02-05T00:36:01.240000;2016-02-05T00:36:01.323000;2f93eab9-8429-44b1-aba3-58599368137f;387.55;0.01;BUY
2016-02-05T00:36:01.240000;2016-02-05T00:36:01.323000;605f3d45-fbbe-4c8b-9c03-b8acb3c5a4cb;387.56;0.01;BUY
2016-02-05T00:36:01.240000;2016-02-05T00:36:01.323000;70ea8435-8a5f-415f-910a-577db01e3b81;387.56;0.01;BUY
2016-02-05T00:36:01.240000;2016-02-05T00:36:01.340000;c567680d-0821-4e9e-a660-fc1e4e9fc26c;387.56;0.104;BUY
2016-02-05T00:36:01.240000;2016-02-05T00:36:01.340000;76628202-0b52-41f8-ae88-9dda159fd62d;387.59;0.119;BUY
2016-02-05T00:36:01.240000;2016-02-05T00:36:01.387000;605e355b-67db-47b8-b048-6b5bacfa6c0e;387.6;0.01263809;BUY
2016-02-05T00:36:01.240000;2016-02-05T00:36:01.400000;c3d4aff3-3407-4f0c-881a-773ff3161c45;387.6;0.3938689;BUY
2016-02-05T00:36:01.240000;2016-02-05T00:36:01.400000;2a949309-bae6-459e-8c33-67413e7d1a1c;387.61;0.01;BUY
2016-02-05T00:36:01.240000;2016-02-05T00:36:01.400000;dd87a17c-1ac8-4901-b0e1-ad3697fac9b1;387.62;0.09;BUY
2016-02-05T00:36:01.240000;2016-02-05T00:36:01.400000;c38e71a8-f33b-4063-85b2-34f91151ed58;387.64;0.01;BUY
2016-02-05T00:36:01.240000;2016-02-05T00:36:01.400000;7725997f-3e2e-420b-8766-033cb026fe6d;387.64;0.01;BUY
2016-02-05T00:36:01.240000;2016-02-05T00:36:01.400000;ab339f41-dc13-474d-9158-8ebbd3f13367;387.65;0.108;BUY
2016-02-05T00:36:01.240000;2016-02-05T00:36:01.400000;aa1d1e53-c0ea-494f-9ac8-2d11bcc3a701;387.68;0.01;BUY
2016-02-05T00:36:01.243000;2016-02-05T00:36:01.400000;c62880d7-467c-43e9-b1b7-0ec23000b483;387.68;0.086;BUY
2016-02-05T00:36:01.243000;2016-02-05T00:36:01.400000;b2cfc41f-260d-496d-89e6-72579f538903;387.7;0.01;BUY
2016-02-05T00:36:01.243000;2016-02-05T00:36:01.400000;31b89c50-9674-4dd8-8d2c-5a3cd6928998;387.71;0.11;BUY
2016-02-05T00:36:01.243000;2016-02-05T00:36:01.400000;a1e1a1e0-a193-4881-a85e-487c5668885c;387.74;0.01;BUY
2016-02-05T00:36:01.243000;2016-02-05T00:36:01.400000;1438696b-a48d-4789-8d04-b5629927c4ca;387.74;0.02;BUY
2016-02-05T00:36:01.243000;2016-02-05T00:36:01.400000;c2994898-6a71-4fae-a9dc-24d007e39412;387.74;0.107;BUY
2016-02-05T00:36:01.243000;2016-02-05T00:36:01.400000;304d0a9b-74cd-42f3-a057-90bccbdad84d;387.77;0.11;BUY
2016-02-05T00:36:01.243000;2016-02-05T00:36:01.400000;e36f1a80-76aa-4a12-b1c9-8f0fe4f21174;387.79;0.01;BUY
