time_exchange;time_coinpai;guid;price;base_amount;taker_side
2016-04-08T00:00:01.610000;2016-04-08T00:00:01.580000;1bd9e6d8-415f-40b2-8bd8-7ae1524353a3;421.99;0.70685;BUY
2016-04-08T00:01:07.687000;2016-04-08T00:01:07.657000;5a2f5fc8-6824-4c6d-b015-41d4cc3b5f43;421.97;0.73;BUY
2016-04-08T00:01:07.687000;2016-04-08T00:01:07.657000;37b0331c-35c0-4d11-be25-b8342ba024ee;421.97;0.16162;BUY
2016-04-08T00:04:46.147000;2016-04-08T00:04:46.110000;4c26c280-e584-42c5-9ef4-3f3d58074dfc;421.99;0.032;BUY
2016-04-08T00:04:46.147000;2016-04-08T00:04:46.110000;8486d28e-8c65-4573-ad6b-8a72c9c39558;421.99;0.26;BUY
2016-04-08T00:04:46.147000;2016-04-08T00:04:46.127000;bde0502d-d06f-401d-acab-20aa4bb69487;421.99;0.48;BUY
2016-04-08T00:04:46.147000;2016-04-08T00:04:46.127000;0303995f-1625-4fc3-94b9-f6c90d99e332;422.0;0.40989771;BUY
2016-04-08T00:06:57.970000;2016-04-08T00:06:58.000000;da5131e9-af26-4e39-86f1-e95f25b66cf8;421.93;0.01;SELL
2016-04-08T00:06:57.970000;2016-04-08T00:06:58.017000;73fdfe86-bbdb-440c-9026-5717edbc320c;421.93;0.0444;SELL
2016-04-08T00:08:33.857000;2016-04-08T00:08:33.907000;504373ef-bd9d-4466-a29f-e5828dfa70e0;421.94;3.245;BUY
2016-04-08T00:08:33.857000;2016-04-08T00:08:33.907000;f74c6f36-3e94-4dff-9ded-ea7e6a111d7b;421.94;0.509;BUY
2016-04-08T00:08:33.860000;2016-04-08T00:08:33.907000;110878aa-c648-4fc4-8c9e-0d2eccca71e8;421.94;0.032;BUY
2016-04-08T00:08:33.860000;2016-04-08T00:08:33.923000;7e47002c-b767-4ac3-9876-edad605d9a14;421.94;4.9878;BUY
2016-04-08T00:08:33.860000;2016-04-08T00:08:33.923000;7aa431cd-7f1b-4072-a201-536e757a93d2;421.99;0.485;BUY
2016-04-08T00:08:33.860000;2016-04-08T00:08:33.923000;fecf4a42-71ef-460a-a125-27ef08ec305d;421.99;1.088;BUY
2016-04-08T00:08:33.860000;2016-04-08T00:08:33.923000;b4b23c07-0923-4ddf-9c62-6e67e6edd3f8;422.0;3.10667229;BUY
2016-04-08T00:08:33.860000;2016-04-08T00:08:33.923000;f3bc9cc7-4f0b-4829-b81a-17dad5394274;422.0;0.01;BUY
2016-04-08T00:08:33.860000;2016-04-08T00:08:33.937000;bdc8c4f9-2cd5-410b-be4c-db74a4136ad3;422.0;0.5;BUY
2016-04-08T00:08:33.860000;2016-04-08T00:08:33.937000;776ef54b-dfd9-42ec-a0f6-414ea74d4490;422.01;0.02;BUY
2016-04-08T00:08:33.860000;2016-04-08T00:08:33.937000;b370bcb3-600b-45f0-81f1-eba2fa83bd49;422.02;0.79548771;BUY
2016-04-08T00:08:34.880000;2016-04-08T00:08:34.907000;6a26544c-9bbd-425d-a8b8-51e27b3c62a8;421.94;0.01;SELL
2016-04-08T00:08:34.880000;2016-04-08T00:08:34.907000;7fbf6175-13d8-4ee9-8901-b4801257595f;421.94;0.49;SELL
2016-04-08T00:08:35.973000;2016-04-08T00:08:36.017000;12d946ea-b2d4-4c3d-9a6d-74c8df71ee02;421.94;0.3;SELL
2016-04-08T00:09:00.727000;2016-04-08T00:09:00.750000;601ce074-c063-41c5-a9ca-794e709c7ec2;421.93;0.1662;SELL
2016-04-08T00:09:31.540000;2016-04-08T00:09:31.563000;0b31a58c-5f20-40de-b721-fbc078520a1a;421.99;0.01;BUY
2016-04-08T00:09:31.540000;2016-04-08T00:09:31.593000;e0837a60-5c10-45f1-9769-94365171036e;421.99;0.032;BUY
2016-04-08T00:09:31.543000;2016-04-08T00:09:31.593000;7b05873f-50c7-4fd5-a704-a2348ae010bf;421.99;0.075;BUY
2016-04-08T00:09:31.543000;2016-04-08T00:09:31.593000;6a57aa3b-befd-48f6-8409-090773886fae;422.0;0.01;BUY
2016-04-08T00:09:31.543000;2016-04-08T00:09:31.610000;1877dcd3-3df2-4f56-93e2-6df49f9b8bdd;422.02;0.20451229;BUY
2016-04-08T00:09:31.543000;2016-04-08T00:09:31.657000;837277b2-58a4-4cf2-b760-05c29d5ebd4f;422.04;0.125;BUY
2016-04-08T00:09:31.543000;2016-04-08T00:09:31.657000;1ae89ebf-032f-456f-a0ff-3be8d2cae761;422.05;0.01;BUY
2016-04-08T00:09:31.543000;2016-04-08T00:09:31.657000;0d7d033b-f092-4e03-8d25-d554af7207e0;422.05;0.02;BUY
2016-04-08T00:09:31.543000;2016-04-08T00:09:31.657000;4c69c246-647d-420c-a864-407063a07fe3;422.06;0.01;BUY
2016-04-08T00:09:31.543000;2016-04-08T00:09:31.657000;eea19c95-c949-4c68-b9ff-bf2335a50d76;422.07;0.5;BUY
2016-04-08T00:09:31.543000;2016-04-08T00:09:31.673000;8cdf80ab-391e-4971-8fd6-630b34f73556;422.08;0.01;BUY
2016-04-08T00:09:31.543000;2016-04-08T00:09:31.673000;10adf75f-9ff4-4b15-a80a-143d07ddb394;422.08;1.57902771;BUY
2016-04-08T00:10:01.203000;2016-04-08T00:10:01.220000;7ec9f5b7-816a-48ee-821f-0b3a42a71b59;422.01;0.01;SELL
2016-04-08T00:10:01.203000;2016-04-08T00:10:01.233000;e7c70f34-4842-4304-8f1e-0d35855aa7f6;422.0;0.01;SELL
2016-04-08T00:10:01.203000;2016-04-08T00:10:01.233000;47bcf58d-6202-426d-b963-6de0c8a16d65;422.0;0.032;SELL
2016-04-08T00:10:01.203000;2016-04-08T00:10:01.233000;b5b95513-467f-4a0c-b8e1-efc02abf717b;421.95;0.0115;SELL
2016-04-08T00:10:01.203000;2016-04-08T00:10:01.267000;97439f4f-e0fb-42e9-be68-9c7db31d9a41;421.95;0.01;SELL
2016-04-08T00:10:01.203000;2016-04-08T00:10:01.330000;3cc4a096-f383-45cd-9986-b898ad7c0322;421.93;1.0894;SELL
2016-04-08T00:10:01.203000;2016-04-08T00:10:01.330000;aee6e109-14b4-4ff0-9144-d93f62a0f9b6;421.93;0.05741;SELL
2016-04-08T00:10:31.013000;2016-04-08T00:10:31.033000;a0e7d035-a55d-4138-9add-93830eebb126;422.0;0.01;BUY
2016-04-08T00:10:31.013000;2016-04-08T00:10:31.047000;54cfd943-4f0e-4c52-9fb9-a6de2ed88f68;422.0;0.01;BUY
2016-04-08T00:10:31.013000;2016-04-08T00:10:31.047000;17b2cfe2-166e-4173-9952-b543a87ee3f2;422.0;0.16113;BUY
2016-04-08T00:11:30.920000;2016-04-08T00:11:30.937000;ee475929-2676-466c-8345-75f1c1d750fc;422.05;0.01;BUY
2016-04-08T00:11:30.920000;2016-04-08T00:11:30.953000;94918c56-b096-4b9d-a8cb-a5e391505e27;422.06;0.02;BUY
2016-04-08T00:11:30.920000;2016-04-08T00:11:30.953000;fb0dd015-16a5-4aa4-a4f7-00401ea269c9;422.06;0.122;BUY
2016-04-08T00:11:30.920000;2016-04-08T00:11:30.953000;13f75462-8824-4b4c-99e1-e96b3aa2bcb8;422.1;0.01;BUY
2016-04-08T00:11:30.923000;2016-04-08T00:11:30.953000;d3a1269d-eb3e-4f96-b3da-8f93831fc316;422.11;0.68;BUY
2016-04-08T00:11:30.923000;2016-04-08T00:11:30.970000;9eb802e2-db51-4276-900d-0270bb39fb94;422.12;0.01;BUY
2016-04-08T00:11:30.923000;2016-04-08T00:11:31.047000;3d1608ea-980e-44de-bf30-44d0a959a42e;422.13;1.5956;BUY
2016-04-08T00:12:01.457000;2016-04-08T00:12:01.487000;a9777adb-8710-4602-9eb8-d0d2f9cc3705;422.05;0.01;BUY
2016-04-08T00:12:01.457000;2016-04-08T00:12:01.487000;37f91140-fc46-44b9-b9ca-84e9045de163;422.05;0.15;BUY
2016-04-08T00:12:01.457000;2016-04-08T00:12:01.500000;aadc7ea5-ded5-4fff-b0ed-16845cb5083e;422.06;0.02;BUY
2016-04-08T00:12:01.457000;2016-04-08T00:12:01.500000;dd75a9ac-1efe-48a9-94ff-fdacbc5fee22;422.07;0.72369;BUY
2016-04-08T00:12:30.747000;2016-04-08T00:12:30.767000;2e863b17-1e91-4a50-afcf-cb76ca3d3981;422.06;0.02;BUY
2016-04-08T00:12:30.747000;2016-04-08T00:12:30.783000;ba2b826b-ee9b-467a-b93a-6d6a3f0847f1;422.06;0.447;BUY
2016-04-08T00:12:30.747000;2016-04-08T00:12:30.783000;ea0775b2-333a-4f3e-b215-d9a8b057a878;422.06;0.63;BUY
2016-04-08T00:12:30.747000;2016-04-08T00:12:30.813000;bcd2b0d7-f52b-412d-9980-c57fec5754d2;422.07;0.12974;BUY
2016-04-08T00:13:00.717000;2016-04-08T00:13:00.737000;795df36f-a3a7-48d3-b681-c9c4af3af9d8;422.06;0.09616;BUY
2016-04-08T00:13:34.670000;2016-04-08T00:13:34.687000;8701e644-4660-4b74-b6a7-ae600e8cd93d;422.06;0.383;BUY
2016-04-08T00:13:34.670000;2016-04-08T00:13:34.703000;c49d9f69-726a-4d47-a579-7d0cdd2916b3;422.07;0.13309;BUY
2016-04-08T00:14:01.747000;2016-04-08T00:14:01.767000;84260e2a-db39-426e-afb7-ae9962824df5;422.06;0.376;BUY
2016-04-08T00:14:01.747000;2016-04-08T00:14:01.767000;7f34efd7-d6cb-40f1-b7c2-16217618cbe5;422.07;3.18991;BUY
2016-04-08T00:14:01.747000;2016-04-08T00:14:01.767000;8743c768-f0f0-4427-a8c6-e1956bebdd03;422.11;0.403;BUY
2016-04-08T00:14:01.750000;2016-04-08T00:14:01.783000;ca4588d1-c7cc-4984-b39e-3fb57ca1a760;422.13;1.02;BUY
2016-04-08T00:14:01.750000;2016-04-08T00:14:01.797000;fc265ac5-6d0a-4903-865a-71ef0f1a18d4;422.13;0.3;BUY
2016-04-08T00:14:01.750000;2016-04-08T00:14:01.797000;5d2ed0e2-a3bc-46f9-8703-e6f40d150ee8;422.14;0.2002;BUY
2016-04-08T00:14:01.750000;2016-04-08T00:14:01.797000;e125f864-d909-4212-bc09-c782b8a713bf;422.14;2.01;BUY
2016-04-08T00:14:01.750000;2016-04-08T00:14:01.797000;d6e80ade-3154-4222-9c71-5b1ab88a0ec9;422.14;0.01;BUY
2016-04-08T00:14:01.750000;2016-04-08T00:14:01.813000;39065ce8-6925-4a59-964f-01279795b406;422.15;8.92205;BUY
2016-04-08T00:14:18.963000;2016-04-08T00:14:18.970000;87bebcd2-7325-42f6-a539-3b03f4a75968;422.03;0.01;SELL
2016-04-08T00:14:18.963000;2016-04-08T00:14:18.987000;c7be4b45-094f-4e25-89ea-f91ae5d72f3b;422.02;0.01;SELL
2016-04-08T00:14:21.167000;2016-04-08T00:14:21.173000;60fa0ac1-a9d4-495e-bc55-f78c2662d773;422.01;0.01;SELL
2016-04-08T00:14:21.170000;2016-04-08T00:14:21.203000;4a4414bb-f2c2-4b74-b98e-55e1e5106be9;422.0;0.01;SELL
2016-04-08T00:14:21.170000;2016-04-08T00:14:21.203000;9ee64d5d-498f-4ac7-ad27-4d09f8666cbd;421.99;0.032;SELL
2016-04-08T00:14:23.420000;2016-04-08T00:14:23.437000;76ea7248-287d-4f9d-8b20-4929ba6c4d3d;421.96;0.01;SELL
2016-04-08T00:14:25.903000;2016-04-08T00:14:25.923000;36a03ebb-5ee7-460d-a6b3-b9a37afb1a4c;421.95;0.0115;SELL
2016-04-08T00:14:25.907000;2016-04-08T00:14:25.937000;6f649efc-88f6-4487-b8ba-0e6eaa9789c7;421.95;0.01;SELL
2016-04-08T00:14:25.907000;2016-04-08T00:14:25.937000;be95a312-4c7c-449b-a1fa-80572034febb;421.95;0.0115;SELL
2016-04-08T00:14:25.907000;2016-04-08T00:14:25.953000;b7f0d53f-417f-4a45-acbe-c1a01491271d;421.94;0.3;SELL
2016-04-08T00:14:25.907000;2016-04-08T00:14:25.953000;6369bf0b-41c7-4de1-9853-48c7fca8cd03;421.91;0.01;SELL
2016-04-08T00:14:25.907000;2016-04-08T00:14:25.953000;cbdddbfa-4848-42ac-846c-63ba8c13c965;421.9;0.01;SELL
2016-04-08T00:14:25.907000;2016-04-08T00:14:25.953000;848c61f2-50ab-4bf4-850d-6e73a24fcfc5;421.9;0.01;SELL
2016-04-08T00:14:25.907000;2016-04-08T00:14:25.953000;462a42e9-b639-4e8f-baef-caad0472b6cc;421.89;0.01;SELL
2016-04-08T00:14:25.907000;2016-04-08T00:14:25.953000;6cb5d212-57fb-4205-a780-dc8b57c8df6c;421.87;0.01;SELL
2016-04-08T00:14:25.907000;2016-04-08T00:14:25.953000;2449e6e4-77fb-446d-8607-5f5f22d69d7d;421.85;0.01;SELL
2016-04-08T00:14:25.907000;2016-04-08T00:14:25.970000;932d1cfe-f5cd-4608-b0d3-a0e0b4b56284;421.82;0.01;SELL
2016-04-08T00:14:25.907000;2016-04-08T00:14:25.970000;e704c6b8-c60e-4b07-b6fa-3f21929068ce;421.81;0.01;SELL
2016-04-08T00:14:25.907000;2016-04-08T00:14:25.970000;467854f0-bb77-489e-8fbc-ada2f5e71efb;421.81;0.032;SELL
2016-04-08T00:14:25.907000;2016-04-08T00:14:25.970000;36ee885c-866e-4a8b-be00-af08b54a54cc;421.8;0.01;SELL
2016-04-08T00:14:25.907000;2016-04-08T00:14:25.970000;460d8aae-3960-485e-aef4-5c55a54bf5a6;421.75;0.01;SELL
2016-04-08T00:14:25.907000;2016-04-08T00:14:25.987000;7884fc60-a2ed-4671-aa2c-7e7867e43d93;421.73;0.01;SELL
2016-04-08T00:14:25.907000;2016-04-08T00:14:25.987000;0714c360-0df9-464b-b245-9fa1544b0d8a;421.71;0.99;SELL
2016-04-08T00:14:25.907000;2016-04-08T00:14:25.987000;4780f97a-1df4-479e-997d-55e23a32fc2e;421.71;0.8;SELL
2016-04-08T00:14:25.907000;2016-04-08T00:14:25.987000;81762327-d971-4aef-8b48-c4b4518299b1;421.7;4.694;SELL
2016-04-08T00:14:29.510000;2016-04-08T00:14:29.533000;601c43f2-1211-4b30-942e-db37a17f3a08;421.82;0.01;SELL
2016-04-08T00:14:29.510000;2016-04-08T00:14:29.533000;6e1d8b3e-e190-4239-91b6-e0bb18807ca8;421.82;0.01;SELL
2016-04-08T00:14:29.510000;2016-04-08T00:14:29.547000;80228f60-eb58-4989-8d3b-816349962f25;421.81;0.01;SELL
2016-04-08T00:14:29.513000;2016-04-08T00:14:29.547000;47ffe5d8-e7f1-4cef-b429-06ae4ef24780;421.77;0.8;SELL
2016-04-08T00:14:29.513000;2016-04-08T00:14:29.547000;6c9311af-184a-4dba-9664-ace83c9ec9f9;421.7;2.70819;SELL
2016-04-08T00:14:29.513000;2016-04-08T00:14:29.547000;f7a7fa4e-f64a-4256-b6d6-6162310e0612;421.7;0.01;SELL
2016-04-08T00:14:29.513000;2016-04-08T00:14:29.547000;ea8e47f3-1b5a-448a-881c-a8f38ab837a3;421.7;0.3;SELL
2016-04-08T00:14:29.513000;2016-04-08T00:14:29.547000;bbb3aa9e-0b26-4971-b640-64d5bfb73ac9;421.68;0.00981;SELL
2016-04-08T00:14:30.850000;2016-04-08T00:14:30.860000;7892001b-52eb-44ed-9bb9-2bb61967e23e;421.78;0.02203;BUY
2016-04-08T00:14:36.520000;2016-04-08T00:14:36.533000;336b02d6-9326-4240-b1f6-f84cca08e79a;421.69;0.01;SELL
2016-04-08T00:14:36.520000;2016-04-08T00:14:36.547000;27f72e42-3ebd-47f1-8791-e8df9fcd20a4;421.69;0.01;SELL
2016-04-08T00:14:36.520000;2016-04-08T00:14:36.547000;2db39e06-788e-4585-ac36-6f8f18e8a91e;421.68;0.00019;SELL
2016-04-08T00:14:36.520000;2016-04-08T00:14:36.547000;88d16c6b-6b2a-48f3-81e8-dcca7b2db242;421.68;0.0401;SELL
2016-04-08T00:14:36.523000;2016-04-08T00:14:36.563000;cd897bd4-b185-4dab-ab51-52e9a575a8fa;421.68;5.80971;SELL
2016-04-08T00:14:55.273000;2016-04-08T00:14:55.283000;eae7f338-f0fa-4e71-9298-b78ecfe4cb40;421.67;0.01902628;BUY
2016-04-08T00:15:00.853000;2016-04-08T00:15:00.877000;3b7209a6-1459-4efc-8b84-2edef9301965;421.66;0.01;SELL
2016-04-08T00:15:00.857000;2016-04-08T00:15:00.877000;6c570caa-a6b9-4332-b912-06d67d15044a;421.65;0.01;SELL
2016-04-08T00:15:00.857000;2016-04-08T00:15:00.877000;8221c29c-923b-45c9-922a-404c62f614c3;421.64;0.032;SELL
2016-04-08T00:15:00.857000;2016-04-08T00:15:00.890000;2de0c520-8258-4bc3-95de-1f90e3632753;421.62;2.07923;SELL
2016-04-08T00:15:01.530000;2016-04-08T00:15:01.547000;22b2b429-75b7-4279-b9a4-02c8045bb0ea;421.64;1.0;BUY
2016-04-08T00:15:30.880000;2016-04-08T00:15:30.890000;a36e13b0-2764-4d7b-8026-e5d8ee74faad;421.63;0.01;SELL
2016-04-08T00:15:30.880000;2016-04-08T00:15:30.907000;ac259fef-b361-4307-83f6-4206fa7e3aa9;421.63;0.01;SELL
2016-04-08T00:15:30.880000;2016-04-08T00:15:30.907000;8887f321-eeeb-4b15-a64d-34d24094d069;421.63;1.0;SELL
2016-04-08T00:15:30.880000;2016-04-08T00:15:30.907000;15d259df-544a-4bcd-8ccd-70cd2ba47c66;421.62;1.36042;SELL
2016-04-08T00:16:00.987000;2016-04-08T00:16:01.000000;814d2342-f015-4581-ac1b-409f1e0d186e;421.62;0.06168;SELL
2016-04-08T00:16:36.113000;2016-04-08T00:16:36.127000;f9613ddd-60fc-4ee2-86f1-b4ef6c91bc77;421.63;0.05752;BUY
2016-04-08T00:17:00.863000;2016-04-08T00:17:00.877000;ca01b61c-0d3a-48ff-ae29-502ab748fcfc;421.63;0.39248;BUY
2016-04-08T00:17:00.867000;2016-04-08T00:17:00.890000;3c676906-60ba-4e93-b111-24dcac4cea25;421.63;0.3;BUY
2016-04-08T00:17:00.867000;2016-04-08T00:17:00.890000;02242ef9-b420-4fb7-9a81-5dfc7f4dcf83;421.64;0.23598;BUY
2016-04-08T00:17:31.033000;2016-04-08T00:17:31.047000;8ed00c83-9f23-4788-bf72-3bb89028281d;421.63;0.1;BUY
2016-04-08T00:17:31.033000;2016-04-08T00:17:31.047000;81c46bbe-6695-4779-ae71-330ea63552bb;421.64;0.34934;BUY
2016-04-08T00:18:01.190000;2016-04-08T00:18:01.190000;3d266d00-20b7-4c0b-a47c-267686c5eb25;421.63;0.16436;BUY
2016-04-08T00:19:00.807000;2016-04-08T00:19:00.813000;760e1831-9bc5-440f-9136-8ce013070c20;421.62;3.58692;SELL
2016-04-08T00:19:00.807000;2016-04-08T00:19:00.830000;7f29b876-4e35-4508-9169-c60750aec400;421.62;0.2003;SELL
2016-04-08T00:19:00.807000;2016-04-08T00:19:00.830000;948e5d93-2ed6-485a-97a8-9f5969699e26;421.62;0.019;SELL
2016-04-08T00:19:00.807000;2016-04-08T00:19:00.860000;56180835-2cca-4faf-8e21-eaca325f420a;421.62;0.899;SELL
2016-04-08T00:19:00.807000;2016-04-08T00:19:00.860000;5a6a1979-02c7-430c-87f0-a171ed79b089;421.62;0.0248;SELL
2016-04-08T00:19:00.807000;2016-04-08T00:19:00.923000;dfa7fafc-d243-41cd-a51a-cacc5e0fa26e;421.62;0.0267;SELL
2016-04-08T00:19:00.807000;2016-04-08T00:19:00.923000;b68ba47a-909c-498b-b5d6-786fdeca13e6;421.62;0.0251;SELL
2016-04-08T00:19:00.810000;2016-04-08T00:19:00.923000;5fe4e263-0958-4536-9fca-32a2c757aa4d;421.62;0.0235;SELL
2016-04-08T00:19:00.810000;2016-04-08T00:19:00.923000;870ea0e8-a9ef-44ee-97ed-a4b1af8f2869;421.62;0.0235;SELL
2016-04-08T00:19:00.810000;2016-04-08T00:19:00.923000;84a67d3e-670a-4f31-aa88-688c36ba2dc6;421.62;0.0244;SELL
2016-04-08T00:19:00.810000;2016-04-08T00:19:00.923000;ac6bdcb3-96cb-43ce-a7a5-e331976266e1;421.62;0.0245;SELL
2016-04-08T00:19:00.810000;2016-04-08T00:19:00.923000;08a9e18d-93ba-44da-a9dc-11dd0807ceba;421.62;0.0245;SELL
2016-04-08T00:19:00.810000;2016-04-08T00:19:00.923000;8a5eda5f-664d-4d74-a73d-63e159f27310;421.62;0.0248;SELL
2016-04-08T00:19:00.810000;2016-04-08T00:19:00.923000;10eff477-cec5-4d29-a89a-673864dbc370;421.6;0.01;SELL
2016-04-08T00:19:00.810000;2016-04-08T00:19:00.923000;1e9503e9-37ed-4fdd-8516-5eefacf05746;421.6;0.1;SELL
2016-04-08T00:19:00.810000;2016-04-08T00:19:00.940000;568197d4-1f0a-4380-bb93-1d5cc23ec7b5;421.57;1.0;SELL
2016-04-08T00:19:00.810000;2016-04-08T00:19:00.940000;88be761b-f300-491d-abf4-b4dfa190c558;421.57;0.86;SELL
2016-04-08T00:19:00.810000;2016-04-08T00:19:00.940000;a657566f-fea7-4187-bba9-27862872c988;421.56;0.490653;SELL
2016-04-08T00:19:00.810000;2016-04-08T00:19:00.940000;c5ef5673-df1a-4880-88de-296b161fdb2d;421.55;1.356327;SELL
2016-04-08T00:19:30.773000;2016-04-08T00:19:30.783000;571a59e0-91ec-44fc-b325-2a0441ad79e5;421.63;0.13564;BUY
2016-04-08T00:19:30.773000;2016-04-08T00:19:30.813000;69764269-d52e-4a9c-88e4-43c7db2db719;421.65;0.01;BUY
2016-04-08T00:19:30.773000;2016-04-08T00:19:30.813000;07d0fa54-d02b-438d-bf76-3a3f606f359b;421.7;0.01;BUY
2016-04-08T00:19:30.773000;2016-04-08T00:19:30.830000;bcb7c483-d840-44ea-a681-b90443ababa0;421.72;0.075;BUY
2016-04-08T00:19:30.777000;2016-04-08T00:19:30.830000;66a37ee8-9c9c-410b-aa49-4c290b5ec117;421.75;0.01;BUY
2016-04-08T00:19:30.777000;2016-04-08T00:19:30.830000;3c528952-3473-4dd9-8129-f82cc679dd46;421.76;0.01;BUY
2016-04-08T00:19:30.777000;2016-04-08T00:19:30.830000;bf9ead8d-438d-4eb2-b185-b035c654e195;421.76;1.0;BUY
2016-04-08T00:19:30.777000;2016-04-08T00:19:30.830000;2e58eb3c-2736-4492-ae39-ef6027086f34;421.79;0.01;BUY
2016-04-08T00:19:30.777000;2016-04-08T00:19:30.830000;2b987d8a-ea6a-43b5-a908-f3cf9584e54d;421.8;0.01;BUY
2016-04-08T00:19:30.777000;2016-04-08T00:19:30.830000;664af415-2410-4a78-b6e0-5ee677459c4e;421.8;0.032;BUY
2016-04-08T00:19:30.777000;2016-04-08T00:19:30.860000;9870815e-6e95-4a80-8d8b-6073402e923e;421.81;0.01;BUY
2016-04-08T00:19:30.777000;2016-04-08T00:19:30.890000;09c2552d-8b00-4207-a29e-d44d2bd73dda;421.81;0.321;BUY
2016-04-08T00:19:30.777000;2016-04-08T00:19:30.890000;8061126d-d1ec-4e8a-bee4-1ddfd43e34b1;421.82;0.01;BUY
2016-04-08T00:19:30.777000;2016-04-08T00:19:30.890000;35baa41c-7cb0-4331-9bda-5e0b52e8a0d2;421.83;0.3;BUY
2016-04-08T00:19:30.777000;2016-04-08T00:19:30.890000;6c62d421-5af9-4265-9806-d753dfb25af4;421.84;0.17;BUY
2016-04-08T00:19:30.777000;2016-04-08T00:19:30.890000;6444f6c6-53fa-4e67-ae29-5d3a24fed01c;421.85;0.01;BUY
2016-04-08T00:19:30.777000;2016-04-08T00:19:30.890000;bd0182e5-dd21-4083-882c-f3f9ce45fa32;421.85;0.85;BUY
2016-04-08T00:19:30.777000;2016-04-08T00:19:30.890000;9eb25b08-1d11-4a24-9a2a-92388c61ac02;421.86;0.31376;BUY
2016-04-08T00:20:00.890000;2016-04-08T00:20:00.890000;a5d41b27-0263-4877-9a80-b51061bd0410;421.72;0.02;SELL
2016-04-08T00:20:00.890000;2016-04-08T00:20:00.907000;837558bd-5986-473d-a569-66d956c9256d;421.7;0.01;SELL
2016-04-08T00:20:00.890000;2016-04-08T00:20:00.907000;435513dd-c2fc-4483-8f9e-dd29380c2a94;421.7;0.01;SELL
2016-04-08T00:20:00.890000;2016-04-08T00:20:00.923000;9391023e-e29b-4575-ab64-621e07471b0b;421.7;0.09;SELL
2016-04-08T00:20:00.890000;2016-04-08T00:20:00.970000;08b7c1c0-a9c4-4179-8bb4-774663ab59cf;421.69;0.032;SELL
2016-04-08T00:20:00.890000;2016-04-08T00:20:00.970000;f8cb05c8-d77b-49cf-b578-76577e473895;421.66;0.01;SELL
2016-04-08T00:20:00.890000;2016-04-08T00:20:00.970000;c940ce04-9569-466b-85b9-66389cfaff83;421.66;0.089;SELL
2016-04-08T00:20:00.890000;2016-04-08T00:20:00.970000;4b83e450-7691-4f62-98a3-a7ba0e0deaf7;421.65;0.01;SELL
2016-04-08T00:20:00.890000;2016-04-08T00:20:00.970000;6e924d68-989d-4d3a-bdeb-ab5f144b2664;421.65;0.01;SELL
2016-04-08T00:20:00.890000;2016-04-08T00:20:00.970000;c0eb8acb-99ba-43ee-ad78-5fbbf884f0a8;421.65;0.31;SELL
2016-04-08T00:20:00.890000;2016-04-08T00:20:00.970000;cb689d0f-553c-4eea-91fb-6d5b8e309388;421.65;0.3;SELL
2016-04-08T00:20:00.890000;2016-04-08T00:20:00.970000;0cedca7a-90f3-4b2c-bd50-f4a416e4ed29;421.61;0.095;SELL
2016-04-08T00:20:00.890000;2016-04-08T00:20:00.970000;fe75c433-e68a-4562-a552-43cd38c19bb2;421.6;0.01;SELL
2016-04-08T00:20:00.890000;2016-04-08T00:20:00.970000;3fb94a4c-71f5-4c9d-8f01-12996c8a557f;421.56;0.03512;SELL
2016-04-08T00:20:31.563000;2016-04-08T00:20:31.617000;96f11890-aa64-4f19-a458-a53a37b0403f;421.72;0.02;BUY
2016-04-08T00:20:31.563000;2016-04-08T00:20:31.633000;5251f2ff-8bd6-48d9-8c42-c46241866576;421.72;0.0058;BUY
2016-04-08T00:21:31.800000;2016-04-08T00:21:31.850000;cd748c7f-35ab-4504-a699-efa67a26e5af;421.71;0.20326;BUY
2016-04-08T00:22:03.110000;2016-04-08T00:22:03.163000;986c7916-4672-4a8c-8119-51dd65cd82fc;421.7;0.01;SELL
2016-04-08T00:22:03.113000;2016-04-08T00:22:03.180000;e5028593-91a1-4212-8fd1-436d0ec42ebf;421.7;0.03;SELL
2016-04-08T00:22:30.900000;2016-04-08T00:22:30.947000;a2126015-b9ff-41ba-9b33-653544838594;421.69;0.41501;BUY
2016-04-08T00:23:00.940000;2016-04-08T00:23:00.977000;170a77de-a57d-483b-8a5a-ea1f52473ee8;421.67;0.01;SELL
2016-04-08T00:23:00.940000;2016-04-08T00:23:01.007000;8e265689-b24a-426f-ae6e-65d5d4690bec;421.67;0.126;SELL
2016-04-08T00:23:00.940000;2016-04-08T00:23:01.023000;3938de73-f186-40a0-924c-d189b8404207;421.65;0.01;SELL
2016-04-08T00:23:00.940000;2016-04-08T00:23:01.023000;f5acfd00-04eb-4545-bb7b-88d96fe21b11;421.63;0.032;SELL
2016-04-08T00:23:00.940000;2016-04-08T00:23:01.023000;ec96b804-4571-43c3-9ceb-e514e95b5703;421.62;0.03982;SELL
2016-04-08T00:23:30.840000;2016-04-08T00:23:30.883000;30cc4884-a357-435e-9eed-2663a0664aaa;421.64;0.70445;BUY
2016-04-08T00:24:02.633000;2016-04-08T00:24:02.680000;11c1c29f-2daf-4d5c-bdd4-bb3919377054;421.64;0.32;BUY
2016-04-08T00:24:02.633000;2016-04-08T00:24:02.697000;0912d8b4-9baa-4c02-8d93-fb5f8193a2f0;421.7;0.01;BUY
2016-04-08T00:24:02.633000;2016-04-08T00:24:02.697000;8676dca2-18f2-4e73-a9b6-44f0b4be484c;421.74;0.01;BUY
2016-04-08T00:24:02.633000;2016-04-08T00:24:02.710000;0327d896-517c-4f4b-b948-d5bc7a46941c;421.75;0.01;BUY
2016-04-08T00:24:02.633000;2016-04-08T00:24:02.710000;5743b907-6c4e-4077-b794-801092c4ada0;421.75;0.01;BUY
2016-04-08T00:24:02.637000;2016-04-08T00:24:02.710000;aa5e24c5-b68b-4d14-82a8-a72de0673e67;421.77;0.03213;BUY
2016-04-08T00:24:40.137000;2016-04-08T00:24:40.180000;4792ccd2-96cb-4ae8-9b46-b5e8f4ac101b;421.74;0.01;BUY
2016-04-08T00:24:40.137000;2016-04-08T00:24:40.197000;bf038a86-505d-440e-8865-bbc499c19d47;421.75;0.01;BUY
2016-04-08T00:24:40.137000;2016-04-08T00:24:40.197000;1ef177cc-7117-4ad5-acc9-e62d99dff96b;421.76;0.01;BUY
2016-04-08T00:24:40.137000;2016-04-08T00:24:40.210000;534aa525-a585-4621-adb9-44f61ac92f38;421.76;0.01692;BUY
2016-04-08T00:25:01.567000;2016-04-08T00:25:01.600000;c8515462-27c5-49af-bbd2-ea36ecfd1da1;421.72;0.017;BUY
2016-04-08T00:25:01.567000;2016-04-08T00:25:01.617000;4a9ac2ca-c918-438a-be9d-fb83edc45f21;421.72;0.0254;BUY
2016-04-08T00:25:01.567000;2016-04-08T00:25:01.633000;60156f5f-cba1-4fc0-99ae-3b46ceb5c063;421.72;0.0263;BUY
2016-04-08T00:25:01.567000;2016-04-08T00:25:01.633000;278f5580-a157-4b9c-86a1-7eac3ca9af6a;421.72;0.0266;BUY
2016-04-08T00:25:01.567000;2016-04-08T00:25:01.633000;ba926f7f-bed0-4863-ae1b-355732ef4085;421.72;0.0164;BUY
2016-04-08T00:25:01.567000;2016-04-08T00:25:01.633000;919f828c-b4cc-4353-ad8a-92e21b511f68;421.72;0.47877;BUY
2016-04-08T00:25:31.893000;2016-04-08T00:25:31.930000;e4860d5e-edf8-4061-8f38-2a6b6b1d4416;421.72;0.0212;BUY
2016-04-08T00:25:31.893000;2016-04-08T00:25:31.960000;8a60e013-05d1-4b0b-b5b5-a93c530f9324;421.72;0.0219;BUY
2016-04-08T00:25:31.893000;2016-04-08T00:25:31.960000;ef5eed10-f239-472d-bc69-8be719adf812;421.72;0.0278;BUY
2016-04-08T00:25:31.893000;2016-04-08T00:25:31.977000;2b591a7f-70f3-4890-9d8d-c74764829767;421.72;0.0229;BUY
2016-04-08T00:25:31.893000;2016-04-08T00:25:31.977000;5412f5fd-b606-4f9d-a0e1-6ac27d8f30dd;421.72;0.023;BUY
2016-04-08T00:25:31.893000;2016-04-08T00:25:32.053000;6b26f743-32b1-4072-9c9d-212687b4c11d;421.72;2.93525;BUY
2016-04-08T00:26:00.840000;2016-04-08T00:26:00.883000;c9546a2a-4768-4845-8cfa-10ac5974e73b;421.76;0.28242;BUY
2016-04-08T00:26:30.913000;2016-04-08T00:26:30.947000;6f1e7c69-05b1-4bc2-a95d-e811fb3018b1;421.76;0.24121;BUY
2016-04-08T00:27:01.033000;2016-04-08T00:27:01.070000;7a7da845-91e3-454f-a6c0-2cc33d0931b0;421.76;0.55871;BUY
2016-04-08T00:27:30.893000;2016-04-08T00:27:30.947000;dcb0436e-2aa3-4638-bb57-07330f954a54;421.79;0.032;BUY
2016-04-08T00:27:30.893000;2016-04-08T00:27:30.947000;ca12b116-905b-43de-897e-abc0842f1d95;421.8;0.01;BUY
2016-04-08T00:27:30.893000;2016-04-08T00:27:30.960000;e4684e16-0b75-4b16-bfb4-a827a054523f;421.83;0.01;BUY
2016-04-08T00:27:30.893000;2016-04-08T00:27:30.960000;56a1001b-55be-43b9-958b-b2de1ec09303;421.83;0.01;BUY
2016-04-08T00:27:30.893000;2016-04-08T00:27:30.960000;38d59401-7453-42cb-9e4f-54c03369585e;421.85;0.01;BUY
2016-04-08T00:27:30.893000;2016-04-08T00:27:30.960000;4f7a0c21-802d-4340-bad3-e34fd4b383c8;421.85;0.01;BUY
2016-04-08T00:27:30.893000;2016-04-08T00:27:30.960000;acae00c4-e5ea-4f5e-a609-2b6735145e23;421.87;0.01;BUY
2016-04-08T00:27:30.893000;2016-04-08T00:27:30.977000;78fba518-295f-4809-835a-38c36d278890;421.88;0.19245;BUY
2016-04-08T00:28:01.163000;2016-04-08T00:28:01.227000;b079236c-74a2-4244-8b07-70f191eecd58;421.8;0.01;SELL
2016-04-08T00:28:01.163000;2016-04-08T00:28:01.227000;0faa1557-72b9-43e1-94be-b1c066c7b7b5;421.8;0.089;SELL
2016-04-08T00:28:01.163000;2016-04-08T00:28:01.227000;2961bb9f-cab0-4099-9067-6faf6fea72ff;421.79;0.01;SELL
2016-04-08T00:28:01.163000;2016-04-08T00:28:01.227000;2d450d14-341d-4f66-9f62-5ff554bbeee9;421.77;0.18897;SELL
2016-04-08T00:28:30.927000;2016-04-08T00:28:30.947000;df2ea601-f672-4a14-9f46-9059e6bd9ed8;421.83;0.22297;BUY
2016-04-08T00:30:01.333000;2016-04-08T00:30:01.367000;7297dede-6b0f-44fa-8b57-a1c5dfb7749f;421.84;0.01;BUY
2016-04-08T00:30:01.333000;2016-04-08T00:30:01.367000;fb66b3ce-6677-4c1d-af15-ce4a1e43fe5c;421.84;0.032;BUY
2016-04-08T00:30:01.333000;2016-04-08T00:30:01.383000;6b9c425b-2081-45bc-9412-8a3ae8709613;421.85;0.01;BUY
2016-04-08T00:30:01.333000;2016-04-08T00:30:01.383000;daccc7bb-31af-47e0-95ae-e761b4a9771a;421.85;0.01;BUY
2016-04-08T00:30:01.333000;2016-04-08T00:30:01.383000;0cba6de3-1bbb-4bfa-bc6b-694f10b928b9;421.86;0.01;BUY
2016-04-08T00:30:01.333000;2016-04-08T00:30:01.383000;5f28d287-2e0a-4042-bb83-0365b1e0a342;421.9;0.01;BUY
2016-04-08T00:30:01.333000;2016-04-08T00:30:01.383000;1d03baab-d063-4b35-96c2-70aba55b1bf3;421.9;0.1;BUY
2016-04-08T00:30:01.333000;2016-04-08T00:30:01.413000;0e3c433a-9825-4d8a-a82d-6c092a0fc353;421.91;0.01;BUY
2016-04-08T00:30:01.333000;2016-04-08T00:30:01.413000;87fd7740-0308-4a87-adba-aae652eebc91;421.92;0.01;BUY
2016-04-08T00:30:01.333000;2016-04-08T00:30:01.413000;fd49fc2c-76fe-4029-9a4e-8cd848acf03c;421.92;0.2003;BUY
2016-04-08T00:30:01.337000;2016-04-08T00:30:01.413000;f6050d7f-c76d-48b8-9a42-2335447503fc;421.95;0.01;BUY
2016-04-08T00:30:01.337000;2016-04-08T00:30:01.430000;e956d7fd-5d13-4d4a-a42a-3dbceaf9a864;421.95;0.01;BUY
2016-04-08T00:30:01.337000;2016-04-08T00:30:01.430000;5ee3ac47-1b57-46fe-b4d3-d23b75e15e4d;421.95;0.01;BUY
2016-04-08T00:30:01.337000;2016-04-08T00:30:01.430000;0d54854c-d3b7-4b43-b345-801d5dbca6f5;421.97;0.01;BUY
2016-04-08T00:30:01.337000;2016-04-08T00:30:01.430000;c5382442-ac61-4ad6-a9b4-27943c1bcbd0;421.98;0.13;BUY
2016-04-08T00:30:01.337000;2016-04-08T00:30:01.430000;4a534a49-6f4b-4c25-a078-491a894ada48;421.98;0.12237;BUY
2016-04-08T00:30:13.820000;2016-04-08T00:30:13.853000;167b2358-22c3-4e12-8247-10709b536ead;421.89;0.01;SELL
2016-04-08T00:30:13.820000;2016-04-08T00:30:13.853000;6126394e-96c4-422f-bd91-5a24d661d6a7;421.89;0.102;SELL
2016-04-08T00:30:31.667000;2016-04-08T00:30:31.697000;6b150001-9a13-42c2-9c07-5eedfac46f59;421.87;0.01;SELL
2016-04-08T00:30:31.667000;2016-04-08T00:30:31.727000;1ab8d82e-d418-4705-beee-096d617e4b2f;421.85;0.01;SELL
2016-04-08T00:30:31.667000;2016-04-08T00:30:31.727000;7d12b7e2-234a-44f7-9562-64c3ae3f8a65;421.85;0.103;SELL
2016-04-08T00:30:31.667000;2016-04-08T00:30:31.727000;d3eb015c-e5b9-4a97-a1f6-613f62f27785;421.84;0.01;SELL
2016-04-08T00:30:31.667000;2016-04-08T00:30:31.727000;d07d40eb-2c5f-41f5-b971-9f08c67be4e5;421.82;0.01;SELL
2016-04-08T00:30:31.667000;2016-04-08T00:30:31.727000;c2b5aa30-9ab3-4f18-b0a4-b64c6542994c;421.81;0.01;SELL
2016-04-08T00:30:31.667000;2016-04-08T00:30:31.727000;60a23a5f-4b8c-448b-b497-c12e9185c776;421.8;0.01;SELL
2016-04-08T00:30:31.667000;2016-04-08T00:30:31.743000;6659cdc6-75b5-4098-a148-9ec21ea683b4;421.8;0.01;SELL
2016-04-08T00:30:31.667000;2016-04-08T00:30:31.743000;0ee8f4b1-1f34-4da2-8283-ecd5286c64cd;421.8;0.0115;SELL
2016-04-08T00:30:31.667000;2016-04-08T00:30:31.743000;840348b5-3987-4261-9eb4-d692a6fa92bb;421.78;0.05;SELL
2016-04-08T00:30:31.667000;2016-04-08T00:30:31.743000;97c09e02-ba30-4f4b-b351-ed0013f34719;421.76;0.032;SELL
2016-04-08T00:30:31.667000;2016-04-08T00:30:31.743000;322f6016-4bc6-4c99-9a40-d09a455bd006;421.76;0.106;SELL
2016-04-08T00:30:31.670000;2016-04-08T00:30:31.757000;1ae1ec46-aeb7-4ead-a7e2-3f6042ca9e3e;421.76;0.68;SELL
2016-04-08T00:30:31.670000;2016-04-08T00:30:31.757000;431b299f-a281-4f23-acb6-bde65494354d;421.75;0.01;SELL
2016-04-08T00:30:31.670000;2016-04-08T00:30:31.757000;682044f0-6bd2-4212-851b-bca900118ae5;421.75;0.01;SELL
2016-04-08T00:30:31.670000;2016-04-08T00:30:31.757000;606d57d4-bd0f-45e8-acea-8655be5d3435;421.75;0.82128;SELL
2016-04-08T00:31:31.293000;2016-04-08T00:31:31.320000;9d46faa9-0b47-45b8-b0b0-e0d56e48977b;421.82;0.01;SELL
2016-04-08T00:31:31.293000;2016-04-08T00:31:31.320000;9a11c139-4a93-41d3-a382-561589d0469e;421.82;0.071;SELL
2016-04-08T00:31:31.293000;2016-04-08T00:31:31.320000;e21bd6f3-ae36-4c55-aa89-c88995e0b604;421.81;0.01;SELL
2016-04-08T00:31:31.293000;2016-04-08T00:31:31.337000;efa56a2a-501d-47a4-bb91-2d3e32915498;421.8;0.01;SELL
2016-04-08T00:31:31.293000;2016-04-08T00:31:31.337000;70755073-d722-425b-8962-6d4048e30aa8;421.78;0.0352;SELL
2016-04-08T00:31:31.293000;2016-04-08T00:31:31.337000;9202483a-435c-4e60-aa4b-62841be12c8c;421.77;0.01;SELL
2016-04-08T00:31:31.293000;2016-04-08T00:31:31.353000;6a3ec2a5-bd01-4777-a056-6f55227be8c7;421.77;0.084;SELL
2016-04-08T00:31:31.297000;2016-04-08T00:31:31.353000;35287497-6d83-4687-b1ac-ee7476fab06b;421.74;0.01;SELL
2016-04-08T00:31:31.297000;2016-04-08T00:31:31.353000;b9486d9e-da32-4393-857a-05b41b5340c3;421.72;0.01;SELL
2016-04-08T00:31:31.297000;2016-04-08T00:31:31.353000;602c7fce-ff5e-4961-a0be-6694e13ab103;421.72;0.51;SELL
2016-04-08T00:31:31.297000;2016-04-08T00:31:31.367000;ce3c06f9-7de8-4dfe-af4b-49cff5142fe6;421.72;0.129;SELL
2016-04-08T00:31:31.297000;2016-04-08T00:31:31.383000;6e92185f-d54d-46a9-a2b7-815fc0621fff;421.71;0.48135;SELL
2016-04-08T00:32:02.077000;2016-04-08T00:32:02.103000;091daa91-312c-45ed-a47c-1e7993192db2;421.88;0.02;BUY
2016-04-08T00:32:02.077000;2016-04-08T00:32:02.117000;64969423-9c43-4610-8183-09a83aca8dd4;421.89;0.01;BUY
2016-04-08T00:32:02.077000;2016-04-08T00:32:02.117000;a08c3fe6-9f39-45ce-a007-245d34c53bc3;421.9;0.01;BUY
2016-04-08T00:32:02.077000;2016-04-08T00:32:02.133000;4b64efcb-3aaf-47e0-a2fe-cf9adf941957;421.9;0.01;BUY
2016-04-08T00:32:02.077000;2016-04-08T00:32:02.150000;de70ac4c-c0c8-4b03-bb52-3ea3857ae047;421.92;0.01;BUY
2016-04-08T00:32:02.077000;2016-04-08T00:32:02.150000;e25b19e2-192b-4089-a97c-f67aa63e0258;421.93;0.01;BUY
2016-04-08T00:32:02.077000;2016-04-08T00:32:02.150000;800b5b79-2180-4100-90b7-fe85ff544352;421.93;0.05789;BUY
2016-04-08T00:32:31.097000;2016-04-08T00:32:31.117000;bd6d2f26-206e-4d55-9621-009936f0c557;421.92;0.01;BUY
2016-04-08T00:32:31.097000;2016-04-08T00:32:31.133000;6332f86c-3fa9-43a3-b03e-0580d32ef705;421.93;0.01;BUY
2016-04-08T00:32:31.097000;2016-04-08T00:32:31.133000;a50937b5-89ce-4489-9615-037201e168d9;421.93;0.0381;BUY
2016-04-08T00:33:30.870000;2016-04-08T00:33:30.883000;2814e266-e8af-4e04-bb2a-8753f48a1eb7;421.92;0.01;BUY
2016-04-08T00:33:30.870000;2016-04-08T00:33:30.913000;4beebfc8-b309-4036-b029-1bd25bacd97f;421.92;0.05335;BUY
2016-04-08T00:34:01.110000;2016-04-08T00:34:01.133000;08cf7cc1-0d11-4215-ba43-8f0ee1deec74;421.85;0.01;SELL
2016-04-08T00:34:01.110000;2016-04-08T00:34:01.150000;e39c6d9f-8b12-40f2-ae8b-761b57c316d5;421.84;0.01;SELL
2016-04-08T00:34:01.110000;2016-04-08T00:34:01.150000;f0a78f2f-1c99-4869-939e-b5202bd318fa;421.82;0.01;SELL
2016-04-08T00:34:01.110000;2016-04-08T00:34:01.163000;5c53a043-ff7e-458a-a95b-069dc3d41b47;421.81;0.125;SELL
2016-04-08T00:34:01.110000;2016-04-08T00:34:01.163000;21d1f725-1345-4dc7-a634-3acfab308985;421.8;0.01;SELL
2016-04-08T00:34:01.110000;2016-04-08T00:34:01.163000;50434c11-1a4e-452d-8c69-f14d6fdac357;421.78;0.01;SELL
2016-04-08T00:34:01.110000;2016-04-08T00:34:01.163000;a4f763e3-615f-48a9-afd5-4fd7e17797fa;421.77;0.01;SELL
2016-04-08T00:34:01.110000;2016-04-08T00:34:01.163000;d007053c-08dc-4943-8691-64f593221f15;421.77;0.032;SELL
2016-04-08T00:34:01.110000;2016-04-08T00:34:01.163000;30c99598-51aa-4993-940a-aadea36ac927;421.76;0.01;SELL
2016-04-08T00:34:01.110000;2016-04-08T00:34:01.163000;283d1dd5-dfa4-4f20-8c76-8b775ce1b363;421.75;0.01;SELL
2016-04-08T00:34:01.110000;2016-04-08T00:34:01.197000;a4cf63b8-e7ad-4d8f-bd3c-747e833063eb;421.74;0.1;SELL
2016-04-08T00:34:01.113000;2016-04-08T00:34:01.197000;a97fa186-9bf7-477d-8773-b6403120ebc7;421.73;0.01;SELL
2016-04-08T00:34:01.113000;2016-04-08T00:34:01.197000;4092ebfe-d7a7-4bf2-a087-7ba9a81beabe;421.7;0.01;SELL
2016-04-08T00:34:01.113000;2016-04-08T00:34:01.197000;42f5ecc0-ccb8-456a-abeb-ceb79bf9e50f;421.69;0.078;SELL
2016-04-08T00:34:01.113000;2016-04-08T00:34:01.197000;727ad801-acbe-4c1f-999d-d55f27680ce7;421.67;0.01;SELL
2016-04-08T00:34:01.113000;2016-04-08T00:34:01.197000;aed41358-ad93-4b0c-bc92-5a0489efe184;421.66;0.01;SELL
2016-04-08T00:34:01.113000;2016-04-08T00:34:01.197000;25ce2eda-ded2-4072-87b1-2e344303c3d0;421.65;0.01;SELL
2016-04-08T00:34:01.113000;2016-04-08T00:34:01.197000;4304b7f7-e78a-4ae1-8688-03ed575c72d7;421.65;0.01;SELL
2016-04-08T00:34:01.113000;2016-04-08T00:34:01.197000;8a377a56-4055-428f-bbc5-f01643ebe68f;421.63;0.01;SELL
2016-04-08T00:34:01.113000;2016-04-08T00:34:01.197000;a4b7be89-86c0-4814-b53c-f5cc3880b9f5;421.63;0.02;SELL
2016-04-08T00:34:01.113000;2016-04-08T00:34:01.227000;ef2b36da-166b-480c-bab5-86a6c6408944;421.61;0.2004;SELL
2016-04-08T00:34:01.113000;2016-04-08T00:34:01.227000;b946aa60-0163-4685-b6ed-a7a5d904f773;421.61;0.05;SELL
2016-04-08T00:34:01.113000;2016-04-08T00:34:01.227000;8f48cdcd-76cf-4d34-a1a7-562c44d12870;421.6;0.01;SELL
2016-04-08T00:34:01.113000;2016-04-08T00:34:01.227000;86aeb3f7-e83f-478f-a381-1d9f3a348bb8;421.6;3.62329;SELL
2016-04-08T00:34:38.313000;2016-04-08T00:34:38.337000;cbb4753c-fb0a-4236-b5fd-f3f0515d7cc3;421.79;0.03;BUY
2016-04-08T00:34:38.313000;2016-04-08T00:34:38.353000;873e1e95-420a-420b-8c50-9c066c0f4481;421.8;0.01;BUY
2016-04-08T00:34:38.313000;2016-04-08T00:34:38.353000;9f3693fb-0d3c-49a0-93ce-6a3ee809f1e5;421.84;0.51;BUY
2016-04-08T00:34:38.313000;2016-04-08T00:34:38.367000;eb8e610d-ddc7-447d-b683-3c9cc052dee2;421.85;0.01;BUY
2016-04-08T00:34:38.313000;2016-04-08T00:34:38.367000;98a88ac9-a59f-44e0-8f48-604baaeab656;421.85;0.01;BUY
2016-04-08T00:34:38.317000;2016-04-08T00:34:38.367000;37838bb7-ceae-4a48-988e-7e337cc4475f;421.85;0.099;BUY
2016-04-08T00:34:38.317000;2016-04-08T00:34:38.367000;f2bb14fb-93db-41c1-895d-a497df0f060c;421.88;2.55;BUY
2016-04-08T00:34:38.317000;2016-04-08T00:34:38.367000;107f459d-a24d-45c0-a666-be03f326fce0;421.89;0.106;BUY
2016-04-08T00:34:38.317000;2016-04-08T00:34:38.367000;46055b7f-f359-48de-a215-6b19802a90ee;421.89;0.68;BUY
2016-04-08T00:34:38.317000;2016-04-08T00:34:38.367000;ce7aed23-022b-4877-876c-ab7dbf3d305b;421.9;0.01;BUY
2016-04-08T00:34:38.317000;2016-04-08T00:34:38.367000;e9b94808-621f-4524-94cd-f28b3ff02d37;421.9;0.01;BUY
2016-04-08T00:34:38.317000;2016-04-08T00:34:38.367000;9412884d-e871-4200-9a2a-ed2e8683dd5c;421.9;1.71615;BUY
2016-04-08T00:35:01.143000;2016-04-08T00:35:01.163000;bf839580-3467-4a6a-92d9-f1edf7f8fb77;421.84;0.27229;BUY
2016-04-08T00:35:30.997000;2016-04-08T00:35:31.007000;1e917fdc-d82d-4fc0-ab8a-f9257bd56459;421.78;0.01;SELL
2016-04-08T00:35:30.997000;2016-04-08T00:35:31.023000;d2104d35-7641-4936-b0dc-1cad6b158fc2;421.78;0.01327;SELL
2016-04-08T00:36:01.013000;2016-04-08T00:36:01.053000;0d430c0f-1bd4-4e01-ab92-9b4f418159a1;421.86;0.01;BUY
2016-04-08T00:36:01.013000;2016-04-08T00:36:01.070000;b766ad09-fff8-4c9b-9967-d5e26078ab44;421.86;0.19;BUY
2016-04-08T00:36:01.013000;2016-04-08T00:36:01.087000;c9a935a0-f871-4010-86e6-9860338b6178;421.86;0.113;BUY
2016-04-08T00:36:01.013000;2016-04-08T00:36:01.087000;71337ae9-2861-44f2-8085-8337d8feae18;421.9;0.68;BUY
2016-04-08T00:36:01.013000;2016-04-08T00:36:01.087000;27c2c67b-bc91-466c-a54f-e3a36d9fb959;421.91;0.34;BUY
2016-04-08T00:36:01.013000;2016-04-08T00:36:01.087000;1a7831f8-d1cb-4fe2-bb2d-399093b19ad4;421.92;0.01;BUY
2016-04-08T00:36:01.013000;2016-04-08T00:36:01.087000;6c1f29be-90d4-4eaa-b71d-e20ea19d401a;421.93;0.3944;BUY
2016-04-08T00:36:30.997000;2016-04-08T00:36:31.037000;28548e1e-55f9-4ff4-9dd8-37d2a0c54db5;421.91;0.01;BUY
2016-04-08T00:36:30.997000;2016-04-08T00:36:31.053000;a4925612-5426-4e13-bcf6-055df51eb313;421.91;0.13;BUY
2016-04-08T00:36:30.997000;2016-04-08T00:36:31.053000;967f0c1c-bee2-4698-a8d4-1b939350cef0;421.92;0.01;BUY
2016-04-08T00:36:30.997000;2016-04-08T00:36:31.070000;3dc4f85f-9707-49ea-8b30-8025100ef0a7;421.94;0.01;BUY
2016-04-08T00:36:30.997000;2016-04-08T00:36:31.070000;f1c1f221-2c6a-43fd-89cb-1302fab7ea52;421.95;0.00427;BUY
2016-04-08T00:37:00.963000;2016-04-08T00:37:01.007000;1b637ea4-6a68-4451-a108-b85d90873b05;421.94;0.01;BUY
2016-04-08T00:37:00.963000;2016-04-08T00:37:01.023000;f539cd8f-5a9a-40fb-ba1f-2e547bd614df;421.95;0.00573;BUY
2016-04-08T00:37:00.963000;2016-04-08T00:37:01.023000;e2c58a57-e317-4091-a121-9df13ca86d30;421.95;0.01;BUY
2016-04-08T00:37:00.963000;2016-04-08T00:37:01.023000;2139710f-0caa-419d-9e3c-6272b22a3192;421.95;0.01;BUY
2016-04-08T00:37:00.963000;2016-04-08T00:37:01.040000;0200bf9e-d9e4-44d5-b79e-b7a21421311c;421.95;0.01;BUY
2016-04-08T00:37:00.963000;2016-04-08T00:37:01.117000;e528c194-341a-41fe-8e91-f71c4c2793d2;421.96;0.01;BUY
2016-04-08T00:37:00.963000;2016-04-08T00:37:01.117000;52306dd1-78d6-4a3c-8058-fbad1a8d3cb5;421.96;0.032;BUY
2016-04-08T00:37:00.963000;2016-04-08T00:37:01.117000;be3fea4b-3aaf-49df-9356-b644fee101dc;421.96;0.117;BUY
2016-04-08T00:37:00.963000;2016-04-08T00:37:01.117000;302f79cc-6f70-4fd0-8524-b9ed6fcb0dbe;421.97;0.01;BUY
2016-04-08T00:37:00.963000;2016-04-08T00:37:01.117000;91f2ec38-b5a3-440e-8f7b-35405137cb8f;421.98;0.01;BUY
2016-04-08T00:37:00.963000;2016-04-08T00:37:01.117000;cd65f47c-b762-46b1-af0a-869c8af1d293;421.98;0.68;BUY
2016-04-08T00:37:00.963000;2016-04-08T00:37:01.117000;f44fbcf0-b084-406a-8acd-4d8065f53355;421.99;0.25;BUY
2016-04-08T00:37:00.963000;2016-04-08T00:37:01.117000;fab2d10a-d98f-4765-96d7-c90e26a7d7a3;421.99;1.02;BUY
2016-04-08T00:37:00.963000;2016-04-08T00:37:01.117000;fdad184b-cee0-4314-907d-5852145f1ba9;422.0;0.01;BUY
2016-04-08T00:37:00.963000;2016-04-08T00:37:01.117000;5589c00a-3829-4ab5-9405-ae75b4ac659e;422.0;0.5;BUY
2016-04-08T00:37:00.963000;2016-04-08T00:37:01.117000;b0d8680b-a968-4f71-9670-e2de83673111;422.0;0.68;BUY
2016-04-08T00:37:00.963000;2016-04-08T00:37:01.117000;90d911dc-b558-47ab-bd2a-7eabfaca7f4f;422.01;0.12;BUY
2016-04-08T00:37:00.967000;2016-04-08T00:37:01.117000;27d526da-3929-4b7a-ad7c-0fbfc68eb916;422.01;1.19;BUY
2016-04-08T00:37:00.967000;2016-04-08T00:37:01.117000;b241cc8a-e632-4085-b53c-e281157d42eb;422.02;0.01;BUY
2016-04-08T00:37:00.967000;2016-04-08T00:37:01.117000;7f05e83e-2082-4373-aa49-8e2c6129de36;422.04;0.76799;BUY
2016-04-08T00:37:30.933000;2016-04-08T00:37:30.977000;e32532c6-32a0-449a-8c84-6fbe815e48c7;421.96;0.01;BUY
2016-04-08T00:37:30.933000;2016-04-08T00:37:30.990000;258572c5-d3e0-4c7c-a416-b61568b22cdf;421.96;0.118;BUY
2016-04-08T00:37:30.933000;2016-04-08T00:37:30.990000;dc0e3d87-517a-4215-82f8-e5a762c4c116;421.96;0.032;BUY
2016-04-08T00:37:30.933000;2016-04-08T00:37:30.990000;6d711470-d3a8-4f10-a444-5ba7a86d5034;421.97;0.01;BUY
2016-04-08T00:37:30.933000;2016-04-08T00:37:31.007000;e1e65255-13df-4321-8296-1ab91d5fb541;422.01;0.109;BUY
2016-04-08T00:37:30.933000;2016-04-08T00:37:31.087000;da4b29eb-ad02-4398-b8a5-a8194ce917f9;422.05;0.01;BUY
2016-04-08T00:37:30.933000;2016-04-08T00:37:31.087000;ea1b5dd6-514c-406a-bc99-770f41776920;422.06;0.076;BUY
2016-04-08T00:37:30.933000;2016-04-08T00:37:31.087000;df807488-7e61-405d-a7f7-f2c24fd785db;422.07;0.01;BUY
2016-04-08T00:37:30.933000;2016-04-08T00:37:31.087000;1a1eacdf-1496-4af8-bbd7-e87412c7a7fa;422.07;0.53825;BUY
2016-04-08T00:38:00.970000;2016-04-08T00:38:01.007000;ebf54181-5b4c-49c2-9bc4-faee27879ecb;422.03;0.713;BUY
2016-04-08T00:38:00.970000;2016-04-08T00:38:01.007000;787c8a54-7171-4214-8992-3a2695c15251;422.03;0.17;BUY
2016-04-08T00:38:00.970000;2016-04-08T00:38:01.023000;b6dfd11b-95e7-4289-8187-4d4bb5eb051e;422.03;0.0352;BUY
2016-04-08T00:38:00.970000;2016-04-08T00:38:01.023000;47f007c4-e411-428c-882b-2282379cbdb2;422.03;0.15243;BUY
2016-04-08T00:38:07.467000;2016-04-08T00:38:07.507000;c5aaf15a-fa9b-434e-b717-b97527fa5dd1;422.02;0.0237;BUY
2016-04-08T00:38:07.517000;2016-04-08T00:38:07.553000;a61ff498-a290-42f0-98ed-7ee19390ee03;422.02;0.06;BUY
2016-04-08T00:38:07.553000;2016-04-08T00:38:07.587000;b4fc8db2-6c7d-46a1-b2ae-6f7e10a42e25;422.02;0.07888;BUY
2016-04-08T00:38:07.560000;2016-04-08T00:38:07.600000;515b39e4-f4cf-4cfc-ab2f-625ed1104ccc;422.02;0.08;BUY
2016-04-08T00:38:07.630000;2016-04-08T00:38:07.663000;0b206adf-7f62-41ab-95d3-73164f61b229;422.02;0.06242;BUY
2016-04-08T00:38:07.630000;2016-04-08T00:38:07.680000;591230d1-43be-40b9-9455-8ef5f66cd482;422.03;0.28584853;BUY
2016-04-08T00:38:30.500000;2016-04-08T00:38:30.540000;5234c311-4adb-411f-874c-a11c0f54bdf3;421.99;0.01;BUY
2016-04-08T00:38:30.500000;2016-04-08T00:38:30.553000;ac20fbc2-6201-46e8-a5b3-163ed9ea922f;422.0;0.01;BUY
2016-04-08T00:38:30.500000;2016-04-08T00:38:30.553000;a6f12270-0b9a-4733-b82c-ee568dc40752;422.02;0.075;BUY
2016-04-08T00:38:30.500000;2016-04-08T00:38:30.553000;a0a3682e-7aa8-48eb-bb00-0b9bb64db2b3;422.03;0.48615147;BUY
2016-04-08T00:38:30.500000;2016-04-08T00:38:30.570000;79792f65-c04c-4b61-b31b-9d7fb6b86f50;422.05;0.490653;BUY
2016-04-08T00:38:30.500000;2016-04-08T00:38:30.633000;dc31ed24-ec58-433e-be3e-db8f3ec69274;422.05;0.3;BUY
2016-04-08T00:38:30.500000;2016-04-08T00:38:30.633000;a211800d-8eb4-431a-b431-5716a3720867;422.07;1.80375;BUY
2016-04-08T00:38:30.500000;2016-04-08T00:38:30.633000;a6d7f36a-b948-4f0b-952d-805109b84877;422.07;0.113;BUY
2016-04-08T00:38:30.500000;2016-04-08T00:38:30.633000;1a8a31f3-f5eb-447e-9e05-6936833d5c68;422.09;1.87;BUY
2016-04-08T00:38:30.500000;2016-04-08T00:38:30.633000;80561d15-00c9-4d41-b8c0-984b0b454d45;422.1;0.01;BUY
2016-04-08T00:38:30.500000;2016-04-08T00:38:30.633000;b7b5f6b6-8fc4-42d6-ac0a-25fcc31758fd;422.1;0.02;BUY
2016-04-08T00:38:30.500000;2016-04-08T00:38:30.633000;8ed13a0b-0429-44f1-a17d-f3603a41726d;422.11;1.7;BUY
2016-04-08T00:38:30.500000;2016-04-08T00:38:30.633000;33d04c20-d57b-49ea-8000-78ac8feabb14;422.12;1.6;BUY
2016-04-08T00:38:30.500000;2016-04-08T00:38:30.633000;981d82eb-e7c8-42ea-b4e6-aac54b083e0f;422.13;0.01;BUY
2016-04-08T00:38:30.500000;2016-04-08T00:38:30.647000;0596336c-74fc-407a-a7cd-51c0367ed6b6;422.14;0.01;BUY
2016-04-08T00:38:30.500000;2016-04-08T00:38:30.647000;bdc66e6b-6a00-4632-ac46-61c4a96f6b5a;422.14;0.01;BUY
2016-04-08T00:38:30.500000;2016-04-08T00:38:30.647000;949fd958-3b4a-4a07-abd4-c320962721d5;422.14;0.51;BUY
2016-04-08T00:38:30.500000;2016-04-08T00:38:30.647000;94e95505-0e6c-4894-8ad8-271c05b09d5d;422.15;5.98942293;BUY
2016-04-08T00:38:30.503000;2016-04-08T00:38:30.647000;7ed09dad-838a-4560-b663-78cb58382f97;422.15;0.01;BUY
2016-04-08T00:38:30.503000;2016-04-08T00:38:30.647000;0748ac31-5ca1-45d4-a7e6-28e7a5619320;422.15;0.01;BUY
2016-04-08T00:38:30.503000;2016-04-08T00:38:30.647000;761ec4ea-e5c0-46ee-b22a-8704cade0b55;422.15;0.0813526;BUY
2016-04-08T00:38:31.120000;2016-04-08T00:38:31.163000;5e763f58-eab7-4680-949c-d51717957893;422.09;1.7;BUY
2016-04-08T00:38:31.120000;2016-04-08T00:38:31.163000;83dcadd7-f5db-4179-9590-88ba47a5ceed;422.11;1.87;BUY
2016-04-08T00:38:31.120000;2016-04-08T00:38:31.180000;431cc6cd-9d1f-4656-aa69-ff26bde7e926;422.14;0.22587;BUY
2016-04-08T00:39:00.993000;2016-04-08T00:39:01.023000;be878059-ec2f-4fce-992e-940fae171d72;422.03;0.613;BUY
2016-04-08T00:39:00.993000;2016-04-08T00:39:01.040000;5372e9ab-66f0-449b-a960-79c8b3dd9f34;422.03;0.15;BUY
2016-04-08T00:39:00.993000;2016-04-08T00:39:01.040000;fc8a2e8c-b4d5-4115-bd69-5ccac5d0fe86;422.04;0.0352;BUY
2016-04-08T00:39:00.993000;2016-04-08T00:39:01.040000;a52796b4-c439-4ec2-bcce-2d6e80326fff;422.05;0.2018;BUY
2016-04-08T00:40:01.027000;2016-04-08T00:40:01.070000;ad495134-3ac4-4431-90b8-456bbf197be3;421.97;0.03;SELL
2016-04-08T00:40:01.027000;2016-04-08T00:40:01.087000;676b22ad-928f-4004-a464-7a97b6bd9483;421.96;0.13;SELL
2016-04-08T00:40:01.027000;2016-04-08T00:40:01.087000;7feb2c72-7027-4b02-a5c1-8730ad354e24;421.95;0.01;SELL
2016-04-08T00:40:01.027000;2016-04-08T00:40:01.087000;6cbb1266-b5f8-4744-8b60-6a575b924bc0;421.95;0.0175;SELL
2016-04-08T00:40:01.027000;2016-04-08T00:40:01.087000;02be2eb6-5ea9-41c3-8a86-b697247a0d48;421.94;0.0352;SELL
2016-04-08T00:40:01.027000;2016-04-08T00:40:01.087000;51c0e32d-cdd4-426f-af76-3c91165971bd;421.94;0.085;SELL
2016-04-08T00:40:01.027000;2016-04-08T00:40:01.100000;67cf871d-a658-43d2-bfa5-f0d3a7da964d;421.9;0.01;SELL
2016-04-08T00:40:01.027000;2016-04-08T00:40:01.100000;0b6d654f-3689-4c4e-a907-ecc3671ec7fe;421.9;0.01;SELL
2016-04-08T00:40:01.027000;2016-04-08T00:40:01.100000;d6a40566-81a7-44c4-9597-45171d8acb8d;421.89;0.129;SELL
2016-04-08T00:40:01.027000;2016-04-08T00:40:01.100000;b48ba990-eccb-4222-b872-68833dbbd348;421.88;0.01;SELL
2016-04-08T00:40:01.027000;2016-04-08T00:40:01.163000;9e9a9c7f-784d-4949-9d14-1878131927e8;421.87;0.01;SELL
2016-04-08T00:40:01.027000;2016-04-08T00:40:01.180000;4ac98878-0b7b-4c40-8d5f-bbe912be1b5a;421.86;0.3;SELL
2016-04-08T00:40:01.027000;2016-04-08T00:40:01.180000;cd38f77b-6254-4a42-a004-79d19ff85e6e;421.85;0.01;SELL
2016-04-08T00:40:01.027000;2016-04-08T00:40:01.180000;fd39bab0-9a66-42a9-9746-4d0209edeedf;421.85;0.01;SELL
2016-04-08T00:40:01.027000;2016-04-08T00:40:01.180000;9b73b35d-d693-4738-8b51-8649d406411f;421.84;0.073;SELL
2016-04-08T00:40:01.027000;2016-04-08T00:40:01.180000;5065f9bb-044c-47c1-b2a9-84d22f4e14ed;421.83;0.68;SELL
2016-04-08T00:40:01.027000;2016-04-08T00:40:01.180000;2b3d7b47-61c8-4b69-9496-9d3a000b499e;421.82;0.01;SELL
2016-04-08T00:40:01.027000;2016-04-08T00:40:01.180000;2fe4fed1-983e-453a-8256-9863dd79ac94;421.82;0.6724;SELL
2016-04-08T00:40:31.387000;2016-04-08T00:40:31.443000;e321d097-b54b-4aa0-ab77-c8ba9aacf7f5;421.95;0.02;BUY
2016-04-08T00:40:31.387000;2016-04-08T00:40:31.443000;3b3e0a2d-f153-4481-ae16-68b95a826bcb;421.96;0.01;BUY
2016-04-08T00:40:31.387000;2016-04-08T00:40:31.443000;6754aa7f-6e61-4ac9-824b-a18807d61d3b;421.96;0.1;BUY
2016-04-08T00:40:31.387000;2016-04-08T00:40:31.460000;de004e49-3a7e-4094-b4fc-4dc03e653c4b;421.97;0.01;BUY
2016-04-08T00:40:31.390000;2016-04-08T00:40:31.460000;c9a2c073-56bb-41a0-8dad-b43b87d502e2;421.97;0.3;BUY
2016-04-08T00:40:31.390000;2016-04-08T00:40:31.460000;d55171da-20be-4d1c-8960-e7938a899a3b;421.98;0.01;BUY
2016-04-08T00:40:31.390000;2016-04-08T00:40:31.460000;20e861b7-6d6e-41e1-8dc1-8cddba66a4a4;421.98;0.126;BUY
2016-04-08T00:40:31.390000;2016-04-08T00:40:31.460000;81f999cc-1f3b-4940-b9cd-4e6d67668cab;422.0;0.01;BUY
2016-04-08T00:40:31.390000;2016-04-08T00:40:31.460000;71680201-b2ae-48f2-98c9-89ebd978b4d8;422.01;0.03;BUY
2016-04-08T00:40:31.390000;2016-04-08T00:40:31.477000;ddf5088c-8471-40af-b941-aa38a300709e;422.03;0.17;BUY
2016-04-08T00:40:31.390000;2016-04-08T00:40:31.477000;51ed851b-21ff-4c47-b32d-eb21601d1fbe;422.03;0.17;BUY
2016-04-08T00:40:31.390000;2016-04-08T00:40:31.477000;8381a091-7a57-42f6-a528-642730b1b7bc;422.04;0.082;BUY
2016-04-08T00:40:31.390000;2016-04-08T00:40:31.490000;e110ed27-1c8d-4647-9f2a-26bba741c5be;422.04;0.51;BUY
2016-04-08T00:40:31.390000;2016-04-08T00:40:31.490000;d914bb87-a88f-4321-92c8-d415cb11e22d;422.05;0.01;BUY
2016-04-08T00:40:31.390000;2016-04-08T00:40:31.490000;6fb5167d-9ac7-4905-8556-bf7076d3df51;422.06;0.09837;BUY
2016-04-08T00:41:02.633000;2016-04-08T00:41:02.663000;52e51b3d-801a-4554-8a2c-61623eb5fd6e;421.96;0.01;SELL
2016-04-08T00:41:02.633000;2016-04-08T00:41:02.680000;9ae9e1a2-c261-4603-9e63-87deb48b50a6;421.95;0.01;SELL
2016-04-08T00:41:02.637000;2016-04-08T00:41:02.680000;0b458223-3de4-4ed9-924f-fca06602447e;421.95;0.01;SELL
2016-04-08T00:41:02.637000;2016-04-08T00:41:02.680000;1018617a-f3b6-45ef-b19a-8cdd63508dcc;421.95;0.128;SELL
2016-04-08T00:41:02.637000;2016-04-08T00:41:02.693000;ba7cba59-9a3b-4dc2-9b58-15c3b1744da1;421.94;0.01;SELL
2016-04-08T00:41:02.637000;2016-04-08T00:41:02.773000;ceee258a-d6ac-4597-bb0c-c7467d9cd445;421.94;0.093;SELL
2016-04-08T00:41:02.637000;2016-04-08T00:41:02.773000;b1018e40-7ac3-4632-9c66-5a0ac2532584;421.92;0.032;SELL
2016-04-08T00:41:02.637000;2016-04-08T00:41:02.773000;48d153b2-e98d-4107-8399-8bc6939239d9;421.91;0.01;SELL
2016-04-08T00:41:02.637000;2016-04-08T00:41:02.773000;d2aed15d-10eb-46fc-9949-896b88679c77;421.9;0.01;SELL
2016-04-08T00:41:02.637000;2016-04-08T00:41:02.773000;365d7fe8-fefa-4a18-845b-cea34c3f6314;421.89;0.128;SELL
2016-04-08T00:41:02.637000;2016-04-08T00:41:02.773000;990c1ca8-6138-4ea0-beb6-8d7d4a71ccaf;421.88;0.01;SELL
2016-04-08T00:41:02.637000;2016-04-08T00:41:02.773000;98c26f54-0cf5-498c-ab92-f79144503733;421.87;0.01;SELL
2016-04-08T00:41:02.637000;2016-04-08T00:41:02.773000;ed8cef44-bb5f-4284-b60d-35043bad792a;421.87;0.3;SELL
2016-04-08T00:41:02.637000;2016-04-08T00:41:02.773000;867f6f83-38b0-4a5b-8e37-7f0f5e24ebd7;421.86;0.08747;SELL
2016-04-08T00:41:31.540000;2016-04-08T00:41:31.587000;7584e960-82b8-40b6-b59c-c5a8d2afd515;421.96;0.01;BUY
2016-04-08T00:41:31.540000;2016-04-08T00:41:31.600000;a5505c71-1cc5-48c5-bd94-a1123e0e6b6e;421.96;0.70595;BUY
2016-04-08T00:42:01.383000;2016-04-08T00:42:01.413000;72b1a17f-c8a9-4ded-894b-15a4ef39e8f4;421.97;0.15;BUY
2016-04-08T00:42:01.383000;2016-04-08T00:42:01.413000;89825174-8306-4d56-b309-34b62f8d0e3e;421.98;0.01;BUY
2016-04-08T00:42:01.383000;2016-04-08T00:42:01.443000;339b22c1-3e2d-4deb-9ab4-a5c788c29da8;421.99;0.01;BUY
2016-04-08T00:42:01.383000;2016-04-08T00:42:01.443000;abe5997d-69ff-4b3e-8e17-2ff02aaf068e;422.0;0.01;BUY
2016-04-08T00:42:01.383000;2016-04-08T00:42:01.443000;43d0b0fd-8ee1-411d-b4eb-1e3cd01c0944;422.0;0.3;BUY
2016-04-08T00:42:01.383000;2016-04-08T00:42:01.443000;77020d91-f1b4-4ec5-ad70-077ebc09af9c;422.01;0.01;BUY
2016-04-08T00:42:01.383000;2016-04-08T00:42:01.460000;f516d5f2-b284-46f0-a550-159c90351d2b;422.01;0.3;BUY
2016-04-08T00:42:01.387000;2016-04-08T00:42:01.460000;c0db59e2-8f19-4c98-bee8-a0af9f6fcd87;422.03;0.3;BUY
2016-04-08T00:42:01.387000;2016-04-08T00:42:01.460000;fcfc116a-30e4-4a6c-9c8e-b9cf6bee62e0;422.04;0.51;BUY
2016-04-08T00:42:01.387000;2016-04-08T00:42:01.460000;0ab24fab-392a-4ebe-badc-3b5ea95047d7;422.04;0.82906;BUY
2016-04-08T00:42:38.287000;2016-04-08T00:42:38.303000;8b71b55d-baf1-43c0-9b96-07dc9e4ad9c5;421.96;0.01;SELL
2016-04-08T00:42:38.287000;2016-04-08T00:42:38.337000;d985adb3-e0c9-4894-bb0e-ace38ffaca4c;421.96;0.27858;SELL
2016-04-08T00:43:01.090000;2016-04-08T00:43:01.117000;90dcd95e-62b6-48f7-8ba8-9303ab095fe2;422.04;0.01;BUY
2016-04-08T00:43:01.090000;2016-04-08T00:43:01.133000;2e8a97e0-e64b-47fa-b5d9-5c872ac0e437;422.04;0.00739;BUY
2016-04-08T00:43:31.087000;2016-04-08T00:43:31.117000;8189ed1e-52ab-4e06-bf1a-381e64f94cda;422.05;0.17598;BUY
2016-04-08T00:44:01.157000;2016-04-08T00:44:01.180000;0aabfa6e-7bf1-469e-856c-0e75f42b649e;421.97;0.01;SELL
2016-04-08T00:44:01.157000;2016-04-08T00:44:01.193000;f3923f8a-da9c-42ab-b389-a8479dd73748;421.97;0.43;SELL
2016-04-08T00:44:01.157000;2016-04-08T00:44:01.193000;9813e77b-7014-46b6-b008-fc81e122d302;421.96;0.093;SELL
2016-04-08T00:44:01.157000;2016-04-08T00:44:01.193000;c79a7523-db68-437c-b56b-3e18ad29482c;421.95;0.0115;SELL
2016-04-08T00:44:01.157000;2016-04-08T00:44:01.210000;e07913f8-00b8-4a50-9c3b-69a5354ba8d4;421.95;0.01;SELL
2016-04-08T00:44:01.157000;2016-04-08T00:44:01.210000;6c1974e5-fd70-4449-b066-c43f2d6d0406;421.94;0.032;SELL
2016-04-08T00:44:01.157000;2016-04-08T00:44:01.210000;3742006c-0bc7-4092-a1e8-73b09fa202dd;421.91;0.118;SELL
2016-04-08T00:44:01.157000;2016-04-08T00:44:01.210000;62a7f702-7b90-43d7-8708-f13069d60889;421.9;0.01;SELL
2016-04-08T00:44:01.157000;2016-04-08T00:44:01.227000;1df139e7-f712-44fb-a7b3-1664751bdcdf;421.9;0.3;SELL
2016-04-08T00:44:01.157000;2016-04-08T00:44:01.227000;2b778839-31d0-4ded-bf13-c13c341678b0;421.89;0.01;SELL
2016-04-08T00:44:01.157000;2016-04-08T00:44:01.227000;25bd4c00-ae37-4f96-b266-d74dcdf6927d;421.89;0.40151;SELL
2016-04-08T00:44:34.967000;2016-04-08T00:44:34.977000;7bbc9b9a-6339-4758-8c93-8c4150d8a89b;421.92;0.70398;BUY
2016-04-08T00:45:31.133000;2016-04-08T00:45:31.147000;6a9cbb43-bc92-406d-9a05-e3c8a9e67081;421.92;0.02442;BUY
2016-04-08T00:45:31.133000;2016-04-08T00:45:31.163000;ca434ee5-dbd2-4a5b-8eaa-467be0028a22;421.93;3.599;BUY
2016-04-08T00:45:31.137000;2016-04-08T00:45:31.163000;70244b03-4450-41b1-bea7-7d69b4486a86;421.95;0.01;BUY
2016-04-08T00:45:31.137000;2016-04-08T00:45:31.163000;5b1bb49e-1399-4698-b7ef-ddbe293f5542;421.96;0.40151;BUY
2016-04-08T00:45:31.137000;2016-04-08T00:45:31.180000;32891e9a-7812-4ad8-9a96-76698d09525a;421.99;0.20013;BUY
2016-04-08T00:47:00.953000;2016-04-08T00:47:00.960000;e882e60d-2ee4-46ef-b9c5-3e8af22c82b8;421.9;0.01;SELL
2016-04-08T00:47:00.953000;2016-04-08T00:47:00.977000;81d14d31-bedb-4011-b8dd-938bb0d40293;421.9;0.01;SELL
2016-04-08T00:47:00.953000;2016-04-08T00:47:00.977000;7a6a3a70-3c7d-41da-9628-ef34187227dc;421.9;0.128;SELL
2016-04-08T00:47:00.953000;2016-04-08T00:47:00.977000;68d9256d-7be3-4d65-b6e8-27a31bd8ad05;421.89;0.09849;SELL
2016-04-08T00:47:00.953000;2016-04-08T00:47:01.007000;64ed8060-f1e4-4406-8c38-a479a7777873;421.87;0.01297;SELL
2016-04-08T00:47:30.977000;2016-04-08T00:47:30.993000;caf6e2c8-0e54-4c13-8e03-c4ba5a45cf95;421.93;1.19771;BUY
2016-04-08T00:48:33.600000;2016-04-08T00:48:33.617000;ecd45244-3dd2-4c0e-8489-b54d08f2866d;421.87;0.04062;SELL
2016-04-08T00:49:01.123000;2016-04-08T00:49:01.133000;7d79a0e8-b99c-448e-985c-15de525ba490;421.89;0.5;BUY
2016-04-08T00:49:30.980000;2016-04-08T00:49:30.993000;aae93ac8-a770-4f70-8ef5-eeef2c6927c4;421.87;0.23939;SELL
2016-04-08T00:50:02.080000;2016-04-08T00:50:02.100000;6803c02b-c2fd-43ef-8e5a-6c047895b3b0;421.93;0.46703;BUY
2016-04-08T00:50:33.520000;2016-04-08T00:50:33.540000;30a203eb-1685-4667-8715-6cf047847017;421.92;0.128;SELL
2016-04-08T00:50:33.520000;2016-04-08T00:50:33.540000;851863b1-2929-49c5-af43-3b8e7206c29a;421.92;0.0237;SELL
2016-04-08T00:50:33.520000;2016-04-08T00:50:33.553000;a92c394b-a995-4d25-b48d-3bb830fb0076;421.92;0.0228;SELL
2016-04-08T00:50:33.520000;2016-04-08T00:50:33.553000;761aaf56-353f-438c-a2ad-18a91c45fcac;421.92;0.0215;SELL
2016-04-08T00:50:33.520000;2016-04-08T00:50:33.570000;0b035765-ba4c-4168-87ff-b964b120597a;421.92;0.0183;SELL
2016-04-08T00:50:33.520000;2016-04-08T00:50:33.570000;9039b4bb-8dde-4bb5-821a-950768530bcd;421.92;0.0199;SELL
2016-04-08T00:50:33.520000;2016-04-08T00:50:33.570000;78440568-e022-43fb-acf5-25769ba46ec1;421.92;0.023;SELL
2016-04-08T00:50:33.520000;2016-04-08T00:50:33.570000;1fff33f6-21a7-492c-8188-0cc1e408cee6;421.92;0.0246;SELL
2016-04-08T00:50:33.520000;2016-04-08T00:50:33.570000;34313af5-2aca-4839-bb4c-f82dbe1549be;421.92;0.0208;SELL
2016-04-08T00:50:33.520000;2016-04-08T00:50:33.570000;6ec89bd1-8893-425b-95ea-6586387c0336;421.92;0.0221;SELL
2016-04-08T00:50:33.520000;2016-04-08T00:50:33.587000;2993b973-5f1b-447f-9c8b-29d0efbd171a;421.92;0.0209;SELL
2016-04-08T00:50:33.520000;2016-04-08T00:50:33.587000;e23b0c93-9af6-4ff2-8708-c4e155bc2eb1;421.92;0.0207;SELL
2016-04-08T00:50:33.523000;2016-04-08T00:50:33.587000;04b76001-f3d0-48d9-8360-01d2c141cacc;421.92;0.0197;SELL
2016-04-08T00:50:33.523000;2016-04-08T00:50:33.587000;15c0aaf7-f9b2-47f2-9d4b-65f6e9db471a;421.92;0.0222;SELL
2016-04-08T00:50:33.523000;2016-04-08T00:50:33.587000;fd50486f-3b80-40be-a894-60b056559677;421.92;0.0176;SELL
2016-04-08T00:50:33.523000;2016-04-08T00:50:33.587000;36fe6061-61a6-4d71-a012-044a9d65a964;421.92;0.0183;SELL
2016-04-08T00:50:33.523000;2016-04-08T00:50:33.600000;48309bcb-4a12-4549-81e3-f12d1ad1a7b3;421.92;0.0182;SELL
2016-04-08T00:50:33.523000;2016-04-08T00:50:33.600000;8f12a1be-7638-4b92-bc86-c393f9192c35;421.92;0.0181;SELL
2016-04-08T00:50:33.523000;2016-04-08T00:50:33.600000;45656b6a-b4b8-4b9d-a483-ab793654db64;421.87;0.10853;SELL
2016-04-08T00:50:33.523000;2016-04-08T00:50:33.600000;815a49ea-9628-4e3e-a333-24de1d078427;421.87;0.199;SELL
2016-04-08T00:50:33.523000;2016-04-08T00:50:33.600000;28b3c826-24be-4fd5-8a0c-0704b856df60;421.85;0.01;SELL
2016-04-08T00:50:33.523000;2016-04-08T00:50:33.617000;c677b85e-bb3a-42a3-9c72-7ed104c57ad8;421.85;0.15007;SELL
2016-04-08T00:51:01.263000;2016-04-08T00:51:01.337000;e26632d5-75e3-4b45-a80b-abd30e1e1b84;421.91;0.01;BUY
2016-04-08T00:51:01.263000;2016-04-08T00:51:01.337000;5ce32646-0625-4850-bd0b-6b0289e352da;421.91;0.17821;BUY
2016-04-08T00:51:31.253000;2016-04-08T00:51:31.323000;bf8a0fc0-0fd8-4c69-a7a8-89c7af78f687;421.93;0.33526;BUY
2016-04-08T00:51:31.253000;2016-04-08T00:51:31.323000;4f747ed4-4f49-454a-98c6-8845f734c8d8;421.93;0.01296999;BUY
2016-04-08T00:51:31.253000;2016-04-08T00:51:31.323000;21930dd4-bc6c-4be8-b7d6-6a33410ee115;421.93;0.04061999;BUY
2016-04-08T00:51:31.253000;2016-04-08T00:51:31.323000;13bba8db-27f5-48ee-9af8-5bff90859e63;421.93;0.23939;BUY
2016-04-08T00:51:31.253000;2016-04-08T00:51:31.323000;c0628eaa-2754-433d-a696-2fe14ead579f;421.93;0.10853;BUY
2016-04-08T00:51:31.253000;2016-04-08T00:51:31.323000;32d2a85d-b28d-4b5a-acbc-b942e60a21ff;421.95;0.08452002;BUY
2016-04-08T00:52:31.757000;2016-04-08T00:52:31.823000;53a7d27a-a956-4b49-b0dd-2b5e748a7400;421.89;0.0208;BUY
2016-04-08T00:52:31.757000;2016-04-08T00:52:31.823000;7d52abd6-2f2d-4881-b09b-79883ba09941;421.93;4.67333;BUY
2016-04-08T00:53:03.557000;2016-04-08T00:53:03.603000;fbdb82bc-e3a5-4d59-9c69-959b1fa16a82;421.86;0.01;SELL
2016-04-08T00:53:03.557000;2016-04-08T00:53:03.620000;ec9235df-2616-4b84-8c42-f42ff55f6a72;421.86;0.05952;SELL
2016-04-08T00:53:31.247000;2016-04-08T00:53:31.307000;9e43eafc-9b45-401b-af03-c80d0945098a;421.94;0.01;BUY
2016-04-08T00:53:31.247000;2016-04-08T00:53:31.337000;2ef7a9d4-3d51-45d4-96ba-14391e1a482c;421.95;0.01396998;BUY
2016-04-08T00:53:31.247000;2016-04-08T00:53:31.337000;9efb4eee-1416-4379-bf44-bb15ed78a59e;421.95;0.01;BUY
2016-04-08T00:53:31.247000;2016-04-08T00:53:31.337000;a618c085-33c0-4f1c-a957-a22689b3eb6f;422.0;0.01;BUY
2016-04-08T00:53:31.250000;2016-04-08T00:53:31.337000;1c0ae8b2-980f-4b80-84ed-86b5dc0261c2;422.0;0.0125;BUY
2016-04-08T00:53:31.250000;2016-04-08T00:53:31.337000;7c10996b-fadf-4eb8-975e-4e59feebec0e;422.01;1.19;BUY
2016-04-08T00:53:31.250000;2016-04-08T00:53:31.337000;18e710a0-3fdd-4e37-9aff-e326d1f3e778;422.01;1.02;BUY
2016-04-08T00:53:31.250000;2016-04-08T00:53:31.353000;9341c633-1592-49f0-9db0-3f639c59fdb5;422.01;0.85;BUY
2016-04-08T00:53:31.250000;2016-04-08T00:53:31.353000;380209c4-b34e-40b4-9cd4-6df1d58d8011;422.02;0.032;BUY
2016-04-08T00:53:31.250000;2016-04-08T00:53:31.353000;c89d0180-34af-456b-b3ea-6dec3002ab3a;422.02;0.85;BUY
2016-04-08T00:53:31.250000;2016-04-08T00:53:31.353000;fd8017bd-638d-4464-b465-8b29ee87d29d;422.02;0.68;BUY
2016-04-08T00:53:31.250000;2016-04-08T00:53:31.353000;cbf2e3c9-4513-4c9e-a8a5-7ae536389807;422.02;0.3;BUY
2016-04-08T00:53:31.250000;2016-04-08T00:53:31.370000;86684365-20c2-48a8-853e-2019fa52c960;422.03;0.01;BUY
2016-04-08T00:53:31.250000;2016-04-08T00:53:31.370000;2acd5e8d-83c3-4bcf-aeda-92b0698ef3d9;422.03;0.118;BUY
2016-04-08T00:53:31.250000;2016-04-08T00:53:31.370000;20a80eb7-311e-48d4-848c-1767f8dfd73e;422.03;0.04189002;BUY
2016-04-08T00:54:10.540000;2016-04-08T00:54:10.603000;2e4befdd-a195-4d2a-b99e-7b782eb9a4e9;421.93;0.01;SELL
2016-04-08T00:54:10.540000;2016-04-08T00:54:10.603000;2e141297-c3e7-4a51-82ff-b8b60929a884;421.93;0.123;SELL
2016-04-08T00:54:18.673000;2016-04-08T00:54:18.730000;8f9bc44a-15df-4708-860f-1325c1611437;421.9;0.017;BUY
2016-04-08T00:54:31.200000;2016-04-08T00:54:31.243000;17da0ffb-5e93-4a05-aa04-a6b0898e53b6;421.88;0.08;SELL
2016-04-08T00:54:31.200000;2016-04-08T00:54:31.260000;324fa9cc-44d0-4aa3-af44-c46f86307103;421.88;0.01;SELL
2016-04-08T00:54:31.200000;2016-04-08T00:54:31.260000;3de995c3-7db6-4d1d-8d8e-bfe87e8835db;421.87;0.01;SELL
2016-04-08T00:54:31.200000;2016-04-08T00:54:31.260000;edea0b69-a3d3-4b46-a5d4-2cf8bb245d66;421.87;0.01396998;SELL
2016-04-08T00:54:31.200000;2016-04-08T00:54:31.260000;54f53052-6030-4aeb-9be0-c37ed727cf39;421.87;0.032;SELL
2016-04-08T00:54:31.200000;2016-04-08T00:54:31.277000;2cb313f2-86e8-472b-9a80-a6e4a20f61f3;421.86;0.01;SELL
2016-04-08T00:54:31.200000;2016-04-08T00:54:31.277000;28703073-32e0-4fbc-ba8c-57cfb81fc48d;421.86;0.2;SELL
2016-04-08T00:54:31.200000;2016-04-08T00:54:31.277000;c3038591-64d3-4c44-b047-4318fcf6690c;421.85;0.10853;SELL
2016-04-08T00:54:31.200000;2016-04-08T00:54:31.277000;a2367f0a-1432-493e-9f21-7a284e59e312;421.85;0.08452001;SELL
2016-04-08T00:54:31.200000;2016-04-08T00:54:31.277000;d7918990-ed2a-4a47-a145-d54ba2272ce6;421.85;0.01;SELL
2016-04-08T00:54:31.200000;2016-04-08T00:54:31.353000;12da7b17-a999-4332-97fc-2c4e67c1cb54;421.84;0.01;SELL
2016-04-08T00:54:31.200000;2016-04-08T00:54:31.353000;f69c6d15-b635-4092-84dd-47e7ffe1c851;421.84;0.01296998;SELL
2016-04-08T00:54:31.200000;2016-04-08T00:54:31.353000;8349056c-88a3-4de6-bf75-b2c660b89d11;421.84;0.04061999;SELL
2016-04-08T00:54:31.200000;2016-04-08T00:54:31.353000;af090bb1-db38-4a77-9c6e-f14bedae2f38;421.84;0.23939001;SELL
2016-04-08T00:54:31.200000;2016-04-08T00:54:31.353000;5270d6b7-3c59-437a-8347-c54bf1ba1ae2;421.83;0.119;SELL
2016-04-08T00:54:31.200000;2016-04-08T00:54:31.353000;8466a5a8-436a-4a6c-bb30-1ec40e4c5c75;421.81;0.01;SELL
2016-04-08T00:54:31.203000;2016-04-08T00:54:31.353000;fa25ac6a-af03-408d-ad8b-7d80fed0e903;421.8;0.01;SELL
2016-04-08T00:54:31.203000;2016-04-08T00:54:31.353000;0160824b-14be-4fa6-87ec-8e9f4dbb9e22;421.78;0.22168003;SELL
2016-04-08T00:54:47.673000;2016-04-08T00:54:47.713000;ab641906-edd3-45c1-b0f6-352725586ad2;421.89;0.01;SELL
2016-04-08T00:55:01.133000;2016-04-08T00:55:01.197000;9e635ffb-8d45-431a-b3c9-a5113418d25c;421.9;0.02;BUY
2016-04-08T00:55:01.133000;2016-04-08T00:55:01.197000;322510d7-8157-419e-8765-9551947adc59;421.91;0.10853;BUY
2016-04-08T00:55:01.133000;2016-04-08T00:55:01.197000;619df7ee-694a-4903-81b2-2f9570f6e2d9;421.92;0.01296998;BUY
2016-04-08T00:55:01.133000;2016-04-08T00:55:01.197000;9f15711a-9cd1-48e1-9ae3-231e78a5f0e9;421.92;0.04061999;BUY
2016-04-08T00:55:01.133000;2016-04-08T00:55:01.213000;d52d2ace-7450-45fc-a9a8-f572e3191e68;421.92;0.23939001;BUY
2016-04-08T00:55:01.133000;2016-04-08T00:55:01.230000;5b5b32a1-eabd-4262-b4ac-750bc0e02730;421.93;0.01396998;BUY
2016-04-08T00:55:01.133000;2016-04-08T00:55:01.230000;a2f463b1-0768-49ce-b2f4-887c78fe1e6c;421.93;0.06888004;BUY
2016-04-08T00:55:31.347000;2016-04-08T00:55:31.387000;f99d1c0d-8b72-49e4-a821-2a8df529afdf;421.93;0.01563997;BUY
2016-04-08T00:55:31.350000;2016-04-08T00:55:31.400000;e3305c41-9c57-42f5-9880-500a4699967e;421.95;0.01;BUY
2016-04-08T00:55:31.350000;2016-04-08T00:55:31.400000;07125de5-67a6-4b50-ba4c-b5314983b543;421.97;0.01;BUY
2016-04-08T00:55:31.350000;2016-04-08T00:55:31.400000;f2745ded-16ce-460a-a2de-4e436c7d6c8f;421.98;0.01;BUY
2016-04-08T00:55:31.350000;2016-04-08T00:55:31.417000;24d7e70c-d403-4719-a6a0-9f43dabac414;422.0;0.01;BUY
2016-04-08T00:55:31.350000;2016-04-08T00:55:31.417000;969da0d7-6d3b-4a39-8a39-31c28d65cb6d;422.0;0.22;BUY
2016-04-08T00:55:31.350000;2016-04-08T00:55:31.433000;3175f49c-3d3f-4c76-a2dc-c549d7cd2e09;422.02;0.01;BUY
2016-04-08T00:55:31.350000;2016-04-08T00:55:31.433000;8c6c4495-0f20-4628-b8c9-dcf0fe9c9549;422.03;0.096;BUY
2016-04-08T00:55:31.350000;2016-04-08T00:55:31.433000;0527c56d-1248-43f3-bd48-8b2eb4bf7ed2;422.05;0.01;BUY
2016-04-08T00:55:31.350000;2016-04-08T00:55:31.447000;58168550-318b-4e4d-85b5-f0b749fd7dd3;422.07;0.01;BUY
2016-04-08T00:55:31.350000;2016-04-08T00:55:31.447000;2132c429-ee22-448c-a677-6f56d370b51f;422.07;0.032;BUY
2016-04-08T00:55:31.350000;2016-04-08T00:55:31.447000;ac599cb3-c3e2-4dd5-b621-cc596221e226;422.08;0.114;BUY
2016-04-08T00:55:31.350000;2016-04-08T00:55:31.447000;0f56b8dc-78de-4394-ad75-b37ad96889ee;422.09;0.03065003;BUY
2016-04-08T00:56:01.080000;2016-04-08T00:56:01.120000;4656304e-5c85-4bde-81a8-06b32aa8290b;422.08;0.16627;BUY
2016-04-08T00:56:27.053000;2016-04-08T00:56:27.090000;1a822551-0817-44c5-a8d0-9725d5c68904;421.96;0.01;SELL
2016-04-08T00:56:27.053000;2016-04-08T00:56:27.120000;9383be4b-d8f8-46cd-b88d-4b170766e302;421.95;0.01;SELL
2016-04-08T00:56:27.057000;2016-04-08T00:56:27.120000;c95a49a4-ac66-4257-a40e-db75724a72ed;421.94;6.25;SELL
2016-04-08T00:56:27.057000;2016-04-08T00:56:27.120000;fb6fb66c-0ff2-467c-89c8-d16f7add47c1;421.94;0.23;SELL
2016-04-08T00:56:27.057000;2016-04-08T00:56:27.137000;b3c5a2d7-b6f3-4dfb-b9de-82bcdca54265;421.94;0.095;SELL
2016-04-08T00:56:27.057000;2016-04-08T00:56:27.137000;f8804474-fd59-46c4-8c58-dfd2d3612244;421.93;0.01563996;SELL
2016-04-08T00:56:27.057000;2016-04-08T00:56:27.137000;af51d641-ec01-4053-8c19-5779cd173e97;421.92;0.0352;SELL
2016-04-08T00:56:27.057000;2016-04-08T00:56:27.137000;b3d5d8e3-7781-4bd9-bc60-50d18635a99c;421.91;0.3;SELL
2016-04-08T00:56:27.057000;2016-04-08T00:56:27.137000;41b82eb4-8653-46bb-b667-9a658f075abd;421.9;0.01;SELL
2016-04-08T00:56:27.057000;2016-04-08T00:56:27.137000;5583f395-2455-4dcf-b2ae-b7219ece02cb;421.89;0.122;SELL
2016-04-08T00:56:31.077000;2016-04-08T00:56:31.120000;670712b5-4a5c-432b-a327-4564dfbff93f;421.86;0.12;SELL
2016-04-08T00:56:31.077000;2016-04-08T00:56:31.137000;43c66131-041a-404e-940f-550d053f7f14;421.85;0.01;SELL
2016-04-08T00:56:31.077000;2016-04-08T00:56:31.137000;e419ebf5-8967-466c-9a4d-712d9ad57d0e;421.81;0.10258;SELL
2016-04-08T00:56:37.387000;2016-04-08T00:56:37.433000;a66f3770-1b75-4941-b456-5650a7d09934;421.87;0.01;SELL
2016-04-08T00:56:37.387000;2016-04-08T00:56:37.433000;b4ac73fc-1e98-4e45-8514-ef1cac16b5b0;421.87;0.073;SELL
2016-04-08T00:57:01.273000;2016-04-08T00:57:01.307000;9e4eaa7a-b20f-4aa4-b35a-d19c77e3108c;421.82;0.01;SELL
2016-04-08T00:57:01.273000;2016-04-08T00:57:01.340000;5d573b1f-ca80-4b13-9ecf-f4625adbbead;421.82;0.0906;SELL
2016-04-08T00:57:31.147000;2016-04-08T00:57:31.183000;bd77dca3-9d53-4be6-94db-464f5633ba81;421.82;0.01;SELL
2016-04-08T00:57:31.147000;2016-04-08T00:57:31.197000;92202bcb-65ae-4e73-bfad-4282d2d66083;421.82;0.03487;SELL
2016-04-08T00:58:01.717000;2016-04-08T00:58:01.760000;6c832e64-a541-4b73-8046-41fa520687d9;421.84;0.4;BUY
2016-04-08T00:58:01.720000;2016-04-08T00:58:01.777000;86680d21-3c28-450e-bc26-3c4513e1d69e;421.86;0.16;BUY
2016-04-08T00:58:01.720000;2016-04-08T00:58:01.777000;a648518c-9ed8-4b24-ae9b-856ea8238cf6;421.9;0.01;BUY
2016-04-08T00:58:01.720000;2016-04-08T00:58:01.777000;240e5016-0611-47bf-8967-40a28fa15852;421.9;0.3;BUY
2016-04-08T00:58:01.720000;2016-04-08T00:58:01.777000;fa8aa491-4f97-436b-afe0-cc18fd5d4d4e;421.93;0.163;BUY
2016-04-08T00:58:01.720000;2016-04-08T00:58:01.790000;bb11f2de-0a06-48c6-bafe-92aaa6a7b2c8;421.93;0.3;BUY
2016-04-08T00:58:01.720000;2016-04-08T00:58:01.790000;43d3e5a9-67f7-4ebc-b6df-8462f041fc11;421.95;0.01;BUY
2016-04-08T00:58:01.720000;2016-04-08T00:58:01.790000;3d2ba3fb-bc04-43fe-9ebb-f001e1c37e37;421.95;0.01;BUY
2016-04-08T00:58:01.720000;2016-04-08T00:58:01.790000;add2d005-a70b-4f3f-92f3-1427ed0f5347;421.95;0.01;BUY
2016-04-08T00:58:01.720000;2016-04-08T00:58:01.790000;dfe748a6-562f-46ca-b774-bba016705ef6;421.96;0.10258002;BUY
2016-04-08T00:58:01.720000;2016-04-08T00:58:01.807000;3338e6c5-11bc-437a-ab62-0f9d6b7322e8;421.97;0.01563996;BUY
2016-04-08T00:58:01.720000;2016-04-08T00:58:01.807000;975d9998-8161-49d4-84e8-c3555f9888fc;421.97;0.85;BUY
2016-04-08T00:58:01.720000;2016-04-08T00:58:01.807000;d3f1f979-c92e-4081-9106-f4071ef10353;421.98;0.134;BUY
2016-04-08T00:58:01.720000;2016-04-08T00:58:01.807000;9a0b1f8d-8551-4581-a75d-99ded0a7fe7e;421.99;0.04983002;BUY
2016-04-08T00:58:31.503000;2016-04-08T00:58:31.557000;627eb0f2-f2b9-483b-8a80-e41c399968a5;421.89;0.01;SELL
2016-04-08T00:58:31.503000;2016-04-08T00:58:31.557000;22970146-a34d-4003-b5ae-e92acdf1c1d8;421.89;0.097;SELL
2016-04-08T00:58:31.503000;2016-04-08T00:58:31.557000;25916370-fee7-43e3-8f20-24a20458ee00;421.89;0.3;SELL
2016-04-08T00:58:31.503000;2016-04-08T00:58:31.557000;b0d02a65-4abf-4910-afb7-91d09a082767;421.88;0.3;SELL
2016-04-08T00:58:31.503000;2016-04-08T00:58:31.557000;4f069c2b-1c5d-49be-b2e3-dbb362af9d84;421.87;0.01;SELL
2016-04-08T00:58:31.503000;2016-04-08T00:58:31.557000;77e132dc-b22d-4baa-8e9e-b931353ad173;421.87;0.3;SELL
2016-04-08T00:58:31.503000;2016-04-08T00:58:31.590000;ec2113ea-5d70-4181-9c42-d62201333cf6;421.85;0.01;SELL
2016-04-08T00:58:31.503000;2016-04-08T00:58:31.590000;738c2e1e-f49a-4306-9706-72ec6b56f2df;421.83;0.01;SELL
2016-04-08T00:58:31.503000;2016-04-08T00:58:31.590000;32c7c3c5-a879-4483-ba6b-e01aba08455f;421.83;0.124;SELL
2016-04-08T00:58:31.503000;2016-04-08T00:58:31.590000;81d9d46a-0796-4b13-8797-64895d471573;421.82;0.01;SELL
2016-04-08T00:58:31.503000;2016-04-08T00:58:31.590000;566018c6-3d7f-47e3-a15a-985952a7b4d9;421.82;0.22;SELL
2016-04-08T00:58:31.507000;2016-04-08T00:58:31.590000;0321a929-22ef-47fd-940b-2014a56853fa;421.82;0.3;SELL
2016-04-08T00:58:31.507000;2016-04-08T00:58:31.590000;3a7e1fab-5c90-4e21-b269-ed1431fbfe09;421.8;0.01;SELL
2016-04-08T00:58:31.507000;2016-04-08T00:58:31.603000;272c1f0d-17ab-44e6-88db-dacefe5acc7e;421.8;0.032;SELL
2016-04-08T00:58:31.507000;2016-04-08T00:58:31.603000;6ea9c469-4d5d-4bb7-ba18-d264c2ed2c36;421.79;0.02;SELL
2016-04-08T00:58:31.507000;2016-04-08T00:58:31.620000;df242066-bc77-413a-ba68-a182823fbb65;421.78;0.112;SELL
2016-04-08T00:58:31.507000;2016-04-08T00:58:31.620000;1de37f7c-d704-470d-aca7-46c7331e57c4;421.77;0.17;SELL
2016-04-08T00:58:31.507000;2016-04-08T00:58:31.620000;8ad0fa5b-1155-4234-b017-bb3090ca1156;421.76;0.01;SELL
2016-04-08T00:58:31.507000;2016-04-08T00:58:31.620000;f13f0467-7ab0-4c79-9424-a21136d6195e;421.76;1.19;SELL
2016-04-08T00:58:31.507000;2016-04-08T00:58:31.620000;bc185cb2-098d-44d8-bb49-30576f5c70ae;421.76;0.51;SELL
2016-04-08T00:58:31.507000;2016-04-08T00:58:31.620000;6ed3ab0c-c9fc-4a40-bc79-2ece0f391639;421.75;0.01;SELL
2016-04-08T00:58:31.507000;2016-04-08T00:58:31.620000;b397c7e1-b8f4-4343-846f-11a19b9ff00d;421.75;1.36;SELL
2016-04-08T00:58:31.507000;2016-04-08T00:58:31.620000;766c1825-1cc4-4ed5-b091-b537ca6b8a4c;421.75;0.88178;SELL
2016-04-08T00:59:01.277000;2016-04-08T00:59:01.307000;f7ee9947-d069-4ebe-860a-3cce5639ef9b;421.92;0.01;BUY
2016-04-08T00:59:01.277000;2016-04-08T00:59:01.323000;e76a148e-fe21-4ac5-9320-aaafd63dab52;421.92;0.03;BUY
2016-04-08T00:59:01.277000;2016-04-08T00:59:01.323000;9baae7cb-9396-4a34-98b6-b38969ce0636;421.92;0.07732;BUY
2016-04-08T00:59:31.237000;2016-04-08T00:59:31.260000;3f959787-06df-4ed6-b70d-be257fd661ba;421.9;0.3;BUY
2016-04-08T00:59:31.237000;2016-04-08T00:59:31.290000;d238bd61-93cc-40cc-a8ca-71aaf9716080;421.9;2.26778;BUY
2016-04-08T00:59:37.043000;2016-04-08T00:59:37.090000;bedf4ce0-37ca-4422-80fc-7b1f10a6bc1b;421.86;0.01;SELL
2016-04-08T00:59:37.043000;2016-04-08T00:59:37.090000;69b9d899-269d-4ce8-b83a-b86301a3d045;421.86;0.125;SELL
2016-04-08T01:00:32.617000;2016-04-08T01:00:32.650000;1307dca3-6e9d-4401-8613-57b9fe3a5333;421.85;0.01;SELL
2016-04-08T01:00:32.620000;2016-04-08T01:00:32.667000;e075326c-68bf-4bbc-96f7-fea18450f7c0;421.85;0.109;SELL
2016-04-08T01:00:32.620000;2016-04-08T01:00:32.667000;80cb2458-97b8-4227-89af-d3410cf1a27e;421.84;0.01;SELL
2016-04-08T01:00:32.620000;2016-04-08T01:00:32.667000;2484d24a-05b7-41e2-a709-1efea88e3f65;421.81;0.01;SELL
2016-04-08T01:00:32.620000;2016-04-08T01:00:32.683000;bea87975-f13f-4288-8cca-6f627dbff3d5;421.8;0.01;SELL
2016-04-08T01:00:32.620000;2016-04-08T01:00:32.683000;7af592f7-83c1-49df-a446-f21178026dc4;421.8;0.01;SELL
2016-04-08T01:00:32.620000;2016-04-08T01:00:32.683000;c840a1ec-abeb-4f52-a5c1-395be01ee8a4;421.8;0.05435;SELL
2016-04-08T01:01:11.990000;2016-04-08T01:01:12.010000;f6cd5622-4253-438a-a728-0475744e01d5;421.85;0.01;BUY
2016-04-08T01:01:11.990000;2016-04-08T01:01:12.027000;97007c70-7f78-46d0-ac61-5eec1b3693fb;421.86;0.04985;BUY
2016-04-08T01:02:01.437000;2016-04-08T01:02:01.463000;7435a16a-4dee-40e3-ad88-143721fdefb7;421.8;0.01;SELL
2016-04-08T01:02:01.437000;2016-04-08T01:02:01.480000;8c84cd14-cdb9-411e-a4dd-072f8dbe113c;421.8;0.099;SELL
2016-04-08T01:02:01.437000;2016-04-08T01:02:01.480000;4ae89d54-c393-4cb4-85e3-8f495fca4f13;421.8;0.01;SELL
2016-04-08T01:02:01.437000;2016-04-08T01:02:01.480000;1ed7c3a7-eaee-4879-81ae-1e127d1e2483;421.79;0.02;SELL
2016-04-08T01:02:01.437000;2016-04-08T01:02:01.493000;d03ffed3-84e0-46f5-b58b-aa120724e945;421.77;1.0;SELL
2016-04-08T01:02:01.437000;2016-04-08T01:02:01.493000;4cf71979-c346-4f81-bf0b-42b162b7ea19;421.75;0.01;SELL
2016-04-08T01:02:01.437000;2016-04-08T01:02:01.493000;c3432467-6b13-4c66-bcde-6109516dadd9;421.75;0.0115;SELL
2016-04-08T01:02:01.437000;2016-04-08T01:02:01.493000;14c62c3a-7fd9-4a93-b9e8-5a12c24a0a46;421.75;0.073;SELL
2016-04-08T01:02:01.437000;2016-04-08T01:02:01.493000;47f9a5f5-f8a2-4026-bb48-fcb2e4ed53a6;421.74;0.01;SELL
2016-04-08T01:02:01.437000;2016-04-08T01:02:01.493000;cbcabed6-27f7-41a0-9307-488a94b89f69;421.74;1.0;SELL
2016-04-08T01:02:01.437000;2016-04-08T01:02:01.510000;dd0ee08f-0a27-4984-a1ee-77c7fdd4162f;421.72;0.0352;SELL
2016-04-08T01:02:01.437000;2016-04-08T01:02:01.510000;f3bf213e-7334-4346-b494-339b23b11c39;421.71;1.21579;SELL
2016-04-08T01:02:14.080000;2016-04-08T01:02:14.103000;687ea6ef-ad3f-4b75-9d9a-50ff72171dd7;421.79;0.02;SELL
2016-04-08T01:02:14.080000;2016-04-08T01:02:14.120000;05468471-f090-4d79-a111-4336def993ed;421.79;0.093;SELL
2016-04-08T01:02:14.080000;2016-04-08T01:02:14.120000;a23df0aa-f511-4c0e-a7ed-16acc2abdd3e;421.74;0.087;SELL
2016-04-08T01:02:16.450000;2016-04-08T01:02:16.493000;cd356f0a-1035-4d2a-a186-f767a536f282;421.77;0.01;SELL
2016-04-08T01:02:16.450000;2016-04-08T01:02:16.493000;26187cdf-f6ae-408f-96fe-e9a3da6e5bcc;421.73;0.01;SELL
2016-04-08T01:02:16.450000;2016-04-08T01:02:16.493000;f5b62f26-ddd6-4159-990a-a5e0b433aca5;421.73;0.078;SELL
2016-04-08T01:02:16.450000;2016-04-08T01:02:16.493000;fde4c3db-e6da-44c7-aef8-278860609e57;421.7;0.01;SELL
2016-04-08T01:02:16.450000;2016-04-08T01:02:16.510000;1c0c4b68-e966-4899-a6f7-c04983bf5197;421.69;0.082;SELL
2016-04-08T01:02:16.450000;2016-04-08T01:02:16.510000;05f11a66-0380-4212-a5bd-20ac6c5d8e8b;421.66;0.01;SELL
2016-04-08T01:02:18.817000;2016-04-08T01:02:18.840000;e622a5c8-cb6f-4fe3-a42a-537a98f8e9f5;421.78;0.01;SELL
2016-04-08T01:02:18.817000;2016-04-08T01:02:18.853000;388cff0a-9358-41f1-bdc9-58e6a99317a7;421.78;0.01;SELL
2016-04-08T01:02:18.817000;2016-04-08T01:02:18.853000;5b4bcef7-2b8a-4db1-80ea-b0400763cd19;421.66;0.18;SELL
2016-04-08T01:02:20.970000;2016-04-08T01:02:21.010000;3bc9b843-fb4b-4b66-9bbe-e65fedd92a0a;421.68;0.01;SELL
2016-04-08T01:02:20.970000;2016-04-08T01:02:21.010000;a44fb258-c170-4984-b9b7-7d803e82068d;421.65;0.01;SELL
2016-04-08T01:02:20.970000;2016-04-08T01:02:21.010000;68f063ec-5de4-483f-9117-f3cfb0363d17;421.61;0.18;SELL
2016-04-08T01:02:23.367000;2016-04-08T01:02:23.387000;2b002102-93e2-4919-ab6f-20acd7f8c8ee;421.69;0.01;SELL
2016-04-08T01:02:23.367000;2016-04-08T01:02:23.417000;867bdf0a-adf6-4e5e-b1e7-8af43e3ee7a5;421.69;0.126;SELL
2016-04-08T01:02:23.367000;2016-04-08T01:02:23.433000;5588f862-e5d8-41f0-9f49-77c326d6f116;421.63;0.064;SELL
2016-04-08T01:02:25.757000;2016-04-08T01:02:25.777000;b82d9e19-2ea6-4f18-9d69-47f422ed7605;421.71;0.01;SELL
2016-04-08T01:02:25.757000;2016-04-08T01:02:25.790000;1317e4be-21e1-4ea6-b4d9-65b8a1ad7353;421.71;0.119;SELL
2016-04-08T01:02:25.757000;2016-04-08T01:02:25.790000;71e40f03-ebb4-4754-9ddb-7a5131b368d6;421.7;0.01;SELL
2016-04-08T01:02:25.757000;2016-04-08T01:02:25.790000;c5804bb6-8c29-411e-b64b-81a4af6db829;421.63;0.061;SELL
2016-04-08T01:02:28.143000;2016-04-08T01:02:28.183000;d0f419e9-eba1-4ccf-b573-125c075a918c;421.63;0.01;SELL
2016-04-08T01:02:28.143000;2016-04-08T01:02:28.183000;e16034c9-be6f-409c-9cd0-b8bac3806517;421.63;0.122;SELL
2016-04-08T01:02:28.143000;2016-04-08T01:02:28.183000;1a0aaa64-17fd-40b3-b39e-64a807bb7e38;421.6;0.068;SELL
2016-04-08T01:02:30.513000;2016-04-08T01:02:30.540000;528019a8-8eff-4b87-a7a9-3e0e828a4d24;421.62;0.01;SELL
2016-04-08T01:02:30.513000;2016-04-08T01:02:30.557000;b531ac4a-8ae5-4f79-ba73-d51889c8973a;421.61;0.01;SELL
2016-04-08T01:02:30.513000;2016-04-08T01:02:30.557000;00440d97-fa10-4bf6-b5f4-ace2fcb04592;421.61;0.118;SELL
2016-04-08T01:02:30.513000;2016-04-08T01:02:30.557000;c6fd1819-29d3-45e1-a9e5-be16885a48f8;421.6;0.032;SELL
2016-04-08T01:02:30.513000;2016-04-08T01:02:30.573000;46efd33d-e759-4012-bb90-5c4da146169d;421.6;0.01;SELL
2016-04-08T01:02:30.513000;2016-04-08T01:02:30.590000;2d922053-8284-44a3-b579-86a9aab007b1;421.6;0.02;SELL
2016-04-08T01:02:31.293000;2016-04-08T01:02:31.307000;5bda3279-5cc5-4562-9b78-5745c1fcca6c;421.61;0.01;SELL
2016-04-08T01:02:31.293000;2016-04-08T01:02:31.323000;18e92d15-c429-484d-80d5-c39945005a2c;421.6;0.08;SELL
2016-04-08T01:02:31.293000;2016-04-08T01:02:31.323000;4be72c2b-8d8c-441a-b2b1-c1877316d25e;421.6;0.2007;SELL
2016-04-08T01:02:31.293000;2016-04-08T01:02:31.340000;d4d316d5-77a2-423f-847c-7484a6dedb9d;421.59;0.02;SELL
2016-04-08T01:02:31.293000;2016-04-08T01:02:31.340000;71960dbb-ecea-4730-854c-93b27c536cb7;421.56;5.1;SELL
2016-04-08T01:02:31.293000;2016-04-08T01:02:31.340000;44a52807-6372-4207-8fd7-fc0953f85495;421.55;1.70453;SELL
2016-04-08T01:02:32.677000;2016-04-08T01:02:32.697000;df1411a4-5e55-4e26-93ce-68321523f0aa;421.61;0.01;SELL
2016-04-08T01:02:32.677000;2016-04-08T01:02:32.713000;a47b3374-127e-4ed6-9959-072cb76a35fa;421.61;0.084;SELL
2016-04-08T01:02:32.677000;2016-04-08T01:02:32.713000;8ab8978f-94d6-46b0-8f35-9aeb26e9caea;421.59;0.02;SELL
2016-04-08T01:02:32.677000;2016-04-08T01:02:32.713000;6f79b171-37da-4479-a981-333683a3b046;421.56;0.01;SELL
2016-04-08T01:02:32.680000;2016-04-08T01:02:32.730000;8979b882-618f-454a-b6d5-72f3dab9e5ca;421.56;0.076;SELL
2016-04-08T01:02:34.820000;2016-04-08T01:02:34.853000;2cd886ac-11b5-4d7c-a9a2-30026b4f5396;421.62;0.01;SELL
2016-04-08T01:02:34.820000;2016-04-08T01:02:34.870000;0b788a2c-63f8-49ad-a11e-706366c06980;421.62;0.11;SELL
2016-04-08T01:02:34.820000;2016-04-08T01:02:34.870000;55f64116-3d54-486b-bf7e-c267fea4c418;421.59;0.02;SELL
2016-04-08T01:02:34.820000;2016-04-08T01:02:34.887000;d39b4817-a313-4137-a39f-1ca4d28641a5;421.56;0.06;SELL
2016-04-08T01:02:37.207000;2016-04-08T01:02:37.230000;f346ee49-4e10-424f-878a-55cc4c202738;421.57;0.01;SELL
2016-04-08T01:02:37.207000;2016-04-08T01:02:37.243000;4327fa79-d459-47fa-8217-b6a9e9fffe15;421.56;0.17;SELL
2016-04-08T01:02:37.210000;2016-04-08T01:02:37.243000;60a8ba48-eb56-4a51-b2c6-d73bb9099a1c;421.55;0.02;SELL
2016-04-08T01:02:39.360000;2016-04-08T01:02:39.400000;5d3476fa-902f-471a-8dae-0cc98b580ba6;421.56;0.2;SELL
2016-04-08T01:02:41.543000;2016-04-08T01:02:41.557000;9553b938-9172-4b9c-aefa-0dd99bf51e72;421.56;0.2;SELL
2016-04-08T01:02:43.687000;2016-04-08T01:02:43.713000;591ac9be-47ca-41d7-a02a-62d585a09b8d;421.56;0.032;SELL
2016-04-08T01:02:43.687000;2016-04-08T01:02:43.730000;53829568-74f2-4472-a110-22820eb80dda;421.56;0.168;SELL
2016-04-08T01:02:46.053000;2016-04-08T01:02:46.073000;f781cfaa-6303-408d-b676-dc7645e2e062;421.56;0.2;SELL
2016-04-08T01:02:48.197000;2016-04-08T01:02:48.213000;fe27bd44-75ea-43fc-ae25-bfbe5bd50bfd;421.56;0.2;SELL
2016-04-08T01:02:50.333000;2016-04-08T01:02:50.353000;42731391-841c-49d1-98ea-dba8b783b1e7;421.58;0.0165;SELL
2016-04-08T01:02:50.333000;2016-04-08T01:02:50.387000;4f0301cc-8177-4468-9341-ad5b58e10433;421.56;0.1835;SELL
2016-04-08T01:02:52.477000;2016-04-08T01:02:52.527000;c5a077b9-b8f4-4390-9333-4d7cabe03c8c;421.58;0.018;SELL
2016-04-08T01:02:52.477000;2016-04-08T01:02:52.527000;6bb55dbe-2057-4f40-84b9-5fd1e996934f;421.58;0.182;SELL
2016-04-08T01:02:54.850000;2016-04-08T01:02:54.887000;db3aad5b-5f24-45fe-8bb9-ccd24ffc5081;421.62;0.0198;SELL
2016-04-08T01:02:54.850000;2016-04-08T01:02:54.887000;29e0d6e4-b811-46e9-bf97-83d6ea2749fe;421.6;0.0198;SELL
2016-04-08T01:02:54.850000;2016-04-08T01:02:54.887000;46c4cafb-19e6-4949-9611-b4ef38a44a26;421.6;0.152;SELL
2016-04-08T01:02:54.850000;2016-04-08T01:02:54.900000;ebce8593-5fc0-4bd5-9aa6-fa40f3a2b993;421.56;0.0084;SELL
2016-04-08T01:02:57.230000;2016-04-08T01:02:57.243000;549b6710-7eeb-4967-8304-ef03681dbdba;421.64;0.0192;SELL
2016-04-08T01:02:57.233000;2016-04-08T01:02:57.260000;18e66bb1-d817-46ab-becb-668bdddffd35;421.62;0.0213;SELL
2016-04-08T01:02:57.233000;2016-04-08T01:02:57.260000;b1368848-d48e-4b2a-b0d9-1bbd40b59877;421.62;0.1595;SELL
2016-04-08T01:02:59.363000;2016-04-08T01:02:59.387000;d4b009ac-ceaf-4ad6-9f2f-9b07a3b1e427;421.66;0.0216;SELL
2016-04-08T01:02:59.363000;2016-04-08T01:02:59.400000;784f818b-f75b-440f-ae85-ffef729b92f7;421.64;0.0219;SELL
2016-04-08T01:02:59.363000;2016-04-08T01:02:59.400000;719bdc4b-b32f-4374-ac05-dcdfee72fec0;421.64;0.0564;SELL
2016-04-08T01:03:01.170000;2016-04-08T01:03:01.197000;7ba2f351-d9e6-4768-9352-bc86818fcb8d;421.69;0.17;BUY
2016-04-08T01:03:01.170000;2016-04-08T01:03:01.213000;3d469ed2-db56-41d0-b05c-d1f20934ce22;421.7;0.02;BUY
2016-04-08T01:03:01.170000;2016-04-08T01:03:01.213000;be083205-adc7-40f4-a84f-056d1bd9167d;421.7;0.51;BUY
2016-04-08T01:03:01.170000;2016-04-08T01:03:01.213000;67904bb0-db6a-4447-9041-08e135f0c0bb;421.71;0.01;BUY
2016-04-08T01:03:01.170000;2016-04-08T01:03:01.213000;aa77a391-ff3b-4c9e-8447-cc5f12f2d8d7;421.71;0.46146;BUY
2016-04-08T01:03:31.147000;2016-04-08T01:03:31.167000;95e7e188-3729-46cd-9b7e-13f002f213c2;421.71;0.01;BUY
2016-04-08T01:03:31.147000;2016-04-08T01:03:31.183000;1afaf443-84df-4184-af79-8002ad22570f;421.72;0.01;BUY
2016-04-08T01:03:31.147000;2016-04-08T01:03:31.183000;ad6a6b3a-0de0-40e6-a5a7-0620467e2f07;421.73;0.01;BUY
2016-04-08T01:03:31.147000;2016-04-08T01:03:31.183000;e5b2e260-2827-4af8-8ad6-5cfe1a704421;421.74;0.01;BUY
2016-04-08T01:03:31.147000;2016-04-08T01:03:31.197000;f67238c9-3074-410b-802b-51e624af60c7;421.74;0.01;BUY
2016-04-08T01:03:31.147000;2016-04-08T01:03:31.197000;8389213d-29a5-4d80-98f4-c739a65ad692;421.75;0.01;BUY
2016-04-08T01:03:31.150000;2016-04-08T01:03:31.197000;7d7e618d-ae93-41b7-ae9f-c9860ba2bb30;421.75;0.01;BUY
2016-04-08T01:03:31.150000;2016-04-08T01:03:31.197000;3aee1ced-1616-4343-a8a1-3a156aedd41d;421.76;0.01;BUY
2016-04-08T01:03:31.150000;2016-04-08T01:03:31.213000;d7abb8dc-4796-4e5c-bd55-c1082a5d8a89;421.76;0.032;BUY
2016-04-08T01:03:31.150000;2016-04-08T01:03:31.213000;d964b4b2-eec5-451b-a9be-17a7f1f12c60;421.77;0.01;BUY
2016-04-08T01:03:31.150000;2016-04-08T01:03:31.277000;14c498a4-9541-49da-b378-37140b24d190;421.77;1.96509;BUY
2016-04-08T01:03:47.920000;2016-04-08T01:03:47.947000;6586a4a0-d616-4256-ab9c-b6f2f1cd3a45;421.77;0.0291;SELL
2016-04-08T01:03:47.920000;2016-04-08T01:03:47.947000;7fedf3eb-05be-4c6b-bdf1-8ca98247894c;421.77;0.077;SELL
2016-04-08T01:03:47.920000;2016-04-08T01:03:47.947000;783a2103-2d21-4b17-bb70-d072e8fd70ba;421.77;0.0296;SELL
2016-04-08T01:03:47.920000;2016-04-08T01:03:47.963000;8949d297-80f9-48ef-80c8-c6b532094a83;421.77;0.0296;SELL
2016-04-08T01:03:47.920000;2016-04-08T01:03:47.963000;f12cbec2-d9d1-4e93-89b5-2b7ff62c6dc5;421.76;0.0269;SELL
2016-04-08T01:03:47.927000;2016-04-08T01:03:47.980000;39a4e202-da0c-4e65-bcc3-a77a487f0af7;421.76;0.3;BUY
2016-04-08T01:04:01.447000;2016-04-08T01:04:01.480000;79e7bb32-0288-4ba2-a448-9f73239f46fd;421.76;5.82;BUY
2016-04-08T01:04:01.447000;2016-04-08T01:04:01.480000;eb05e5ae-b5b6-4503-9da6-f45087471c26;421.76;0.38;BUY
2016-04-08T01:04:01.447000;2016-04-08T01:04:01.480000;6800dbb4-54a2-472c-aefc-479b856ee1cd;421.77;0.53;BUY
2016-04-08T01:04:01.447000;2016-04-08T01:04:01.493000;44236e2c-3f58-4306-b9da-7ba31d7a4ee6;421.78;0.01;BUY
2016-04-08T01:04:01.447000;2016-04-08T01:04:01.493000;41cde8c2-50f8-417b-bb4e-b1adf4375a97;421.8;0.01;BUY
2016-04-08T01:04:01.447000;2016-04-08T01:04:01.510000;ea96eaf2-28b3-41b2-a7ff-efafd2ca0425;421.8;0.01;BUY
2016-04-08T01:04:01.447000;2016-04-08T01:04:01.510000;2ed40a9b-e648-4e3d-82e9-ff015fcf0c36;421.8;3.183;BUY
2016-04-08T01:04:01.450000;2016-04-08T01:04:01.510000;d9625d22-a7c6-462d-b0df-bb9dc36f8e32;421.81;0.01;BUY
2016-04-08T01:04:01.450000;2016-04-08T01:04:01.543000;fbf2b396-03a6-481c-9301-e9b9bed21434;421.82;0.558;BUY
2016-04-08T01:04:01.450000;2016-04-08T01:04:01.543000;0340df46-d6c6-4c4a-8bf5-53a8adb30224;421.83;1.0;BUY
2016-04-08T01:04:01.450000;2016-04-08T01:04:01.543000;b3f1ddd3-5045-4aac-ad6f-622d355dc0c5;421.84;0.01;BUY
2016-04-08T01:04:01.450000;2016-04-08T01:04:01.543000;0874845a-0699-4eba-9df9-3fe8ab86cec4;421.84;1.0;BUY
2016-04-08T01:04:01.450000;2016-04-08T01:04:01.543000;801f6cca-8f7f-47e2-ba68-777527e36957;421.85;0.01;BUY
2016-04-08T01:04:01.450000;2016-04-08T01:04:01.543000;1febf306-4e0e-4130-b4a4-10e27b3a24e2;421.85;0.3;BUY
2016-04-08T01:04:01.450000;2016-04-08T01:04:01.543000;d067f928-4d3a-48d5-8049-e8c181b651c8;421.88;0.01;BUY
2016-04-08T01:04:01.450000;2016-04-08T01:04:01.543000;fb07f0a0-857c-4f44-b31d-5ec66b4ef12f;421.89;0.01;BUY
2016-04-08T01:04:01.450000;2016-04-08T01:04:01.543000;dca28414-2097-4dfb-99e6-63af6732f622;421.9;0.01;BUY
2016-04-08T01:04:01.450000;2016-04-08T01:04:01.543000;ca76e0c2-44ef-4c91-8d80-a766da84f3ec;421.91;0.01;BUY
2016-04-08T01:04:01.450000;2016-04-08T01:04:01.557000;57a39a1f-b895-40a5-a433-c12125b3e3c8;421.92;0.17;BUY
2016-04-08T01:04:01.450000;2016-04-08T01:04:01.557000;9b4707d3-2200-42bb-822d-adf61c80d360;421.93;0.01;BUY
2016-04-08T01:04:01.450000;2016-04-08T01:04:01.557000;032afa06-9298-40b8-922c-f15aebc5b5bb;421.93;0.123;BUY
2016-04-08T01:04:01.450000;2016-04-08T01:04:01.557000;f7250dd1-683f-4226-aab2-bbdf3875a425;421.93;3.533;BUY
2016-04-08T01:04:01.450000;2016-04-08T01:04:01.557000;6a1f5438-c53e-4508-92e8-6371a6fb095c;421.94;0.01;BUY
2016-04-08T01:04:01.450000;2016-04-08T01:04:01.557000;51367571-2c26-44d1-8773-e5214c193b03;421.94;0.032;BUY
2016-04-08T01:04:01.450000;2016-04-08T01:04:01.557000;7aa3f624-4102-4d60-9f2e-920c41d56d87;421.95;0.01;BUY
2016-04-08T01:04:01.450000;2016-04-08T01:04:01.590000;66b9227d-576f-4ea5-8c07-a2910e840bdc;421.95;0.01;BUY
2016-04-08T01:04:01.450000;2016-04-08T01:04:01.590000;97be2711-242c-45e7-945f-a21c6d85a88d;421.95;0.01;BUY
2016-04-08T01:04:01.450000;2016-04-08T01:04:01.590000;7acc3637-8511-4b4e-a553-590237e30ad6;421.96;0.01;BUY
2016-04-08T01:04:01.453000;2016-04-08T01:04:01.590000;760c9286-c48d-49d5-9a30-01e8f5f09f66;421.97;0.01;BUY
2016-04-08T01:04:01.453000;2016-04-08T01:04:01.590000;0fae3ff5-fb71-43ad-9075-06c7fec6b6b7;421.98;0.01;BUY
2016-04-08T01:04:01.453000;2016-04-08T01:04:01.590000;051bd06c-633f-4675-a145-ee16927ef476;421.98;0.079;BUY
2016-04-08T01:04:01.453000;2016-04-08T01:04:01.590000;809f3fe5-0c47-439e-b2ca-29ab952de060;421.99;0.2;BUY
2016-04-08T01:04:01.453000;2016-04-08T01:04:01.590000;52f82213-9fbd-4300-92dc-5811bbe07b27;422.0;0.01;BUY
2016-04-08T01:04:01.453000;2016-04-08T01:04:01.603000;b7867c71-e7df-42ff-bec5-4c5f9175df67;422.0;0.01;BUY
2016-04-08T01:04:01.453000;2016-04-08T01:04:01.603000;77eacd50-a214-4ab2-9cf2-6015af674db8;422.0;0.1;BUY
2016-04-08T01:04:01.453000;2016-04-08T01:04:01.603000;bdf6bc56-4c7d-4b7f-acd6-bcc42af354b3;422.0;0.01;BUY
2016-04-08T01:04:01.453000;2016-04-08T01:04:01.650000;2ede2b32-b31d-4e75-a001-e8f3116d35b3;422.0;0.0125;BUY
2016-04-08T01:04:01.453000;2016-04-08T01:04:01.650000;12d64b3f-1331-41fd-89d0-2fe57c6d1e80;422.05;0.01;BUY
2016-04-08T01:04:01.453000;2016-04-08T01:04:01.650000;79abf915-2124-4345-b9d0-8e782881ca97;422.05;0.129;BUY
2016-04-08T01:04:01.453000;2016-04-08T01:04:01.650000;14144cec-9397-414b-9c78-32355b712da0;422.07;0.76222;BUY
2016-04-08T01:04:16.677000;2016-04-08T01:04:16.697000;cba5edd7-2909-40a0-baa9-149e1ede44c4;421.77;0.05;SELL
2016-04-08T01:04:16.677000;2016-04-08T01:04:16.713000;d30834fc-98e6-45db-95cc-ba55478c95f9;421.76;0.01;SELL
2016-04-08T01:04:16.677000;2016-04-08T01:04:16.713000;941f7af0-4db3-45af-b6bd-71f89c273723;421.76;0.01;SELL
2016-04-08T01:04:16.677000;2016-04-08T01:04:16.713000;01bfa22d-92a4-465c-a8f7-7b153de6e7d3;421.75;0.01;SELL
2016-04-08T01:04:16.677000;2016-04-08T01:04:16.730000;fff76f52-7851-4896-92a9-0cf947285d74;421.75;0.01;SELL
2016-04-08T01:04:31.663000;2016-04-08T01:04:31.697000;622c240c-4c46-47be-b892-736f7de49924;421.69;0.01;SELL
2016-04-08T01:04:31.663000;2016-04-08T01:04:31.697000;a3aaca2d-d2be-4b8e-8cd1-71cb72be3c69;421.68;0.032;SELL
2016-04-08T01:04:31.663000;2016-04-08T01:04:31.697000;2c292926-4fd7-4143-b229-4b7f67d1eaa0;421.65;0.01;SELL
2016-04-08T01:04:31.663000;2016-04-08T01:04:31.713000;99bdedc2-a641-4422-96b3-061851423f6f;421.63;1.0;SELL
2016-04-08T01:04:31.663000;2016-04-08T01:04:31.713000;74dbda0e-250a-4d96-bdd5-5b4d5f54b116;421.63;0.3;SELL
2016-04-08T01:04:31.663000;2016-04-08T01:04:31.713000;a75e1f93-8097-44d5-be8b-0dc7e74919e7;421.6;0.01;SELL
2016-04-08T01:04:31.667000;2016-04-08T01:04:31.713000;feec9732-b7f1-431b-85fe-9be1d7c056fa;421.59;0.01;SELL
2016-04-08T01:04:31.667000;2016-04-08T01:04:31.713000;72be2afc-7bec-4fb8-a711-269df30bce44;421.55;6.15498;SELL
2016-04-08T01:05:01.287000;2016-04-08T01:05:01.307000;b6eed54a-6cde-41d5-b546-da8e621c18bf;421.58;0.01;SELL
2016-04-08T01:05:01.290000;2016-04-08T01:05:01.323000;14dd7b8e-b886-4001-8dd8-543cdcf7b795;421.57;0.01;SELL
2016-04-08T01:05:01.290000;2016-04-08T01:05:01.323000;f82bc812-9066-48c7-8e3a-f4cdba94e980;421.56;0.01;SELL
2016-04-08T01:05:01.290000;2016-04-08T01:05:01.323000;0b449d3a-5ac9-4cf8-9a2c-0658b82d86f8;421.55;0.11427;SELL
2016-04-08T01:05:32.727000;2016-04-08T01:05:32.743000;4766dd10-b994-4661-8354-3d052b139cd8;421.56;0.6;BUY
2016-04-08T01:05:32.727000;2016-04-08T01:05:32.760000;c3d370e2-69c6-4f6d-871e-6eb22b52ac24;421.61;0.61189;BUY
2016-04-08T01:06:01.177000;2016-04-08T01:06:01.183000;45ebccbd-641e-4051-b442-f01e130af13b;421.62;0.23486;BUY
2016-04-08T01:06:31.203000;2016-04-08T01:06:31.243000;c24b12ae-8233-439d-afc2-4d6f11194b6a;421.65;0.1739;BUY
2016-04-08T01:07:01.263000;2016-04-08T01:07:01.307000;d64f15a4-47eb-41c6-bf65-4c908a5d958a;421.65;1.06806;BUY
2016-04-08T01:07:31.230000;2016-04-08T01:07:31.273000;9f5ceaa8-05fa-43e2-b954-06b15e151ce6;421.62;0.0262;BUY
2016-04-08T01:07:31.230000;2016-04-08T01:07:31.290000;c209438f-b693-42c6-a246-0acf7b7e1d48;421.63;0.0181;BUY
2016-04-08T01:07:31.230000;2016-04-08T01:07:31.290000;56053d3c-3b9d-48ae-b466-2e39847fd885;421.65;0.01257;BUY
2016-04-08T01:08:01.200000;2016-04-08T01:08:01.243000;eedeb635-1dd7-4c7e-8052-910ba2598ba7;421.61;0.0277;BUY
2016-04-08T01:08:01.200000;2016-04-08T01:08:01.260000;4fcbaea0-c479-4ffd-ba3a-26e3ab3b2039;421.61;0.025;BUY
2016-04-08T01:08:01.200000;2016-04-08T01:08:01.260000;d0259da0-441a-4a07-ab1e-903ffc1e4676;421.61;0.0257;BUY
2016-04-08T01:08:01.200000;2016-04-08T01:08:01.260000;04e1fa42-58fc-4554-b945-a37a4430f120;421.61;0.0263;BUY
2016-04-08T01:08:01.200000;2016-04-08T01:08:01.260000;31c895f5-5999-4313-94a5-424ea92b85c0;421.61;0.13092;BUY
2016-04-08T01:08:31.327000;2016-04-08T01:08:31.353000;45a12d67-a8de-4cbb-9d5f-bbb1dd6da9e0;421.61;0.49447;BUY
2016-04-08T01:08:44.097000;2016-04-08T01:08:44.133000;3991e62d-d7d5-4143-809e-6ff3775064bf;421.61;0.00361;BUY
2016-04-08T01:08:44.100000;2016-04-08T01:08:44.150000;c9ddb2a3-d1de-4b9b-8a6c-5694077a2994;421.61;0.03415;BUY
2016-04-08T01:08:44.103000;2016-04-08T01:08:44.150000;fb794a90-0103-40d9-8d58-3317b32e2df3;421.61;0.2632;BUY
2016-04-08T01:08:44.137000;2016-04-08T01:08:44.167000;dd4cfdbe-a99a-485c-a145-1fd16e5799d9;421.61;0.06;BUY
2016-04-08T01:08:44.160000;2016-04-08T01:08:44.213000;cd6898d5-0277-40cc-9b78-b8e3d94fb76a;421.61;0.028;BUY
2016-04-08T01:08:44.173000;2016-04-08T01:08:44.213000;2cfd4adb-4229-461b-99f7-d31840dbaf41;421.61;0.15965;BUY
2016-04-08T01:08:44.173000;2016-04-08T01:08:44.213000;7c06bc60-c89b-4c71-97f9-76df9d22be22;421.61;0.0353;BUY
2016-04-08T01:08:44.173000;2016-04-08T01:08:44.213000;b521d2e1-0156-47d6-a868-c60847f168bb;421.61;0.0266;BUY
2016-04-08T01:08:44.173000;2016-04-08T01:08:44.227000;7a00d2b0-52e2-4131-b951-fdc8d66b86d1;421.61;0.0296;BUY
2016-04-08T01:08:44.173000;2016-04-08T01:08:44.227000;bd0fcbd9-47fd-44ef-80c1-b771f8e3bcf0;421.61;0.0265;BUY
2016-04-08T01:08:44.173000;2016-04-08T01:08:44.227000;79bc75fa-2cb7-42cb-a921-50320fb6bf63;421.61;0.02399;BUY
2016-04-08T01:09:01.273000;2016-04-08T01:09:01.307000;432888b1-e655-4718-a98d-bf118b00b082;421.61;0.02709;BUY
2016-04-08T01:10:03.060000;2016-04-08T01:10:03.087000;d70e0808-8038-4930-a44e-ca489abdc78b;421.6;0.01;SELL
2016-04-08T01:10:03.060000;2016-04-08T01:10:03.103000;27c7645e-0da3-4b9e-9331-0a34973f73e8;421.6;0.2;SELL
2016-04-08T01:10:03.060000;2016-04-08T01:10:03.103000;1c03ff28-7023-4772-910c-83e5a9d59508;421.56;0.032;SELL
2016-04-08T01:10:03.060000;2016-04-08T01:10:03.103000;44a59ba6-0c82-473d-a237-4c5bf4dae20c;421.55;0.649893;SELL
2016-04-08T01:10:03.060000;2016-04-08T01:10:03.133000;af80b0bd-bcef-450c-aeca-9da0e26d4c37;421.55;0.01;SELL
2016-04-08T01:10:03.063000;2016-04-08T01:10:03.197000;e80e32eb-4c89-4e2e-b4cb-9e4236769f19;421.52;0.093;SELL
2016-04-08T01:10:03.063000;2016-04-08T01:10:03.197000;914fffc9-6c5d-4b2d-8df2-4d25bc689ef4;421.51;0.28;SELL
2016-04-08T01:10:03.063000;2016-04-08T01:10:03.197000;7701bfc9-f98b-4f3d-8b57-49d2cfc31aa5;421.5;0.01;SELL
2016-04-08T01:10:03.063000;2016-04-08T01:10:03.197000;ab46bcc1-2e89-452a-86b4-b6e7eced6f55;421.5;0.0115;SELL
2016-04-08T01:10:03.063000;2016-04-08T01:10:03.197000;adfe1a32-6dbe-43cc-94b9-ea5489fbce3a;421.47;0.125;SELL
2016-04-08T01:10:03.063000;2016-04-08T01:10:03.197000;75fcdcad-074d-4192-8fd0-fba0d29ec533;421.46;0.01;SELL
2016-04-08T01:10:03.063000;2016-04-08T01:10:03.197000;32d7711f-7140-46bd-af21-b54a96fb5560;421.45;0.01;SELL
2016-04-08T01:10:03.063000;2016-04-08T01:10:03.197000;e6ba6f14-5431-49d3-8e79-1c5feea4be99;421.45;0.2002;SELL
2016-04-08T01:10:03.063000;2016-04-08T01:10:03.197000;8c1d8ca7-d19c-4d1c-a8a3-66a7916dc42d;421.45;1.895;SELL
2016-04-08T01:10:03.063000;2016-04-08T01:10:03.197000;330d0b94-f11d-463c-ac68-2e1b798094c1;421.43;0.02;SELL
2016-04-08T01:10:03.063000;2016-04-08T01:10:03.197000;8197f0ef-65c1-4291-8bdc-c9fad989cc92;421.43;0.191087;SELL
2016-04-08T01:10:31.510000;2016-04-08T01:10:31.540000;cae64051-424f-4a02-9fbc-aa0fe3c713ba;421.47;0.695;SELL
2016-04-08T01:10:31.510000;2016-04-08T01:10:31.557000;0ec9f3f7-94bc-4257-85b5-972404727fa5;421.46;0.01;SELL
2016-04-08T01:10:31.510000;2016-04-08T01:10:31.557000;4ddd5285-95ac-4112-bd3d-bde4f5c3f607;421.46;3.19553;SELL
2016-04-08T01:11:01.240000;2016-04-08T01:11:01.273000;9c7d9c08-0133-4deb-bcc8-ccb606deae44;421.49;0.0168;SELL
2016-04-08T01:11:01.240000;2016-04-08T01:11:01.290000;bfec941d-e41a-436d-8b33-d6d0b83011eb;421.49;2.3562;SELL
2016-04-08T01:11:31.200000;2016-04-08T01:11:31.227000;3f6e8784-94ff-42e8-be4a-d5828a00143b;421.49;0.0172;SELL
2016-04-08T01:11:31.200000;2016-04-08T01:11:31.243000;9da8f542-4532-4a94-a32d-7d4a2024f361;421.49;0.27;SELL
2016-04-08T01:11:31.200000;2016-04-08T01:11:31.243000;bbf760e6-8e3b-4312-8fac-0bdc81eac9f5;421.49;0.0244;SELL
2016-04-08T01:11:31.200000;2016-04-08T01:11:31.243000;51d84177-5c65-45f5-9206-7a4ab694e9b8;421.49;0.296;SELL
2016-04-08T01:11:31.200000;2016-04-08T01:11:31.260000;81385cd7-f978-45c0-a207-adffdd5533c4;421.47;1.0;SELL
2016-04-08T01:11:31.200000;2016-04-08T01:11:31.337000;d31174a3-f510-4516-8449-6d60ff67c7d1;421.45;0.01;SELL
2016-04-08T01:11:31.200000;2016-04-08T01:11:31.337000;44650806-2e8b-439b-989f-1b0f6f6f8c00;421.45;0.01;SELL
2016-04-08T01:11:31.200000;2016-04-08T01:11:31.337000;444d9816-5488-4478-aeef-6fcaafbcd0e1;421.44;0.3;SELL
2016-04-08T01:11:31.200000;2016-04-08T01:11:31.337000;fa42da4c-9f3f-42c6-b74f-e7a24dbb9c3d;421.43;0.20474;SELL
2016-04-08T01:12:31.223000;2016-04-08T01:12:31.243000;b7558fcb-023b-43ed-896e-62fc2a40cc92;421.5;0.01;BUY
2016-04-08T01:12:31.223000;2016-04-08T01:12:31.260000;f70851b0-856f-4214-9dab-a531eb1d5daa;421.55;0.01;BUY
2016-04-08T01:12:31.223000;2016-04-08T01:12:31.260000;d7c45cd9-8b9a-4b3c-bcdf-dbedf715e5ab;421.56;5.70237;BUY
2016-04-08T01:13:02.967000;2016-04-08T01:13:02.993000;b3653263-1098-4d97-8564-26aa2645d63f;421.55;0.0172;SELL
2016-04-08T01:13:02.967000;2016-04-08T01:13:03.010000;ee8f0815-f7a9-41fc-a807-fbd8a4db1bcc;421.55;0.084;SELL
2016-04-08T01:13:02.967000;2016-04-08T01:13:03.010000;c808bb6d-5ec8-4ce1-8f0a-d61658b0d845;421.53;0.01;SELL
2016-04-08T01:13:02.967000;2016-04-08T01:13:03.010000;e55d832e-f08d-448d-adbd-39a17af09614;421.53;0.032;SELL
2016-04-08T01:13:02.967000;2016-04-08T01:13:03.040000;2a3a8f38-9b86-44b6-a545-c9a8a2386d66;421.52;0.0165;SELL
2016-04-08T01:13:02.967000;2016-04-08T01:13:03.087000;7f74f36d-abe1-41de-b70e-4eed3690c1ac;421.5;0.111;SELL
2016-04-08T01:13:02.967000;2016-04-08T01:13:03.087000;31bd0605-6b3d-49d0-8523-f256aec8ebbf;421.46;3.8119;SELL
2016-04-08T01:13:11.273000;2016-04-08T01:13:11.307000;2377f78b-c094-421a-a752-3ec267ab50bc;421.55;0.01404;BUY
2016-04-08T01:13:31.397000;2016-04-08T01:13:31.417000;bd91199d-e69c-4680-85a9-000f32d7b8b1;421.54;0.01;BUY
2016-04-08T01:13:31.397000;2016-04-08T01:13:31.430000;8c24247b-a9d5-4be4-99bb-627e24309188;421.55;0.02995;BUY
2016-04-08T01:14:01.800000;2016-04-08T01:14:01.837000;f24189de-0bca-4b97-9f0e-96235e520297;421.55;0.00525;BUY
2016-04-08T01:14:01.800000;2016-04-08T01:14:01.853000;ed99ad68-7590-41d1-9e7e-ed75f52801da;421.56;0.761;BUY
2016-04-08T01:14:01.800000;2016-04-08T01:14:01.853000;0b89e2eb-8cd6-4f3b-ba8f-a8c30a02b38a;421.58;0.01;BUY
2016-04-08T01:14:01.800000;2016-04-08T01:14:01.853000;92c32f23-b19c-4893-aa8a-4a60ccdc58ab;421.6;0.01;BUY
2016-04-08T01:14:01.800000;2016-04-08T01:14:01.870000;a1cac5e3-4b45-4331-b3a1-e82dea3d5211;421.6;0.0125;BUY
2016-04-08T01:14:01.800000;2016-04-08T01:14:01.870000;af2adc09-4e38-479c-aadf-927aa6b0c938;421.61;0.569;BUY
2016-04-08T01:14:01.800000;2016-04-08T01:14:01.870000;09c2445b-8b56-4486-a169-0e30df790c93;421.64;0.01;BUY
2016-04-08T01:14:01.800000;2016-04-08T01:14:01.870000;23d144ac-5bae-417a-85ab-904bee339b04;421.66;0.01;BUY
2016-04-08T01:14:01.800000;2016-04-08T01:14:01.883000;2b29e08e-74da-4d34-84c1-6b4552ccbdbf;421.67;1.0;BUY
2016-04-08T01:14:01.803000;2016-04-08T01:14:01.883000;c12c845d-2cc0-49ff-8b82-14d466d3804e;421.68;0.01;BUY
2016-04-08T01:14:01.803000;2016-04-08T01:14:01.917000;37ce3170-3af8-4162-8819-69813adb950a;421.69;0.01;BUY
2016-04-08T01:14:01.803000;2016-04-08T01:14:01.917000;860000e3-719d-4c87-a40a-43fc846557e3;421.71;0.01;BUY
2016-04-08T01:14:01.803000;2016-04-08T01:14:01.917000;1698d168-72c7-4f50-b6d3-63d0ef68f758;421.71;0.587;BUY
2016-04-08T01:14:01.803000;2016-04-08T01:14:01.917000;23475815-038c-499d-8de2-33a1437cedbf;421.73;0.01;BUY
2016-04-08T01:14:01.803000;2016-04-08T01:14:01.917000;7d3e1352-b44e-409b-9da5-adf2929b021b;421.73;0.0416;BUY
2016-04-08T01:14:01.803000;2016-04-08T01:14:01.930000;ce5f25d8-4f48-440f-8f51-8bdfe026ece2;421.75;0.01;BUY
2016-04-08T01:14:01.803000;2016-04-08T01:14:01.930000;62c8ef2e-9f2d-4ae4-b8a8-5432ccf50f2b;421.76;1.0;BUY
2016-04-08T01:14:01.803000;2016-04-08T01:14:01.930000;936da5d3-1801-4b63-a2f9-7173cd059102;421.76;0.2;BUY
2016-04-08T01:14:01.803000;2016-04-08T01:14:01.930000;d348862e-2886-4079-b573-53a26d515366;421.76;0.61;BUY
2016-04-08T01:14:01.803000;2016-04-08T01:14:01.930000;74d1ac58-5d25-4d6c-a3df-ec84c1234ab9;421.8;0.1;BUY
2016-04-08T01:14:01.803000;2016-04-08T01:14:01.930000;c9143c53-f769-4653-af7a-2a7f8c291137;421.81;0.594;BUY
2016-04-08T01:14:01.803000;2016-04-08T01:14:01.930000;7664a644-2178-4da7-9936-9bc05e3769a1;421.85;2.04;BUY
2016-04-08T01:14:01.803000;2016-04-08T01:14:01.930000;f236cf49-440a-458b-9d17-b24be4411bc5;421.86;0.61;BUY
