time_exchange;time_coinpai;guid;price;base_amount;taker_side
2016-04-08T00:00:04.000000;2016-04-08T00:00:04.000000;984c13d0-e331-49a0-b6a8-78a7ab1bb601;422.29;0.03099696;UNKNOWN
2016-04-08T00:00:06.000000;2016-04-08T00:00:06.000000;3c11da91-a3e2-4779-ab90-05b22ed11c45;422.29;3.10051621;UNKNOWN
2016-04-08T00:00:07.000000;2016-04-08T00:00:07.000000;ad49629c-7238-4c7a-9ce3-8773ec149484;422.28;0.52988739;UNKNOWN
2016-04-08T00:00:07.000000;2016-04-08T00:00:07.000000;1ae5c427-0202-4375-a33b-9779c31f20f5;422.26;0.01;UNKNOWN
2016-04-08T00:00:07.000000;2016-04-08T00:00:07.000000;f938d978-8b44-4e28-ba49-b092f5b2d0e5;421.78;0.46011261;UNKNOWN
2016-04-08T00:00:11.000000;2016-04-08T00:00:11.000000;ec5d704c-dc10-4d20-a76b-01d9670847cb;422.14;0.01;UNKNOWN
2016-04-08T00:00:14.000000;2016-04-08T00:00:14.000000;74e139a3-a93c-4fa9-bcd3-7ba8407c55a5;422.12;2.69361339;UNKNOWN
2016-04-08T00:01:26.000000;2016-04-08T00:01:26.000000;cf91f87b-467e-4320-b51c-598ab8fbde20;421.78;0.06406675;UNKNOWN
2016-04-08T00:02:38.000000;2016-04-08T00:02:38.000000;cea8d665-f393-45a5-b78e-7c6134a3b110;422.0;0.02;UNKNOWN
2016-04-08T00:02:56.000000;2016-04-08T00:02:56.000000;534c28de-f106-4060-a478-440d5889cb64;422.0;0.02;UNKNOWN
2016-04-08T00:05:18.000000;2016-04-08T00:05:18.000000;a5887278-a5d7-4e81-9908-ec6577f23320;421.78;0.1662959;UNKNOWN
2016-04-08T00:07:26.000000;2016-04-08T00:07:26.000000;d315c302-ba9f-40b0-8820-75f14093c057;421.34;0.11878278;UNKNOWN
2016-04-08T00:11:18.000000;2016-04-08T00:11:18.000000;dac85174-be29-41f0-b737-8d30f1a8ce82;421.38;0.0925;UNKNOWN
2016-04-08T00:11:18.000000;2016-04-08T00:11:18.000000;50b87911-d040-4df5-b60d-0198eeed1225;421.38;0.05408767;UNKNOWN
2016-04-08T00:11:18.000000;2016-04-08T00:11:18.000000;927354bf-3e30-4c88-8494-c9dc1b9ae1d6;421.38;0.5;UNKNOWN
2016-04-08T00:12:54.000000;2016-04-08T00:12:54.000000;51bc74b8-1f06-4ef7-9771-b4d63d03d651;421.38;0.2;UNKNOWN
2016-04-08T00:12:54.000000;2016-04-08T00:12:54.000000;d20ec09f-eaa9-44ac-bbda-00f5e39530a1;421.37;0.75026231;UNKNOWN
2016-04-08T00:14:24.000000;2016-04-08T00:14:24.000000;dd869afe-7aa4-4ae1-baf1-3a711b79e9df;421.33;9.761;UNKNOWN
2016-04-08T00:14:24.000000;2016-04-08T00:14:24.000000;e83b1865-42d5-4488-889e-b5165c8f47a7;421.35;0.01;UNKNOWN
2016-04-08T00:14:24.000000;2016-04-08T00:14:24.000000;2ef1d944-bc9f-473d-8bdb-3c309a613c62;421.33;0.239;UNKNOWN
2016-04-08T00:14:24.000000;2016-04-08T00:14:24.000000;97d27354-e9d5-4507-8bd5-7e47fb104ff0;421.28;0.249;UNKNOWN
2016-04-08T00:14:26.000000;2016-04-08T00:14:26.000000;d7a278a0-63be-4a02-ad6d-8c5c262ca312;421.33;0.01;UNKNOWN
2016-04-08T00:15:15.000000;2016-04-08T00:15:15.000000;d18c51a9-f64d-4baa-b82a-46577a0e524c;421.34;0.04315223;UNKNOWN
2016-04-08T00:15:29.000000;2016-04-08T00:15:29.000000;61b7bf57-f563-45f1-a898-5e63d8b978ea;421.34;0.04312233;UNKNOWN
2016-04-08T00:15:34.000000;2016-04-08T00:15:34.000000;42eeee06-d53f-481b-90ee-45f3a59a8d36;421.34;0.04790421;UNKNOWN
2016-04-08T00:18:57.000000;2016-04-08T00:18:57.000000;269bb9cd-9e2e-429e-8708-be97be659826;421.34;0.01;UNKNOWN
2016-04-08T00:20:32.000000;2016-04-08T00:20:32.000000;3ef52e83-70c4-4f5e-805e-2969c6a6e6c7;421.58;5.9044;UNKNOWN
2016-04-08T00:21:26.000000;2016-04-08T00:21:26.000000;5876c85d-3e2c-438f-a720-1846d66bfe63;421.3;0.48011013;UNKNOWN
2016-04-08T00:28:10.000000;2016-04-08T00:28:10.000000;eeff8795-26e7-4d04-96f3-ae354b58cd31;421.84;5.8538;UNKNOWN
2016-04-08T00:29:09.000000;2016-04-08T00:29:09.000000;aecc76e8-8a3c-4045-b8c8-124be9047ae9;421.87;2.52861162;UNKNOWN
2016-04-08T00:33:18.000000;2016-04-08T00:33:18.000000;2a98420b-e935-4bc7-97f5-6cc3abe588e1;421.33;0.06978352;UNKNOWN
2016-04-08T00:34:21.000000;2016-04-08T00:34:21.000000;e8e40727-0363-4094-b0c4-1583b6d41b28;421.44;0.084;UNKNOWN
2016-04-08T00:34:22.000000;2016-04-08T00:34:22.000000;55c79173-9cb1-4512-8d04-02acc5782cec;421.3;0.02738644;UNKNOWN
2016-04-08T00:34:22.000000;2016-04-08T00:34:22.000000;9076bb67-57de-47c6-a691-39ba35c43234;421.44;0.00028469;UNKNOWN
2016-04-08T00:35:34.000000;2016-04-08T00:35:34.000000;2fb1012c-d424-421b-87b7-3b2738b82d39;421.3;0.11818096;UNKNOWN
2016-04-08T00:36:06.000000;2016-04-08T00:36:06.000000;0f9473e8-7c24-4efe-b778-66a8749e5ad6;421.3;0.07135086;UNKNOWN
2016-04-08T00:38:27.000000;2016-04-08T00:38:27.000000;5f95e115-6fe1-448f-9824-d8d2fce3e48d;421.44;0.155;UNKNOWN
2016-04-08T00:39:02.000000;2016-04-08T00:39:02.000000;d289b178-4e86-4f2d-a5e0-86239587e37e;421.31;0.07;UNKNOWN
2016-04-08T00:39:02.000000;2016-04-08T00:39:02.000000;baead37b-ce44-4cf0-86f9-f40e8fb1b1dc;421.3;1.11918111;UNKNOWN
2016-04-08T00:39:18.000000;2016-04-08T00:39:18.000000;0176a3a9-0d44-4c10-8671-86b96c042846;421.31;0.02826385;UNKNOWN
2016-04-08T00:40:14.000000;2016-04-08T00:40:14.000000;485eac49-1515-442b-b3d4-7d3da7ff295b;421.3;0.10940466;UNKNOWN
2016-04-08T00:41:26.000000;2016-04-08T00:41:26.000000;4580a13a-3809-42cf-b47b-2b3f702cc907;421.3;0.095708;UNKNOWN
2016-04-08T00:43:18.000000;2016-04-08T00:43:18.000000;14446b14-68a4-436a-9cba-1db20c8ef007;421.3;0.07;UNKNOWN
2016-04-08T00:43:18.000000;2016-04-08T00:43:18.000000;cde9946a-831e-4260-9714-c3d4c6d0d5b6;421.28;1.0417158;UNKNOWN
2016-04-08T00:45:46.000000;2016-04-08T00:45:46.000000;ce4313ce-405d-4f83-a785-f80e74fb599f;421.31;0.29753028;UNKNOWN
2016-04-08T00:46:31.000000;2016-04-08T00:46:31.000000;36173a27-3afd-40a7-acd8-a6a011178ff2;421.31;0.04849614;UNKNOWN
2016-04-08T00:52:14.000000;2016-04-08T00:52:14.000000;704885cd-d5b5-44b7-84e9-a995f2a409b4;421.28;0.04709747;UNKNOWN
2016-04-08T00:54:13.000000;2016-04-08T00:54:13.000000;47367b5c-0cc3-4c88-829d-3206646337bd;421.31;0.02420298;UNKNOWN
2016-04-08T00:54:22.000000;2016-04-08T00:54:22.000000;96eef08d-49a6-4d00-9a95-159f3083f8a0;421.29;0.0475695;UNKNOWN
2016-04-08T00:54:40.000000;2016-04-08T00:54:40.000000;c5a5b983-186d-4ae7-9307-1d6f8c88b434;421.31;0.12101493;UNKNOWN
2016-04-08T00:54:44.000000;2016-04-08T00:54:44.000000;1e8dd02f-c0c8-488c-9e58-ad19b25ae3d7;421.31;4.16989937;UNKNOWN
2016-04-08T00:56:30.000000;2016-04-08T00:56:30.000000;35c1bbba-a9b9-426a-ac63-4f8610326297;421.44;0.047;UNKNOWN
2016-04-08T00:56:30.000000;2016-04-08T00:56:30.000000;8d82ee95-32f5-4c3e-a1f7-18f674e490b2;421.45;0.253;UNKNOWN
2016-04-08T00:58:22.000000;2016-04-08T00:58:22.000000;37dfc9d2-16dd-4e55-8fec-6ac94c27bd11;421.31;1.18915283;UNKNOWN
2016-04-08T00:58:44.000000;2016-04-08T00:58:44.000000;c7e43051-4c86-4a94-a987-65086d6eba0d;421.32;0.02;UNKNOWN
2016-04-08T00:59:18.000000;2016-04-08T00:59:18.000000;540409be-b886-42c5-91d8-081ac1eff6ed;421.31;0.02378249;UNKNOWN
2016-04-08T01:01:42.000000;2016-04-08T01:01:42.000000;d215e9b2-3a32-4e98-bc6f-56b813742e6c;421.31;0.47328282;UNKNOWN
2016-04-08T01:02:38.000000;2016-04-08T01:02:38.000000;934231f0-0f07-48b3-afb0-7e7c1ea5ea47;421.31;0.245;UNKNOWN
2016-04-08T01:03:55.000000;2016-04-08T01:03:55.000000;4bad0529-7cde-49f7-af43-2cc3215d8543;420.75;10.0;UNKNOWN
2016-04-08T01:03:55.000000;2016-04-08T01:03:55.000000;c57d7bea-64db-4e4c-9485-8e91565673b6;420.91;20.0;UNKNOWN
2016-04-08T01:03:55.000000;2016-04-08T01:03:55.000000;7ed1a2a3-b9a7-4e06-bfbb-5777b5832a28;421.01;10.0;UNKNOWN
2016-04-08T01:03:55.000000;2016-04-08T01:03:55.000000;21bea518-c0b0-404f-bbf2-73c5ea58dd6c;420.63;4.63134494;UNKNOWN
2016-04-08T01:03:55.000000;2016-04-08T01:03:55.000000;ac1fa061-da42-4b73-adb4-177f09016152;420.56;13.08434932;UNKNOWN
2016-04-08T01:03:55.000000;2016-04-08T01:03:55.000000;055c73b3-8e64-4aad-98d7-33197adda76c;420.57;1.93;UNKNOWN
2016-04-08T01:03:55.000000;2016-04-08T01:03:55.000000;cb5c0b87-4340-4c58-ac85-37226264a507;420.58;4.63134494;UNKNOWN
2016-04-08T01:03:55.000000;2016-04-08T01:03:55.000000;6854abcb-4d77-430f-b435-4581ba21546e;420.69;12.3067;UNKNOWN
2016-04-08T01:03:55.000000;2016-04-08T01:03:55.000000;5217d490-6130-4db1-b88a-b65208b42ccb;420.62;9.4043;UNKNOWN
2016-04-08T01:03:55.000000;2016-04-08T01:03:55.000000;5bcfc193-9217-48db-a6d7-c2479be78b72;421.31;10.0;UNKNOWN
2016-04-08T01:03:55.000000;2016-04-08T01:03:55.000000;b885af57-8f92-455c-86f6-efe08ae3e386;420.97;13.0963;UNKNOWN
2016-04-08T01:03:55.000000;2016-04-08T01:03:55.000000;909bc0eb-a540-486b-9bc9-bf5f8b0219d8;421.11;10.0;UNKNOWN
2016-04-08T01:03:55.000000;2016-04-08T01:03:55.000000;70197a8b-a60f-42e9-8fe2-a33ec18c44dc;421.11;4.19;UNKNOWN
2016-04-08T01:03:55.000000;2016-04-08T01:03:55.000000;9c66e4b9-08ef-432b-b447-d72eff6852ed;420.86;12.9139;UNKNOWN
2016-04-08T01:03:55.000000;2016-04-08T01:03:55.000000;1a432bce-3bbe-4f2b-9385-e7d0ae2365b1;421.31;12.79888249;UNKNOWN
2016-04-08T01:03:55.000000;2016-04-08T01:03:55.000000;713534a1-5041-4852-92d8-b9eacd34f5c1;420.81;20.0;UNKNOWN
2016-04-08T01:03:55.000000;2016-04-08T01:03:55.000000;6c5e371f-3cb2-41a4-8f6e-e9257e743255;421.01;8.5811;UNKNOWN
2016-04-08T01:03:55.000000;2016-04-08T01:03:55.000000;560afdf2-78e4-4b8a-8125-9f570fff2a81;421.12;11.3902;UNKNOWN
2016-04-08T01:03:55.000000;2016-04-08T01:03:55.000000;d175f05b-261e-4edb-b3fd-6428f966be22;421.3;5.9252;UNKNOWN
2016-04-08T01:03:55.000000;2016-04-08T01:03:55.000000;9d2ef1ab-3ca1-4e70-8334-f974e4422b6b;421.28;4.66218673;UNKNOWN
2016-04-08T01:03:55.000000;2016-04-08T01:03:55.000000;81d06907-9ccc-4f87-a060-ac69f95b464c;421.28;0.01;UNKNOWN
2016-04-08T01:03:55.000000;2016-04-08T01:03:55.000000;82fcaf2f-be44-47f7-950a-8311202ec224;420.67;4.63209579;UNKNOWN
2016-04-08T01:03:55.000000;2016-04-08T01:03:55.000000;a8a0358b-2756-4284-9fbe-cfc360393adf;420.64;4.63209579;UNKNOWN
2016-04-08T01:03:55.000000;2016-04-08T01:03:55.000000;8e8d7e56-88af-4d90-88b1-c47c53398bae;420.98;4.18;UNKNOWN
2016-04-08T01:03:55.000000;2016-04-08T01:03:55.000000;8d27b80a-b149-4198-99ec-ae9d37f13bcb;421.1;37.0;UNKNOWN
2016-04-08T01:07:09.000000;2016-04-08T01:07:09.000000;8189e9f8-9952-4a32-ac98-367a5ec96031;420.92;0.13046;UNKNOWN
2016-04-08T01:07:28.000000;2016-04-08T01:07:28.000000;5b32efb7-4f30-41f0-a999-044c49fbc6c2;420.92;0.51554;UNKNOWN
2016-04-08T01:07:28.000000;2016-04-08T01:07:28.000000;bd4d3f25-68a9-459d-b43d-37275e4b5ec5;420.91;4.0;UNKNOWN
2016-04-08T01:07:28.000000;2016-04-08T01:07:28.000000;e9c72421-2477-49ff-9bf0-bb7a1c498a1a;420.92;0.01;UNKNOWN
2016-04-08T01:07:28.000000;2016-04-08T01:07:28.000000;4a6c4708-2c1c-4328-9ed7-1e257b6741b7;420.92;5.8755;UNKNOWN
2016-04-08T01:08:05.000000;2016-04-08T01:08:05.000000;35c077b2-0174-4291-9eac-d1e4d14c1e3a;420.51;3.96202958;UNKNOWN
2016-04-08T01:08:05.000000;2016-04-08T01:08:05.000000;6bffa0e0-f098-4d7c-b442-aac1536fbd29;420.23;4.63322252;UNKNOWN
2016-04-08T01:08:05.000000;2016-04-08T01:08:05.000000;69fc951f-f780-47d2-aa36-0694405cdab9;420.93;0.01;UNKNOWN
2016-04-08T01:08:05.000000;2016-04-08T01:08:05.000000;a771cd52-cdc5-445a-8c24-253af7d05db4;420.53;5.8868;UNKNOWN
2016-04-08T01:08:05.000000;2016-04-08T01:08:05.000000;c5bf51e5-c487-4749-a0bf-9a4b684247f4;420.34;4.63354454;UNKNOWN
2016-04-08T01:08:05.000000;2016-04-08T01:08:05.000000;2f801d9a-9f87-4edf-aa54-fda8a0673861;420.35;13.1132;UNKNOWN
2016-04-08T01:08:05.000000;2016-04-08T01:08:05.000000;d4cfad29-d114-4afa-9d1a-23d1366528cd;420.25;2.11;UNKNOWN
2016-04-08T01:08:05.000000;2016-04-08T01:08:05.000000;cbe1bd16-879d-4425-992e-0cd774113ba8;420.26;4.56;UNKNOWN
2016-04-08T01:08:05.000000;2016-04-08T01:08:05.000000;03701eb5-d886-495d-a9e6-0b5b243a86dc;420.24;4.63359822;UNKNOWN
2016-04-08T01:08:05.000000;2016-04-08T01:08:05.000000;d0b6326a-ebb2-4e7c-b3d6-58b0f8668c44;420.22;0.059;UNKNOWN
2016-04-08T01:08:05.000000;2016-04-08T01:08:05.000000;e9e98816-8f02-42b4-9b14-fe4c5bc8ad12;420.25;10.0;UNKNOWN
2016-04-08T01:08:05.000000;2016-04-08T01:08:05.000000;5c71c411-5c04-4b77-abfa-b5890bd2d071;420.28;12.7868;UNKNOWN
2016-04-08T01:08:05.000000;2016-04-08T01:08:05.000000;8ea55a31-d26e-438d-a35e-2583924c000f;420.5;25.0;UNKNOWN
2016-04-08T01:08:05.000000;2016-04-08T01:08:05.000000;9e77a30b-0fac-48b7-a6e4-60ec4dfc3405;420.29;4.63354454;UNKNOWN
2016-04-08T01:08:05.000000;2016-04-08T01:08:05.000000;d3b9dc19-5cb6-4455-8c83-08065cd8c6ac;420.5;10.0;UNKNOWN
2016-04-08T01:08:05.000000;2016-04-08T01:08:05.000000;b100592b-fe06-49d6-bb50-d4ca3991f704;420.46;0.01;UNKNOWN
2016-04-08T01:08:05.000000;2016-04-08T01:08:05.000000;4d8d5e0d-7b69-4df0-b503-93fb61d0aa1f;420.75;0.2;UNKNOWN
2016-04-08T01:08:05.000000;2016-04-08T01:08:05.000000;9cc8fa04-bbe7-46eb-9ed8-48e464c30b93;420.93;0.73;UNKNOWN
2016-04-08T01:08:08.000000;2016-04-08T01:08:08.000000;75a18195-ddeb-43f9-bbcd-5c8d415314fa;420.2;0.06623363;UNKNOWN
2016-04-08T01:08:08.000000;2016-04-08T01:08:08.000000;72d8a19b-2372-49be-b137-1af5ae5272bc;420.2;0.739;UNKNOWN
2016-04-08T01:08:09.000000;2016-04-08T01:08:09.000000;95afba08-c7cc-4cf0-aa9f-4faa5044fb8a;420.2;0.737;UNKNOWN
2016-04-08T01:08:10.000000;2016-04-08T01:08:10.000000;04927531-c800-466d-961c-6d2e8d90f722;420.2;0.734;UNKNOWN
2016-04-08T01:08:11.000000;2016-04-08T01:08:11.000000;c605c521-1d36-4783-bd26-8468efdbf929;420.2;0.01;UNKNOWN
2016-04-08T01:08:14.000000;2016-04-08T01:08:14.000000;c7584d38-46a0-4655-aea1-df659e39948a;420.18;0.11776325;UNKNOWN
2016-04-08T01:08:14.000000;2016-04-08T01:08:14.000000;dca5e6ee-8944-40c1-8309-850e07082596;420.18;0.18132099;UNKNOWN
2016-04-08T01:08:25.000000;2016-04-08T01:08:25.000000;d56f1254-c83f-4511-b310-4830ab788562;420.05;4.63381293;UNKNOWN
2016-04-08T01:08:25.000000;2016-04-08T01:08:25.000000;cc3d9447-556b-479a-9af0-1a9bc58fdb72;420.03;3.05427131;UNKNOWN
2016-04-08T01:08:25.000000;2016-04-08T01:08:25.000000;e8b217fa-43b0-4d6f-aaee-ca99370433f0;420.12;2.0;UNKNOWN
2016-04-08T01:08:25.000000;2016-04-08T01:08:25.000000;b9e5866a-425e-4e6e-a726-bdc11b554d4f;420.18;0.31191576;UNKNOWN
2016-04-08T01:08:46.000000;2016-04-08T01:08:46.000000;a3bd7d13-2d88-469a-8c84-304f9e038ce3;420.2;1.0;UNKNOWN
2016-04-08T01:10:01.000000;2016-04-08T01:10:01.000000;8178839e-485f-4a10-b8f1-acb8fa7aaef3;420.22;0.2;UNKNOWN
2016-04-08T01:10:01.000000;2016-04-08T01:10:01.000000;d969bcfd-66fb-427f-93cd-258ab758fed7;420.15;1.774501;UNKNOWN
2016-04-08T01:10:01.000000;2016-04-08T01:10:01.000000;76996028-ee26-403c-a634-849b339c07bc;420.23;0.01;UNKNOWN
2016-04-08T01:10:01.000000;2016-04-08T01:10:01.000000;3b45bf18-2de8-4bea-a783-8b510991e043;420.19;0.73;UNKNOWN
2016-04-08T01:10:01.000000;2016-04-08T01:10:01.000000;baa15883-bcee-4294-8ea1-d70aa08dc93a;420.23;0.691;UNKNOWN
2016-04-08T01:10:02.000000;2016-04-08T01:10:02.000000;64d4a68d-94b2-4d9e-b165-dab507da7818;420.15;0.36392;UNKNOWN
2016-04-08T01:10:14.000000;2016-04-08T01:10:14.000000;b92a4863-24b1-4ad0-9a56-dbba7dc66bd8;420.24;0.02590299;UNKNOWN
2016-04-08T01:10:54.000000;2016-04-08T01:10:54.000000;8a36930a-efe8-4b0d-ac78-decd92872c7d;420.24;0.10730135;UNKNOWN
2016-04-08T01:12:04.000000;2016-04-08T01:12:04.000000;ec9a7b6f-4182-4235-840e-a2da02bd0d18;420.99;0.09709669;UNKNOWN
2016-04-08T01:12:04.000000;2016-04-08T01:12:04.000000;baec57f9-9946-44b9-9218-b95b49cdcc27;420.83;0.01;UNKNOWN
2016-04-08T01:12:05.000000;2016-04-08T01:12:05.000000;b50501c8-1e6f-4156-8e1a-8434470037a3;420.99;0.21384557;UNKNOWN
2016-04-08T01:12:05.000000;2016-04-08T01:12:05.000000;596e3460-b52a-4891-81b5-6e62e80a7758;420.99;0.10676178;UNKNOWN
2016-04-08T01:12:05.000000;2016-04-08T01:12:05.000000;ae159ae0-ac0e-4a7b-8468-2d0e65a411ab;420.99;0.08390579;UNKNOWN
2016-04-08T01:12:06.000000;2016-04-08T01:12:06.000000;b9777b3a-7e29-478f-9861-586db816b776;420.99;0.08390579;UNKNOWN
2016-04-08T01:12:07.000000;2016-04-08T01:12:07.000000;e9cee601-e383-4583-8229-2ad30c31a264;420.99;0.10709669;UNKNOWN
2016-04-08T01:12:14.000000;2016-04-08T01:12:14.000000;6b82efa0-1f10-4541-b630-80c84987cded;420.84;0.04172732;UNKNOWN
2016-04-08T01:12:14.000000;2016-04-08T01:12:14.000000;65461eef-218e-48f6-80ea-547b1ed99f5c;420.84;0.02559595;UNKNOWN
2016-04-08T01:12:14.000000;2016-04-08T01:12:14.000000;6bde6efa-86b2-4086-b946-0e38219aa884;420.84;0.4710642;UNKNOWN
2016-04-08T01:12:22.000000;2016-04-08T01:12:22.000000;130dc9a2-1d4d-4608-a9a3-af006e4e4ce3;420.84;0.05958776;UNKNOWN
2016-04-08T01:13:34.000000;2016-04-08T01:13:34.000000;a7926d71-b8ea-4da6-8643-b8199b64ca0c;420.98;0.14017608;UNKNOWN
2016-04-08T01:14:53.000000;2016-04-08T01:14:53.000000;6f81b918-9700-4227-9146-a3e5c94367bf;421.26;10.9547;UNKNOWN
2016-04-08T01:14:53.000000;2016-04-08T01:14:53.000000;1f588e08-2744-40d6-a90e-4d0f54bd83a7;421.29;12.33202958;UNKNOWN
2016-04-08T01:14:53.000000;2016-04-08T01:14:53.000000;87899bc9-e355-499a-90f2-dbabd23fa0e5;421.27;4.6343498;UNKNOWN
2016-04-08T01:14:53.000000;2016-04-08T01:14:53.000000;381b518a-3111-4e5c-9606-9efe7e5a8537;421.6;4.63429611;UNKNOWN
2016-04-08T01:14:53.000000;2016-04-08T01:14:53.000000;ccd425a9-ce13-44c3-ad33-6dec77567387;421.03;0.01;UNKNOWN
2016-04-08T01:14:53.000000;2016-04-08T01:14:53.000000;f343dde0-5628-431b-a0f6-215d0324c038;421.36;4.63408135;UNKNOWN
2016-04-08T01:14:53.000000;2016-04-08T01:14:53.000000;75242c4b-1cac-494d-8c49-1ec0c46a26d9;420.98;5.71902392;UNKNOWN
2016-04-08T01:14:53.000000;2016-04-08T01:14:53.000000;186061f3-2c90-44f3-8df5-51fe31639011;421.4;4.63408135;UNKNOWN
2016-04-08T01:14:53.000000;2016-04-08T01:14:53.000000;092d3918-fb9e-40be-9423-aa9b4deb6708;421.6;1.87908432;UNKNOWN
2016-04-08T01:14:53.000000;2016-04-08T01:14:53.000000;23b659c8-f2b9-4af8-95e8-6faa7eaeeb09;421.0;50.0;UNKNOWN
2016-04-08T01:14:53.000000;2016-04-08T01:14:53.000000;ee756447-66b0-4359-8740-c1b8cba88509;421.6;4.24;UNKNOWN
2016-04-08T01:14:53.000000;2016-04-08T01:14:53.000000;ff1d7e22-3af3-4d3e-a910-9e3c640d8545;421.36;4.6343498;UNKNOWN
2016-04-08T01:14:53.000000;2016-04-08T01:14:53.000000;81d8963e-d7a9-42d6-ba28-d107547ff5b1;421.47;11.9824;UNKNOWN
2016-04-08T01:14:53.000000;2016-04-08T01:14:53.000000;1aeedc49-65d7-4664-a422-a66e27059b66;421.45;0.74609;UNKNOWN
2016-04-08T01:14:53.000000;2016-04-08T01:14:53.000000;10663cb1-7c23-4293-8a42-3c5b929bf7ea;421.59;4.05;UNKNOWN
2016-04-08T01:14:53.000000;2016-04-08T01:14:53.000000;ecf92ab9-a4b7-493f-9628-b1b5160bc2af;421.54;4.63429611;UNKNOWN
2016-04-08T01:14:53.000000;2016-04-08T01:14:53.000000;2088c9b5-f177-416d-bd3e-5610b82083f1;421.44;2.47;UNKNOWN
2016-04-08T01:14:53.000000;2016-04-08T01:14:53.000000;392c21ed-c71b-4ee1-a614-96a9ef4a5209;421.46;5.46;UNKNOWN
2016-04-08T01:14:53.000000;2016-04-08T01:14:53.000000;34000c9e-3d99-45e1-b6ab-ef0776e2ba18;421.5;2.04;UNKNOWN
2016-04-08T01:14:53.000000;2016-04-08T01:14:53.000000;b8bee038-ef9c-40ec-a47e-9f9c6ba47fd7;421.51;4.63451088;UNKNOWN
2016-04-08T01:14:53.000000;2016-04-08T01:14:53.000000;c5196c2f-d143-44fb-adf8-43fa15a6f703;421.45;0.02;UNKNOWN
2016-04-08T01:14:53.000000;2016-04-08T01:14:53.000000;ad2734e9-5c6d-469f-a39c-bc1f78983243;421.45;4.63451088;UNKNOWN
2016-04-08T01:14:53.000000;2016-04-08T01:14:53.000000;d49974f4-2a69-4ce2-ab6f-b55dc01ea63b;421.45;0.02;UNKNOWN
2016-04-08T01:15:11.000000;2016-04-08T01:15:11.000000;cdf3a29e-5b99-4244-a24f-0081f4c76fd3;421.06;0.2648815;UNKNOWN
2016-04-08T01:15:44.000000;2016-04-08T01:15:44.000000;3cb59679-eaab-4073-ac0c-86e0815da597;421.23;0.55641783;UNKNOWN
2016-04-08T01:16:05.000000;2016-04-08T01:16:05.000000;fbe5d1aa-b5c1-4080-a9f3-26e6c10986db;421.56;0.1;UNKNOWN
2016-04-08T01:16:14.000000;2016-04-08T01:16:14.000000;f7e55d21-6c19-44de-b12b-cd20db00483a;421.25;0.10951643;UNKNOWN
2016-04-08T01:16:41.000000;2016-04-08T01:16:41.000000;fd748d97-3d52-4963-a17a-79833bf21c6f;421.08;5.8479;UNKNOWN
2016-04-08T01:16:41.000000;2016-04-08T01:16:41.000000;a5142dfd-6210-42c9-b6c1-b0df47cf3da8;421.01;0.619;UNKNOWN
2016-04-08T01:16:41.000000;2016-04-08T01:16:41.000000;a9db2b61-c0e2-4e7c-90f9-3266fdd11ff8;421.09;3.9751185;UNKNOWN
2016-04-08T01:16:41.000000;2016-04-08T01:16:41.000000;8b1c7ce2-ce38-4f31-923f-d233dceb4d74;421.05;0.678;UNKNOWN
2016-04-08T01:16:41.000000;2016-04-08T01:16:41.000000;61222f76-aaa0-45fa-9dea-7dd979590214;420.87;0.0101;UNKNOWN
2016-04-08T01:16:41.000000;2016-04-08T01:16:41.000000;ade92ce8-6f6a-4b3b-b114-b1b4c970a606;421.03;0.625;UNKNOWN
2016-04-08T01:16:41.000000;2016-04-08T01:16:41.000000;d275c85a-b9f2-4d3f-8abb-ea7daa0688a0;421.04;0.01;UNKNOWN
2016-04-08T01:16:41.000000;2016-04-08T01:16:41.000000;f13f7205-be05-4e27-802c-0cb30d19bf25;420.83;0.11301384;UNKNOWN
2016-04-08T01:19:01.000000;2016-04-08T01:19:01.000000;e0979a10-ae27-4efd-bbc6-90057a2c0d3b;420.6;0.742;UNKNOWN
2016-04-08T01:19:01.000000;2016-04-08T01:19:01.000000;18bb259e-3902-4399-bcdc-435187c6b0d6;420.6;0.01;UNKNOWN
2016-04-08T01:20:08.000000;2016-04-08T01:20:08.000000;6ca2df82-e229-4006-ba52-f4e23273e15e;420.61;0.0336586;UNKNOWN
2016-04-08T01:20:13.000000;2016-04-08T01:20:13.000000;f8f3149a-9b31-4d24-b554-fa6791762fb1;420.61;0.04493348;UNKNOWN
2016-04-08T01:20:19.000000;2016-04-08T01:20:19.000000;7489f3c6-4ef8-4a6a-951e-855af859cdee;420.61;0.16342779;UNKNOWN
2016-04-08T01:20:23.000000;2016-04-08T01:20:23.000000;1a877b81-2f81-499e-a2b9-56ced3d0a3db;420.61;0.01478645;UNKNOWN
2016-04-08T01:20:28.000000;2016-04-08T01:20:28.000000;b83b4eee-e352-45eb-a716-7d95ed50b85c;420.61;0.05493189;UNKNOWN
2016-04-08T01:24:45.000000;2016-04-08T01:24:45.000000;6bbd9223-08f3-4692-98d6-f55de29439b4;421.0;0.04288074;UNKNOWN
2016-04-08T01:25:04.000000;2016-04-08T01:25:04.000000;e76fa28b-5fe0-47e3-bcb8-56e8614e8404;421.0;0.12328463;UNKNOWN
2016-04-08T01:25:18.000000;2016-04-08T01:25:18.000000;5500fb5c-e5f5-4bdf-94eb-51f46c01747b;421.01;0.08639807;UNKNOWN
2016-04-08T01:25:18.000000;2016-04-08T01:25:18.000000;126c975e-9d59-43f2-9f5f-ecd418208f2f;421.0;0.03397466;UNKNOWN
2016-04-08T01:25:18.000000;2016-04-08T01:25:18.000000;6335d371-5c97-4754-a6a8-64724f76ffd1;421.01;0.02360193;UNKNOWN
2016-04-08T01:25:47.000000;2016-04-08T01:25:47.000000;6b0b0561-a740-42d5-b5e1-5c16ed5c8ae4;421.19;0.04841861;UNKNOWN
2016-04-08T01:31:17.000000;2016-04-08T01:31:17.000000;41c91df2-5086-4e62-b88c-218cf1fca217;420.91;0.11408036;UNKNOWN
2016-04-08T01:35:17.000000;2016-04-08T01:35:17.000000;54af1d0f-e49f-4624-872f-8d2435edabfc;420.95;0.331;UNKNOWN
2016-04-08T01:38:14.000000;2016-04-08T01:38:14.000000;4f03f6eb-233f-444f-a326-51af36301644;421.12;0.04544708;UNKNOWN
2016-04-08T01:39:10.000000;2016-04-08T01:39:10.000000;239984c4-5e75-4690-9137-b3efc6dc6ce2;421.12;0.333113;UNKNOWN
2016-04-08T01:42:02.000000;2016-04-08T01:42:02.000000;906e10ba-e2ef-4965-8375-328a087e1d12;421.29;5.0;UNKNOWN
2016-04-08T01:42:13.000000;2016-04-08T01:42:13.000000;f32abde6-0bda-4ca4-b910-7fb56b736a3c;421.15;0.02355991;UNKNOWN
2016-04-08T01:48:13.000000;2016-04-08T01:48:13.000000;8e03da57-b175-49e4-81f0-eb4a309dc8a2;421.15;0.29465285;UNKNOWN
2016-04-08T01:51:44.000000;2016-04-08T01:51:44.000000;1754b4e5-2bd9-4c00-b182-2582a80c1524;421.42;0.01356146;UNKNOWN
2016-04-08T01:52:44.000000;2016-04-08T01:52:44.000000;8b34a181-fa21-49cd-9d65-d5624fbf05dd;421.13;3.77127262;UNKNOWN
2016-04-08T01:52:44.000000;2016-04-08T01:52:44.000000;4ade135a-b2bb-43a8-a6d3-4e054b4afe5a;421.15;5.55728724;UNKNOWN
2016-04-08T01:53:44.000000;2016-04-08T01:53:44.000000;ccbbedf5-b416-40dc-9cef-87af7c23d0ca;421.14;2.82985674;UNKNOWN
2016-04-08T01:55:34.000000;2016-04-08T01:55:34.000000;e1f0992a-0538-4d0f-a7e9-b0b15f9718a0;421.15;0.01326669;UNKNOWN
2016-04-08T02:01:34.000000;2016-04-08T02:01:34.000000;004b7ecc-dffb-4b03-abd9-d483beeaf924;421.21;0.33779958;UNKNOWN
2016-04-08T02:01:50.000000;2016-04-08T02:01:50.000000;58cc159d-e894-4240-99c6-a38d042d38c0;421.21;0.71376279;UNKNOWN
2016-04-08T02:03:37.000000;2016-04-08T02:03:37.000000;ff2fa8c2-6453-4dd3-a05d-cacaf4efe755;421.21;0.26506385;UNKNOWN
2016-04-08T02:08:37.000000;2016-04-08T02:08:37.000000;f3b4e39c-41a1-4e31-9b32-596e11c78fc1;421.72;0.04514709;UNKNOWN
2016-04-08T02:09:18.000000;2016-04-08T02:09:18.000000;83429b5e-1210-492b-baa9-be91790bc23a;421.72;0.08932673;UNKNOWN
2016-04-08T02:10:06.000000;2016-04-08T02:10:06.000000;717c34c0-d794-4d8e-9778-c5689ccf00c6;421.9;1.08144585;UNKNOWN
2016-04-08T02:10:22.000000;2016-04-08T02:10:22.000000;85b3651e-5e76-4b5b-8b78-f291ddbb274b;421.72;0.10940979;UNKNOWN
2016-04-08T02:10:22.000000;2016-04-08T02:10:22.000000;dc5d4fb6-31f7-4635-a6cd-d05039cfe214;421.73;0.059;UNKNOWN
2016-04-08T02:10:34.000000;2016-04-08T02:10:34.000000;6da725e7-0f60-49ee-beee-09ed1381fb1f;421.72;0.18938331;UNKNOWN
2016-04-08T02:10:45.000000;2016-04-08T02:10:45.000000;58729110-adea-41ed-b265-a66d4c6ad481;421.72;0.20644611;UNKNOWN
2016-04-08T02:11:04.000000;2016-04-08T02:11:04.000000;14ffc6a2-daf3-4c2c-b92e-83c381072f65;421.89;4.0;UNKNOWN
2016-04-08T02:12:02.000000;2016-04-08T02:12:02.000000;47d9c60c-a2bb-4adc-9dd6-e8974debe1b3;421.72;0.20564943;UNKNOWN
2016-04-08T02:12:13.000000;2016-04-08T02:12:13.000000;adc99346-2aa3-4454-a4a8-e5bcf6e6697e;421.69;0.2006028;UNKNOWN
2016-04-08T02:12:21.000000;2016-04-08T02:12:21.000000;5de79a70-48d1-46aa-bbc5-fe94e613cc8c;421.83;6.8718;UNKNOWN
2016-04-08T02:13:45.000000;2016-04-08T02:13:45.000000;cc6e251c-ddb0-45ef-80cf-097bce8ef371;421.7;0.12006794;UNKNOWN
2016-04-08T02:13:50.000000;2016-04-08T02:13:50.000000;c9a03e6d-3c6f-4aff-966a-45e266d48825;421.86;4.0;UNKNOWN
2016-04-08T02:13:57.000000;2016-04-08T02:13:57.000000;d617e6ce-ddc6-43bd-961c-4110fc29119a;421.7;0.15181857;UNKNOWN
2016-04-08T02:14:10.000000;2016-04-08T02:14:10.000000;5cd9942c-bb09-4ebb-9484-9e6e83a07608;421.7;0.03901686;UNKNOWN
2016-04-08T02:14:53.000000;2016-04-08T02:14:53.000000;acd0494e-ce33-481a-9436-7c40f0ba0b8a;421.69;0.05940265;UNKNOWN
2016-04-08T02:15:44.000000;2016-04-08T02:15:44.000000;baf1c344-5cb5-45e4-93b5-7c0efaa3d9ab;421.86;12.8002;UNKNOWN
2016-04-08T02:15:44.000000;2016-04-08T02:15:44.000000;a18557c1-1bea-45f3-8b28-7351924100fa;421.87;8.2868;UNKNOWN
2016-04-08T02:15:44.000000;2016-04-08T02:15:44.000000;1ce9ef52-cd2f-4004-9407-cf86b637e8df;421.86;0.01;UNKNOWN
2016-04-08T02:15:55.000000;2016-04-08T02:15:55.000000;d105baa3-e837-4249-8e1e-1b90f8591bf2;421.7;0.01;UNKNOWN
2016-04-08T02:16:04.000000;2016-04-08T02:16:04.000000;8c23aa0a-611f-4114-a106-de9b99f90bc9;421.9;1.4;UNKNOWN
2016-04-08T02:20:05.000000;2016-04-08T02:20:05.000000;810673ad-5df1-4774-8391-55455ce4e829;421.9;2.13747575;UNKNOWN
2016-04-08T02:20:05.000000;2016-04-08T02:20:05.000000;ab840252-66eb-44b9-84e7-f2f24fcc537e;421.75;0.01;UNKNOWN
2016-04-08T02:20:07.000000;2016-04-08T02:20:07.000000;b15e1f96-2a12-480f-9cc9-c4948e7d9ccd;421.9;1.3810784;UNKNOWN
2016-04-08T02:20:07.000000;2016-04-08T02:20:07.000000;62110865-07f9-4e2e-bd0d-97ba7a877ec1;421.94;2.05695745;UNKNOWN
2016-04-08T02:20:09.000000;2016-04-08T02:20:09.000000;9365c29d-fc8a-4ec6-8e14-f01e4a6c6081;421.7;5.7989788;UNKNOWN
2016-04-08T02:20:49.000000;2016-04-08T02:20:49.000000;c2c92455-53cf-4c30-b45a-ecf94aaef430;421.7;0.01428036;UNKNOWN
2016-04-08T02:22:04.000000;2016-04-08T02:22:04.000000;279fb028-4c68-4ee9-babb-94bed64c8cba;421.88;0.15036765;UNKNOWN
2016-04-08T02:25:04.000000;2016-04-08T02:25:04.000000;8aa2f3d6-d41d-44dd-81f1-53b926662d5f;421.86;1.43152753;UNKNOWN
2016-04-08T02:25:58.000000;2016-04-08T02:25:58.000000;766b58aa-294a-4cd8-883f-ddee3f633931;421.7;0.07078761;UNKNOWN
2016-04-08T02:25:58.000000;2016-04-08T02:25:58.000000;a754bbaf-7313-4efd-80b1-43f18cb2ace7;421.7;0.01;UNKNOWN
2016-04-08T02:26:14.000000;2016-04-08T02:26:14.000000;6d8ed184-809e-4d3f-a74a-7d6fd4d2efbc;421.7;0.70594298;UNKNOWN
2016-04-08T02:27:17.000000;2016-04-08T02:27:17.000000;6bf16ec3-ebcd-4114-8e8c-d97659393b0e;421.7;0.04744;UNKNOWN
2016-04-08T02:28:59.000000;2016-04-08T02:28:59.000000;58aba589-9378-4d62-bdd7-c097b5477efd;421.7;0.01;UNKNOWN
2016-04-08T02:29:04.000000;2016-04-08T02:29:04.000000;9fbc4c01-da53-48ad-b996-ba112d42eef5;421.7;0.10106941;UNKNOWN
2016-04-08T02:29:05.000000;2016-04-08T02:29:05.000000;91a9b424-92dc-4685-942c-c81c27eb4c79;421.93;0.5;UNKNOWN
2016-04-08T02:29:18.000000;2016-04-08T02:29:18.000000;6abf34d9-a116-4bdb-9c51-d024a11a5f7b;421.7;0.07686065;UNKNOWN
2016-04-08T02:29:45.000000;2016-04-08T02:29:45.000000;dc6ee81a-3ba0-40f1-8b4d-90d49e61b03c;421.7;0.01;UNKNOWN
2016-04-08T02:30:05.000000;2016-04-08T02:30:05.000000;9ee438f1-ddec-409e-944c-39dc11aba906;421.95;0.21471034;UNKNOWN
2016-04-08T02:30:29.000000;2016-04-08T02:30:29.000000;fda5cb66-b5d7-4a20-afd8-4ec627dd8794;421.7;0.01;UNKNOWN
2016-04-08T02:30:46.000000;2016-04-08T02:30:46.000000;d32febdd-2fab-4ef3-98a9-1bf520f0a740;421.7;0.83163718;UNKNOWN
2016-04-08T02:31:04.000000;2016-04-08T02:31:04.000000;2be84bf6-948c-4087-ab8f-936616e2ddd4;421.88;0.03441734;UNKNOWN
2016-04-08T02:31:05.000000;2016-04-08T02:31:05.000000;373e8125-265a-44bb-9bf2-e4a204af97d0;421.88;0.02724719;UNKNOWN
2016-04-08T02:31:16.000000;2016-04-08T02:31:16.000000;e310a611-0421-4fca-899b-e09fce0717d3;421.7;0.01;UNKNOWN
2016-04-08T02:33:04.000000;2016-04-08T02:33:04.000000;28ea9bba-4b0c-4514-815b-edd96074a8d9;421.71;0.32230058;UNKNOWN
2016-04-08T02:33:05.000000;2016-04-08T02:33:05.000000;5b440236-140a-40ef-b43f-e6fba5354ec3;421.71;0.07160245;UNKNOWN
2016-04-08T02:33:17.000000;2016-04-08T02:33:17.000000;b3f329e9-2da5-4fd6-8f5c-9e7551dd4a23;421.69;0.15937812;UNKNOWN
2016-04-08T02:33:17.000000;2016-04-08T02:33:17.000000;a9fcff05-a50c-4c9a-a4ca-675af14e3be8;421.7;0.01;UNKNOWN
2016-04-08T02:35:04.000000;2016-04-08T02:35:04.000000;20863b42-8ebd-448c-91f7-7846dde8e29e;421.71;0.14315234;UNKNOWN
2016-04-08T02:36:04.000000;2016-04-08T02:36:04.000000;b818446d-d3d2-45f7-8647-895b9ff3283c;421.7;0.35745325;UNKNOWN
2016-04-08T02:37:04.000000;2016-04-08T02:37:04.000000;5469c640-d278-4237-b33c-03e5e903fd05;421.71;0.48;UNKNOWN
2016-04-08T02:39:04.000000;2016-04-08T02:39:04.000000;9f5e4dcf-acd4-42f5-a586-5690082bdb77;421.84;0.23700614;UNKNOWN
2016-04-08T02:39:37.000000;2016-04-08T02:39:37.000000;0653c03a-9e60-4be4-8550-72eadb0ef73c;421.8;0.03;UNKNOWN
2016-04-08T02:39:58.000000;2016-04-08T02:39:58.000000;d3ca3f74-117a-4fd9-8d54-3a05866788fd;421.69;0.05821598;UNKNOWN
2016-04-08T02:40:25.000000;2016-04-08T02:40:25.000000;284ec909-4566-41c5-b5e2-cd1f19c71d4c;421.78;0.2;UNKNOWN
2016-04-08T02:40:25.000000;2016-04-08T02:40:25.000000;9f12f76c-32a5-47d9-9fed-e84d7af64cec;421.69;1.95521198;UNKNOWN
2016-04-08T02:40:31.000000;2016-04-08T02:40:31.000000;e540c5f9-618b-4913-9347-0bfeb7f2b54c;421.69;0.1045515;UNKNOWN
2016-04-08T02:40:54.000000;2016-04-08T02:40:54.000000;1f8b716a-e40b-43eb-a18b-2ed02cea543a;421.69;0.45;UNKNOWN
2016-04-08T02:41:26.000000;2016-04-08T02:41:26.000000;dbb69aff-9011-4918-a504-acb3e3ccb458;421.69;0.476428;UNKNOWN
2016-04-08T02:43:59.000000;2016-04-08T02:43:59.000000;d051cb18-48f5-4bfe-a337-a185459786bd;421.69;0.03620897;UNKNOWN
2016-04-08T02:43:59.000000;2016-04-08T02:43:59.000000;8c0887bc-8b0f-47e2-8de2-d0c38e7d431d;421.51;0.171275;UNKNOWN
2016-04-08T02:44:03.000000;2016-04-08T02:44:03.000000;cac873b5-8684-42e5-ac5b-69167b846dcb;421.51;0.22;UNKNOWN
2016-04-08T02:44:04.000000;2016-04-08T02:44:04.000000;34285a50-2dd0-4e43-b409-bfdb5878e6d9;421.95;0.01;UNKNOWN
2016-04-08T02:44:04.000000;2016-04-08T02:44:04.000000;5ca3ff87-7787-4cbb-ae58-de7be14bdc37;421.8;0.012;UNKNOWN
2016-04-08T02:44:04.000000;2016-04-08T02:44:04.000000;8682e14a-d34a-4407-8c73-a1065fc9c97a;421.98;0.65;UNKNOWN
2016-04-08T02:44:04.000000;2016-04-08T02:44:04.000000;a220a648-eb79-4d30-adc4-2f92c3556076;421.97;5.8752;UNKNOWN
2016-04-08T02:44:04.000000;2016-04-08T02:44:04.000000;0c55d9ab-ced7-412d-a743-e3d9250aa916;421.89;0.01;UNKNOWN
2016-04-08T02:44:04.000000;2016-04-08T02:44:04.000000;c800e9de-da0e-4a5d-86ad-55c552e4e203;421.99;3.2328;UNKNOWN
2016-04-08T02:44:04.000000;2016-04-08T02:44:04.000000;dc2c13ab-3b72-4404-a29d-ca322dc0e427;421.88;0.01;UNKNOWN
2016-04-08T02:44:14.000000;2016-04-08T02:44:14.000000;dffd9dba-e595-427c-961b-5bce2f2d225d;421.59;1.42569762;UNKNOWN
2016-04-08T02:47:18.000000;2016-04-08T02:47:18.000000;c5bdc791-2752-4a70-bbcf-ff3c7d8f4ad6;421.58;0.01353924;UNKNOWN
2016-04-08T02:47:18.000000;2016-04-08T02:47:18.000000;cf07b56f-faae-41cc-a436-9c6ff8099129;421.58;0.01;UNKNOWN
2016-04-08T02:47:51.000000;2016-04-08T02:47:51.000000;bdbc79be-a7b5-467e-8c04-434dc610aa3e;421.58;0.476234;UNKNOWN
2016-04-08T02:48:04.000000;2016-04-08T02:48:04.000000;088bfc11-9218-4cfe-8f10-c9abb507735a;421.97;1.0;UNKNOWN
2016-04-08T02:48:31.000000;2016-04-08T02:48:31.000000;d5253869-da15-48dd-aa33-bf0f1ccfb09b;421.58;0.35650895;UNKNOWN
2016-04-08T02:50:05.000000;2016-04-08T02:50:05.000000;8230b6e2-ebc2-4acc-9261-4ba45cc27174;421.97;0.61268439;UNKNOWN
2016-04-08T02:50:14.000000;2016-04-08T02:50:14.000000;53443d46-750d-480b-a892-f30d954e32e7;421.58;0.117317;UNKNOWN
2016-04-08T02:50:31.000000;2016-04-08T02:50:31.000000;70937512-e8ce-4836-9fa1-e796da31a084;421.58;0.56999281;UNKNOWN
2016-04-08T02:52:04.000000;2016-04-08T02:52:04.000000;afd735e1-6079-4475-bc1c-77fd80603175;421.97;0.72112247;UNKNOWN
2016-04-08T02:52:05.000000;2016-04-08T02:52:05.000000;ced7c410-b170-40eb-bef5-8c6dea011b28;421.97;0.25971;UNKNOWN
2016-04-08T02:52:06.000000;2016-04-08T02:52:06.000000;9b53ab4f-1fc1-4500-a307-63b9bfcb7c3a;421.58;0.4762;UNKNOWN
2016-04-08T02:53:03.000000;2016-04-08T02:53:03.000000;59eca074-076f-425f-82fc-9de2d8eeb093;421.97;0.35827218;UNKNOWN
2016-04-08T02:53:18.000000;2016-04-08T02:53:18.000000;1aeb4ee6-5b70-4c00-aca9-333aca20090d;421.52;0.45325172;UNKNOWN
2016-04-08T02:53:18.000000;2016-04-08T02:53:18.000000;e6484330-a76c-456b-8407-d2b4b7585452;421.58;0.01;UNKNOWN
2016-04-08T02:53:58.000000;2016-04-08T02:53:58.000000;fa804c63-c05f-4678-97f9-04f015eb88d9;421.52;0.4745948;UNKNOWN
2016-04-08T02:54:03.000000;2016-04-08T02:54:03.000000;3b8b4e8d-43b5-479c-8a89-f69ba00dc9f3;421.97;0.01;UNKNOWN
2016-04-08T02:54:03.000000;2016-04-08T02:54:03.000000;20bb7774-d785-44ff-a7f3-b918ae7f7733;421.97;0.03296999;UNKNOWN
2016-04-08T02:56:04.000000;2016-04-08T02:56:04.000000;d3b333d5-2ae2-4236-9ee4-1b7abcb91869;421.97;0.23638173;UNKNOWN
2016-04-08T02:57:40.000000;2016-04-08T02:57:40.000000;bca30c30-cd47-4c37-913d-953485ca7ddf;421.97;1.0;UNKNOWN
2016-04-08T02:59:42.000000;2016-04-08T02:59:42.000000;7c82d992-d2b4-499d-86ea-f9f775179cca;421.97;0.02;UNKNOWN
2016-04-08T03:00:05.000000;2016-04-08T03:00:05.000000;f666551e-2fe6-48a1-b5cb-f9d50c51c917;421.97;2.15006486;UNKNOWN
2016-04-08T03:00:05.000000;2016-04-08T03:00:05.000000;a7b4e27e-9b9b-4087-b891-1ff007681ed3;421.52;0.02;UNKNOWN
2016-04-08T03:01:04.000000;2016-04-08T03:01:04.000000;2c91bfe0-d240-41aa-89fd-f0832c84fee2;421.99;0.0715876;UNKNOWN
2016-04-08T03:01:26.000000;2016-04-08T03:01:26.000000;e9b3a671-9d88-4b6c-b5e1-a714d6cc19e9;421.59;0.02614832;UNKNOWN
2016-04-08T03:02:20.000000;2016-04-08T03:02:20.000000;d3af94ba-be49-4b0d-bcb1-cf17928c2167;421.99;2.0;UNKNOWN
2016-04-08T03:02:43.000000;2016-04-08T03:02:43.000000;d8151fdf-135e-4914-9e0c-0433f0f12e92;421.99;5.8391;UNKNOWN
2016-04-08T03:03:03.000000;2016-04-08T03:03:03.000000;936c4796-28ef-4ea0-9e0b-96dbb256f71d;421.99;0.42910381;UNKNOWN
2016-04-08T03:05:58.000000;2016-04-08T03:05:58.000000;b3c83073-4d33-4076-80d8-ba829246b44e;421.67;0.29705556;UNKNOWN
2016-04-08T03:08:04.000000;2016-04-08T03:08:04.000000;56c6e6a5-56cb-4259-a39b-e5d21c88f28d;421.99;0.07160046;UNKNOWN
2016-04-08T03:08:17.000000;2016-04-08T03:08:17.000000;dabca81f-ba31-4128-94dc-78193a493f45;421.99;5.84839954;UNKNOWN
2016-04-08T03:08:17.000000;2016-04-08T03:08:17.000000;6ac53efa-5bcb-4c90-91e2-b979585b300d;421.99;0.01;UNKNOWN
2016-04-08T03:08:17.000000;2016-04-08T03:08:17.000000;36fa2c16-017d-4559-8923-8cc4e8f9a5c8;422.0;34.14160046;UNKNOWN
2016-04-08T03:08:38.000000;2016-04-08T03:08:38.000000;c6116760-626d-45c3-a325-0920d9588534;422.0;5.0;UNKNOWN
2016-04-08T03:08:42.000000;2016-04-08T03:08:42.000000;97b8509c-f95c-48d8-adb4-991ae502b56e;422.0;2.5;UNKNOWN
2016-04-08T03:09:08.000000;2016-04-08T03:09:08.000000;3cd76f6c-267a-4ef4-a27e-f79de6e24e26;421.9;0.5;UNKNOWN
2016-04-08T03:09:50.000000;2016-04-08T03:09:50.000000;054b27d5-b85c-4f34-988a-7bb2b09c34ca;422.0;30.0;UNKNOWN
2016-04-08T03:10:12.000000;2016-04-08T03:10:12.000000;1bc890f2-c069-4d31-b1b3-a785a1939b9d;422.0;47.40195594;UNKNOWN
2016-04-08T03:10:31.000000;2016-04-08T03:10:31.000000;89ca20b4-1c2a-449f-966c-e1534c3562b3;422.0;4.0;UNKNOWN
2016-04-08T03:10:45.000000;2016-04-08T03:10:45.000000;17b8fe2f-0ea6-4096-a97e-8cfd92c6fc54;421.93;0.4814063;UNKNOWN
2016-04-08T03:11:57.000000;2016-04-08T03:11:57.000000;93bc0690-f123-4187-b1b0-9fc921158d5f;421.93;0.01;UNKNOWN
2016-04-08T03:11:57.000000;2016-04-08T03:11:57.000000;6cf2f80b-b89d-4221-a370-dc0b6298f564;421.93;0.10874335;UNKNOWN
2016-04-08T03:12:17.000000;2016-04-08T03:12:17.000000;5e460201-8c77-424f-a2e6-3418ad244696;422.0;1.0;UNKNOWN
2016-04-08T03:12:30.000000;2016-04-08T03:12:30.000000;16954791-9d72-48a8-9cf1-cc3808c5e6e1;422.0;11.0;UNKNOWN
2016-04-08T03:13:09.000000;2016-04-08T03:13:09.000000;08e914ea-d0c5-4984-9bac-6dabb127ceed;422.0;0.965;UNKNOWN
2016-04-08T03:14:08.000000;2016-04-08T03:14:08.000000;2cf79bad-91ff-4624-a71b-7114304d4a65;422.0;15.0;UNKNOWN
2016-04-08T03:15:27.000000;2016-04-08T03:15:27.000000;a11e8da7-45a7-4ec7-8ed9-8943c7ba8925;422.0;67.97443869;UNKNOWN
2016-04-08T03:15:27.000000;2016-04-08T03:15:27.000000;b8ec0bd5-90ca-481a-94a6-d32656c5cd93;422.0;0.0435564;UNKNOWN
2016-04-08T03:15:32.000000;2016-04-08T03:15:32.000000;ab456d16-0c41-4094-9bbf-40a80e46dbe2;422.01;10.0;UNKNOWN
2016-04-08T03:15:50.000000;2016-04-08T03:15:50.000000;fe04def6-4e90-4d5e-9351-41acc5ef6c1a;422.0;0.04749059;UNKNOWN
2016-04-08T03:16:04.000000;2016-04-08T03:16:04.000000;9647a37f-47c9-49bd-8605-9e1566422ba8;422.02;0.01;UNKNOWN
2016-04-08T03:16:04.000000;2016-04-08T03:16:04.000000;5f9fdd99-e00c-4fa4-950c-37936c86e16a;422.01;6.1587;UNKNOWN
2016-04-08T03:16:04.000000;2016-04-08T03:16:04.000000;19651f51-f59e-4d94-b50c-1903fda3a704;422.29;9.1487;UNKNOWN
2016-04-08T03:16:04.000000;2016-04-08T03:16:04.000000;da46a526-4ce4-427b-9459-339d18a4c5ea;422.01;2.0;UNKNOWN
2016-04-08T03:16:04.000000;2016-04-08T03:16:04.000000;0d5f6cf4-dcca-4f3a-8e04-62fa1bc7c9b8;422.01;5.8413;UNKNOWN
2016-04-08T03:16:20.000000;2016-04-08T03:16:20.000000;6fa09d97-516d-4bce-88ab-4b035f12c8fa;422.29;2.5;UNKNOWN
2016-04-08T03:16:25.000000;2016-04-08T03:16:25.000000;4272666a-0549-4381-80d3-a851df1e25b5;422.29;6.3513;UNKNOWN
2016-04-08T03:16:25.000000;2016-04-08T03:16:25.000000;461f77b6-b64d-4ae3-af0a-afe1e40729f2;422.3;8.6487;UNKNOWN
2016-04-08T03:16:32.000000;2016-04-08T03:16:32.000000;b0fa7884-209a-4fe7-a158-5f22cbb6d7b5;422.29;0.19;UNKNOWN
2016-04-08T03:16:34.000000;2016-04-08T03:16:34.000000;0acf6ce2-36f6-4b6b-8de0-586c12c73784;422.3;1.93451432;UNKNOWN
2016-04-08T03:16:36.000000;2016-04-08T03:16:36.000000;93f4de75-cdf8-4e90-a2ac-dcb38c0709ab;422.3;7.64978568;UNKNOWN
2016-04-08T03:16:36.000000;2016-04-08T03:16:36.000000;9f06a1e1-d9c7-454b-9e02-3b72b00673bc;422.3;7.35021432;UNKNOWN
2016-04-08T03:16:37.000000;2016-04-08T03:16:37.000000;e8fd7e4d-929d-4359-957b-18cede9a24a7;422.3;1.8;UNKNOWN
2016-04-08T03:17:12.000000;2016-04-08T03:17:12.000000;5f5f00a1-ead7-4765-bd17-b88f4f8d2dd8;422.3;2.38039;UNKNOWN
2016-04-08T03:17:31.000000;2016-04-08T03:17:31.000000;6d113a24-134b-462c-8227-bbac78e1366d;422.29;0.03648685;UNKNOWN
2016-04-08T03:17:33.000000;2016-04-08T03:17:33.000000;712a35f8-4ceb-48b8-ac24-41f86ef6e441;422.29;0.13059293;UNKNOWN
2016-04-08T03:18:30.000000;2016-04-08T03:18:30.000000;6c082cec-1827-4fb6-871f-34c1ac940fa6;422.3;14.7584;UNKNOWN
2016-04-08T03:19:17.000000;2016-04-08T03:19:17.000000;ac7ba983-1054-4513-a6fb-d9b91dfb5ef6;422.29;0.469;UNKNOWN
2016-04-08T03:20:12.000000;2016-04-08T03:20:12.000000;a414e630-1b87-400b-b217-8932506b09a3;422.29;0.01;UNKNOWN
2016-04-08T03:20:13.000000;2016-04-08T03:20:13.000000;6583a7e1-eeb9-457d-9690-6401228acd8a;422.29;0.33219012;UNKNOWN
2016-04-08T03:23:03.000000;2016-04-08T03:23:03.000000;ef234514-689b-461d-a735-bc6e167db86b;422.29;2.4211995;UNKNOWN
2016-04-08T03:24:04.000000;2016-04-08T03:24:04.000000;84254a07-0269-473f-958e-302960298912;422.29;0.04;UNKNOWN
2016-04-08T03:24:05.000000;2016-04-08T03:24:05.000000;7b12c34b-2f67-41e7-a4df-488d31da94ff;422.3;0.5;UNKNOWN
2016-04-08T03:24:14.000000;2016-04-08T03:24:14.000000;0ed5276c-9f2c-4427-8db6-ee7ad85ab375;422.29;0.03528711;UNKNOWN
2016-04-08T03:24:14.000000;2016-04-08T03:24:14.000000;1232f7c2-f64f-44a9-8adf-b351a628b329;422.29;0.05214384;UNKNOWN
2016-04-08T03:25:32.000000;2016-04-08T03:25:32.000000;c5c40475-9a40-4f67-8202-0d7e9ced8fe9;422.3;0.45;UNKNOWN
2016-04-08T03:28:04.000000;2016-04-08T03:28:04.000000;5aa7c8ec-1ed5-46f4-a0e6-74b4a68198f5;422.29;2.4406561;UNKNOWN
2016-04-08T03:28:04.000000;2016-04-08T03:28:04.000000;62cfcf95-899e-4b74-a675-c58e8ff99cf0;422.29;1.24031283;UNKNOWN
2016-04-08T03:29:03.000000;2016-04-08T03:29:03.000000;e142f558-8c77-4198-9385-02a209737a47;422.3;0.01;UNKNOWN
2016-04-08T03:31:03.000000;2016-04-08T03:31:03.000000;ec3eec60-4193-4e9f-b3e3-85d88e054a8b;422.29;0.07725;UNKNOWN
2016-04-08T03:31:59.000000;2016-04-08T03:31:59.000000;e3fb7dc0-bc58-49f4-b29f-209139bddf08;422.29;0.4218122;UNKNOWN
2016-04-08T03:33:18.000000;2016-04-08T03:33:18.000000;2a930b62-0747-467a-ae68-6f687087cdbc;422.29;0.72332301;UNKNOWN
2016-04-08T03:33:24.000000;2016-04-08T03:33:24.000000;f97aafbd-8cd5-4397-ad43-dff593cf8022;422.3;2.00740432;UNKNOWN
2016-04-08T03:33:24.000000;2016-04-08T03:33:24.000000;e53401e8-ec8e-4b52-a9db-7739900aaa45;422.3;12.75099568;UNKNOWN
2016-04-08T03:35:04.000000;2016-04-08T03:35:04.000000;801f5a3b-4625-4164-a18b-eae3fa438e2c;422.29;0.15138789;UNKNOWN
2016-04-08T03:37:04.000000;2016-04-08T03:37:04.000000;172bd759-8290-4b11-98b2-a977f162a055;422.29;0.09380891;UNKNOWN
2016-04-08T03:37:25.000000;2016-04-08T03:37:25.000000;528932e1-9d6b-46c7-bca4-84527ab875dc;422.29;0.16609506;UNKNOWN
2016-04-08T03:39:04.000000;2016-04-08T03:39:04.000000;8919424b-73f6-4755-8de5-b76f931373ba;422.29;0.50443025;UNKNOWN
2016-04-08T03:39:04.000000;2016-04-08T03:39:04.000000;d263afc0-3a77-431f-9455-2d5dd61dc1ce;422.29;0.52246975;UNKNOWN
2016-04-08T03:43:19.000000;2016-04-08T03:43:19.000000;e7c13506-6f10-411b-b838-2e845064a44f;422.49;1.62340432;UNKNOWN
2016-04-08T03:43:19.000000;2016-04-08T03:43:19.000000;b7001668-f76d-4fc3-b832-af6a9e6d41b2;422.33;0.01;UNKNOWN
2016-04-08T03:43:19.000000;2016-04-08T03:43:19.000000;832afd7e-4ac6-4b18-b919-614d6715b00a;422.3;2.36659568;UNKNOWN
2016-04-08T03:47:07.000000;2016-04-08T03:47:07.000000;d49c3341-34a4-438f-82ac-bce6809b5646;422.49;9.99;UNKNOWN
2016-04-08T03:47:09.000000;2016-04-08T03:47:09.000000;6bcfcdc5-0049-410a-8586-4f6ce72ca9d2;422.49;0.4;UNKNOWN
2016-04-08T03:47:43.000000;2016-04-08T03:47:43.000000;a7d02b66-612a-4eb7-a105-316c937f80ce;422.49;0.4;UNKNOWN
2016-04-08T03:51:27.000000;2016-04-08T03:51:27.000000;1f51d3d0-1193-441c-a429-8089784fa0c8;422.49;0.4;UNKNOWN
2016-04-08T03:51:34.000000;2016-04-08T03:51:34.000000;9858b0ce-29e5-484b-9725-1528227936eb;422.49;0.36760782;UNKNOWN
2016-04-08T03:54:13.000000;2016-04-08T03:54:13.000000;eea679ac-1fae-4cd5-81e4-0643fa18fa1f;422.49;0.02362786;UNKNOWN
2016-04-08T03:57:08.000000;2016-04-08T03:57:08.000000;664db7bb-4772-4583-bb40-049bd24c348c;422.49;0.07693506;UNKNOWN
2016-04-08T03:59:05.000000;2016-04-08T03:59:05.000000;8e7c5a49-4fd7-4b0c-8f7a-a72e6797b17c;422.49;0.03;UNKNOWN
2016-04-08T03:59:07.000000;2016-04-08T03:59:07.000000;deb7330d-4bb2-468a-8806-083dc6bae417;422.49;0.03;UNKNOWN
2016-04-08T04:00:04.000000;2016-04-08T04:00:04.000000;60123cf9-b4e9-4638-b82a-81be2d207970;422.49;0.03093497;UNKNOWN
2016-04-08T04:02:33.000000;2016-04-08T04:02:33.000000;3cc2b540-b3f8-4546-aac8-fbf47c2edb00;422.49;0.10403592;UNKNOWN
2016-04-08T04:02:40.000000;2016-04-08T04:02:40.000000;2683306c-acb6-456b-8574-d0c11f065350;422.49;0.02;UNKNOWN
2016-04-08T04:02:45.000000;2016-04-08T04:02:45.000000;05081d12-48e9-4199-9d3e-da1e17e44921;422.49;0.02;UNKNOWN
2016-04-08T04:06:14.000000;2016-04-08T04:06:14.000000;58e6cd3d-8695-4fc5-8e6f-578efa76dd66;422.49;0.05169684;UNKNOWN
2016-04-08T04:06:34.000000;2016-04-08T04:06:34.000000;6f1cdafb-a6b0-42d9-908f-b6091ff52107;422.49;3.44804754;UNKNOWN
2016-04-08T04:06:34.000000;2016-04-08T04:06:34.000000;ae3241ab-1928-4ead-b625-f2d7b7d4c058;422.49;0.56371815;UNKNOWN
2016-04-08T04:06:34.000000;2016-04-08T04:06:34.000000;173b30d6-e9a7-43bf-858d-aa155f5f3424;422.49;4.60267415;UNKNOWN
2016-04-08T04:06:34.000000;2016-04-08T04:06:34.000000;dac2c94b-44f2-4236-9bda-413b78cb3969;422.49;4.60267415;UNKNOWN
2016-04-08T04:06:34.000000;2016-04-08T04:06:34.000000;60f60bdf-beb3-4fce-9af7-dcb532311909;422.49;4.60288601;UNKNOWN
2016-04-08T04:06:54.000000;2016-04-08T04:06:54.000000;4d62bf13-8327-4998-8eaa-ff5d2a63a564;422.49;1.485;UNKNOWN
2016-04-08T04:08:38.000000;2016-04-08T04:08:38.000000;8feca2fb-142c-4996-b4c8-8d26e5b9e17f;422.49;0.9994;UNKNOWN
2016-04-08T04:09:58.000000;2016-04-08T04:09:58.000000;89ae4b56-16bb-48b7-825b-e0135f261af1;422.49;0.02608829;UNKNOWN
2016-04-08T04:10:06.000000;2016-04-08T04:10:06.000000;fae7f828-a117-4fbc-8cda-cda63f126375;422.5;1.57578788;UNKNOWN
2016-04-08T04:13:03.000000;2016-04-08T04:13:03.000000;71618870-48bc-40aa-804b-02bd35f30af5;422.5;0.1993;UNKNOWN
2016-04-08T04:14:02.000000;2016-04-08T04:14:02.000000;57e76a20-895f-451e-bebf-e753de997856;422.5;0.02;UNKNOWN
2016-04-08T04:14:14.000000;2016-04-08T04:14:14.000000;49a8431d-b84c-4efa-bc04-6ae9194cda35;422.49;0.26553376;UNKNOWN
2016-04-08T04:15:25.000000;2016-04-08T04:15:25.000000;a68d2f60-a099-41f0-9286-212289beb1a1;422.49;0.47433267;UNKNOWN
2016-04-08T04:18:57.000000;2016-04-08T04:18:57.000000;1be849d8-9aaa-4d48-a24c-4c00db0a159a;422.49;6.25123021;UNKNOWN
2016-04-08T04:18:57.000000;2016-04-08T04:18:57.000000;5ced9fa1-17bb-4b05-9ab6-74d3cdf9b154;422.43;4.60489961;UNKNOWN
2016-04-08T04:18:57.000000;2016-04-08T04:18:57.000000;f6b2212a-2700-48c6-8fff-fd98695aa81b;422.49;4.60288601;UNKNOWN
2016-04-08T04:18:57.000000;2016-04-08T04:18:57.000000;4f1d3c87-d1b6-4eb9-b983-e2d8d07a32e7;422.49;3.86301958;UNKNOWN
2016-04-08T04:18:57.000000;2016-04-08T04:18:57.000000;23d363b5-14dd-44b6-8c25-6347bca2a21f;422.49;4.60574797;UNKNOWN
2016-04-08T04:18:57.000000;2016-04-08T04:18:57.000000;4375810f-ee7e-4756-b1cd-39afeb435d02;422.45;0.01;UNKNOWN
2016-04-08T04:18:57.000000;2016-04-08T04:18:57.000000;20e3601f-c297-4e55-b8b4-02e91ee6fb4e;422.49;4.60452855;UNKNOWN
2016-04-08T04:18:57.000000;2016-04-08T04:18:57.000000;de4807ff-b2b8-4aca-a812-a69778b43405;422.49;4.60399857;UNKNOWN
2016-04-08T04:18:57.000000;2016-04-08T04:18:57.000000;086154f7-b7c2-42df-8603-3d950b534065;422.49;4.60187987;UNKNOWN
2016-04-08T04:18:57.000000;2016-04-08T04:18:57.000000;a11a91f4-4a39-4a14-9d8a-c0dae993fe7a;422.49;4.60580101;UNKNOWN
2016-04-08T04:18:57.000000;2016-04-08T04:18:57.000000;9f3137d5-79cf-43cf-b67c-34259c6f43f7;422.49;4.60574797;UNKNOWN
2016-04-08T04:18:57.000000;2016-04-08T04:18:57.000000;7d95418b-1a47-4618-b2af-b4ae2a0bd7fa;422.23;5.8407;UNKNOWN
2016-04-08T04:18:57.000000;2016-04-08T04:18:57.000000;cac86255-4e11-4eee-ab79-6ee4715e8418;422.49;4.6048466;UNKNOWN
2016-04-08T04:18:57.000000;2016-04-08T04:18:57.000000;4e7f7d59-f6ba-4874-a6c9-8394002214d8;422.48;0.3;UNKNOWN
2016-04-08T04:18:57.000000;2016-04-08T04:18:57.000000;5803ffe9-9a3e-41f0-8698-d1a4b3e69f22;422.38;0.296;UNKNOWN
2016-04-08T04:18:57.000000;2016-04-08T04:18:57.000000;a632a05c-9de7-42a6-9777-d99ce534244d;422.21;0.99861405;UNKNOWN
2016-04-08T04:23:02.000000;2016-04-08T04:23:02.000000;3cc838d5-2b76-4d6d-89e0-e87bede5352c;422.4;0.01;UNKNOWN
2016-04-08T04:23:02.000000;2016-04-08T04:23:02.000000;1afb11d6-0ec9-44e0-83a2-744c6f453724;422.48;0.01;UNKNOWN
2016-04-08T04:23:02.000000;2016-04-08T04:23:02.000000;2a0accc6-ca77-4880-b139-8083a57aa930;422.22;0.07132384;UNKNOWN
2016-04-08T04:23:02.000000;2016-04-08T04:23:02.000000;5ce76f66-bc74-4ecb-b8be-c4cc52416e8d;422.4;0.059;UNKNOWN
2016-04-08T04:27:18.000000;2016-04-08T04:27:18.000000;03230fca-d6ef-4a4d-9eaf-6c351f07a0a6;422.28;0.296;UNKNOWN
2016-04-08T04:27:18.000000;2016-04-08T04:27:18.000000;be75713d-f956-41a2-b10f-d647d06e315b;422.23;0.10563316;UNKNOWN
2016-04-08T04:27:18.000000;2016-04-08T04:27:18.000000;851615dd-0584-499d-9f39-880b92b172d0;422.28;0.01;UNKNOWN
2016-04-08T04:27:18.000000;2016-04-08T04:27:18.000000;49130b77-4fc1-492f-9206-4a07847c61da;422.49;0.03480784;UNKNOWN
2016-04-08T04:27:34.000000;2016-04-08T04:27:34.000000;7780fce6-5aa4-4a92-9488-5fa87152dafe;422.5;2.07808776;UNKNOWN
2016-04-08T04:30:37.000000;2016-04-08T04:30:37.000000;5f943084-96ad-4cd7-bc0a-f152470f23b3;422.49;0.01;UNKNOWN
2016-04-08T04:30:37.000000;2016-04-08T04:30:37.000000;9d90853a-8e10-487c-85a4-7374a37b5754;422.27;0.00388297;UNKNOWN
2016-04-08T04:30:37.000000;2016-04-08T04:30:37.000000;7a15c980-ba16-4b6e-b45f-535b7a1c2326;422.45;0.01;UNKNOWN
2016-04-08T04:30:37.000000;2016-04-08T04:30:37.000000;454069e1-d3c6-45b3-a0c9-d0f492507b3f;422.48;0.237;UNKNOWN
2016-04-08T04:34:14.000000;2016-04-08T04:34:14.000000;652df5c1-c851-45a8-9308-db0d412b81a9;422.24;0.1628554;UNKNOWN
2016-04-08T04:34:14.000000;2016-04-08T04:34:14.000000;1e8e493c-98f2-4910-b7dc-d8023f13e438;422.28;0.01560106;UNKNOWN
2016-04-08T04:35:18.000000;2016-04-08T04:35:18.000000;b8f7749f-1b26-4493-a1a7-a30b2c1376c5;422.25;0.03516124;UNKNOWN
2016-04-08T04:36:37.000000;2016-04-08T04:36:37.000000;63b5e3b6-98fa-498b-a9f0-9acf9b81947e;422.26;0.03559601;UNKNOWN
2016-04-08T04:37:58.000000;2016-04-08T04:37:58.000000;d9d13593-f92f-4945-afa1-5c6b4e19eb92;422.29;0.0499;UNKNOWN
2016-04-08T04:38:06.000000;2016-04-08T04:38:06.000000;90f636b4-8133-441e-84f6-61c75d0d6e43;422.32;0.11865056;UNKNOWN
2016-04-08T04:39:25.000000;2016-04-08T04:39:25.000000;ff55102a-28e4-450b-b2d5-f3f9f2bc210e;422.35;0.22540937;UNKNOWN
2016-04-08T04:41:01.000000;2016-04-08T04:41:01.000000;12e01912-8820-4895-9654-7c95711ff534;422.36;0.04744786;UNKNOWN
2016-04-08T04:42:48.000000;2016-04-08T04:42:48.000000;d9ba4ed4-3c86-4896-818a-561c769438f9;422.02;18.0;UNKNOWN
2016-04-08T04:42:48.000000;2016-04-08T04:42:48.000000;5a816115-47a8-4edb-96b8-e59fa7642ae2;422.05;4.6054298;UNKNOWN
2016-04-08T04:42:48.000000;2016-04-08T04:42:48.000000;acc933eb-f91b-4d37-8a88-fb7073e1a0ba;422.29;4.60638445;UNKNOWN
2016-04-08T04:42:48.000000;2016-04-08T04:42:48.000000;e4bb4bf4-ffed-4629-b637-9c4220607817;422.11;13.9464;UNKNOWN
2016-04-08T04:42:48.000000;2016-04-08T04:42:48.000000;18eb9f05-1bae-411f-8183-739d0069e285;422.01;4.17;UNKNOWN
2016-04-08T04:42:48.000000;2016-04-08T04:42:48.000000;71637759-8c75-4b4f-865d-6af6657a82f0;422.01;4.6054298;UNKNOWN
2016-04-08T04:42:48.000000;2016-04-08T04:42:48.000000;c2701339-56a9-47d7-9e42-cddd209666f4;422.21;5.00138595;UNKNOWN
2016-04-08T04:42:48.000000;2016-04-08T04:42:48.000000;9b507f5a-1df9-41da-a220-d5679c460b0d;422.2;4.60537678;UNKNOWN
2016-04-08T04:42:48.000000;2016-04-08T04:42:48.000000;1dfd9221-af97-41bf-8dcf-bf17ff0ff5cd;422.34;4.60537678;UNKNOWN
2016-04-08T04:42:48.000000;2016-04-08T04:42:48.000000;8f854cb6-be35-4812-bf0d-5d59efc80b4f;422.0;30.0;UNKNOWN
2016-04-08T04:42:48.000000;2016-04-08T04:42:48.000000;d1a7a873-81e6-4ed9-b1b2-658e31ebda49;422.21;13.4065;UNKNOWN
2016-04-08T04:42:48.000000;2016-04-08T04:42:48.000000;e468e21c-4aa1-4fad-9166-0a7e3890066a;422.35;0.118;UNKNOWN
2016-04-08T04:42:48.000000;2016-04-08T04:42:48.000000;7690ee40-6b29-4bcf-917d-37e88cda68f5;422.06;0.0306;UNKNOWN
2016-04-08T04:42:48.000000;2016-04-08T04:42:48.000000;9206d64e-cfc4-4a4c-918f-8bfcaf9af0ef;422.12;4.85620432;UNKNOWN
2016-04-08T04:42:48.000000;2016-04-08T04:42:48.000000;d2d055e3-8499-448d-b88a-f294e4d70c14;422.11;4.6054298;UNKNOWN
2016-04-08T04:42:48.000000;2016-04-08T04:42:48.000000;dd3d88f0-e6b9-4489-b520-b3c8cb2ae537;422.31;5.8896;UNKNOWN
2016-04-08T04:42:48.000000;2016-04-08T04:42:48.000000;5eb0b388-4a17-4029-add6-a45934ea15af;422.25;4.60537678;UNKNOWN
2016-04-08T04:42:48.000000;2016-04-08T04:42:48.000000;d8384acf-a427-4398-9dc7-a0a1e47d1b2b;422.15;4.6054298;UNKNOWN
2016-04-08T04:42:48.000000;2016-04-08T04:42:48.000000;7fd23cbb-f78a-4ae7-bad9-e744a3c7c4d6;422.01;18.0;UNKNOWN
2016-04-08T04:42:48.000000;2016-04-08T04:42:48.000000;8342ef9a-3c68-469a-b883-65b8eec890cb;422.29;4.296;UNKNOWN
2016-04-08T04:42:48.000000;2016-04-08T04:42:48.000000;d97d4f38-8974-40f6-a279-c205d82c5b7d;422.26;13.6101;UNKNOWN
2016-04-08T04:42:48.000000;2016-04-08T04:42:48.000000;4444d882-b2e2-45ba-bb12-476720dbfd12;422.01;9.99;UNKNOWN
2016-04-08T04:43:05.000000;2016-04-08T04:43:05.000000;75a1aecb-1680-45c5-8ff6-31b3ca0c81fe;421.98;0.01;UNKNOWN
2016-04-08T04:43:05.000000;2016-04-08T04:43:05.000000;9c238b1b-343a-4168-b087-e566bfe63b18;422.49;9.99;UNKNOWN
2016-04-08T04:43:05.000000;2016-04-08T04:43:05.000000;4eca1a2f-8c05-4100-9530-858ad422a25e;422.0;22.48397574;UNKNOWN
2016-04-08T04:43:05.000000;2016-04-08T04:43:05.000000;29286a4d-6a4a-4867-842d-2afa63880f77;422.5;2.51602426;UNKNOWN
2016-04-08T04:43:07.000000;2016-04-08T04:43:07.000000;925fb2c4-5c41-4592-98dd-f33d8a66c2b6;422.01;0.01;UNKNOWN
2016-04-08T04:43:09.000000;2016-04-08T04:43:09.000000;94441f11-0cf6-4400-97bd-0bfdcc40aff4;422.02;0.01;UNKNOWN
2016-04-08T04:43:25.000000;2016-04-08T04:43:25.000000;d7121f0e-b0b0-4bac-a378-06f166cfc165;422.02;0.02979758;UNKNOWN
2016-04-08T04:44:32.000000;2016-04-08T04:44:32.000000;7e825bb2-5cb2-48f1-9447-69a4088f4152;422.14;5.8521;UNKNOWN
2016-04-08T04:44:32.000000;2016-04-08T04:44:32.000000;8a65e16f-693c-4d57-8015-aa958ee39d5f;422.15;0.01;UNKNOWN
2016-04-08T04:44:32.000000;2016-04-08T04:44:32.000000;06fd5b0f-1566-4a09-845d-aea3c1ec8d3f;422.15;0.118;UNKNOWN
2016-04-08T04:44:32.000000;2016-04-08T04:44:32.000000;c6046a38-9570-4324-a897-0e5aa5fb6f3e;422.12;9.612697;UNKNOWN
2016-04-08T04:47:17.000000;2016-04-08T04:47:17.000000;2d6a5243-9b7a-4ec2-914d-1a25e2a43935;422.14;0.6880406;UNKNOWN
2016-04-08T04:47:52.000000;2016-04-08T04:47:52.000000;5c2d8b67-5d1c-45ff-b113-c33a56b08952;422.21;0.18625355;UNKNOWN
2016-04-08T04:56:22.000000;2016-04-08T04:56:22.000000;becbb413-12e4-466c-8950-3661a0196ffe;422.38;0.05930842;UNKNOWN
2016-04-08T04:57:23.000000;2016-04-08T04:57:23.000000;ca88b7c1-d3fe-4d53-963a-e5d55dbcb2c6;422.38;0.15;UNKNOWN
2016-04-08T04:57:33.000000;2016-04-08T04:57:33.000000;cef02873-aa33-4fdb-b592-19c5876905c4;422.38;0.39669158;UNKNOWN
2016-04-08T04:57:33.000000;2016-04-08T04:57:33.000000;fce1152e-9f2e-451b-a550-8d5bbb9f54ea;422.38;0.42419836;UNKNOWN
2016-04-08T04:57:33.000000;2016-04-08T04:57:33.000000;fb1d2761-3cf7-4406-81b3-3808b3bb4838;422.38;0.01;UNKNOWN
2016-04-08T04:57:33.000000;2016-04-08T04:57:33.000000;fbc6ce77-04a2-4133-b0a3-a9105456dcee;422.39;0.118;UNKNOWN
2016-04-08T05:10:13.000000;2016-04-08T05:10:13.000000;a45d06f6-e00e-4a16-a2ae-0cff140d9703;422.18;0.01;UNKNOWN
2016-04-08T05:10:13.000000;2016-04-08T05:10:13.000000;72d88312-85c5-49ab-86ef-56045ae95faf;422.17;0.55985575;UNKNOWN
2016-04-08T05:10:13.000000;2016-04-08T05:10:13.000000;2c900227-65a3-45c3-9924-b43e14933166;422.18;0.118;UNKNOWN
2016-04-08T05:11:17.000000;2016-04-08T05:11:17.000000;69d931c4-f1fe-45ba-9a9b-455f5f501255;422.19;0.0572;UNKNOWN
2016-04-08T05:19:34.000000;2016-04-08T05:19:34.000000;6296cbf7-04b2-4dd1-8f56-38f2ba9842d3;422.22;0.17;UNKNOWN
2016-04-08T05:24:14.000000;2016-04-08T05:24:14.000000;2fa080ce-5259-49b0-ad42-d5d2eb995e08;422.27;0.118;UNKNOWN
2016-04-08T05:24:14.000000;2016-04-08T05:24:14.000000;375e15cc-d922-4316-bf25-8ea69ae99902;422.26;0.25821109;UNKNOWN
2016-04-08T05:24:22.000000;2016-04-08T05:24:22.000000;c2f8a7c8-7c4b-4eaa-be71-a40e97571d53;422.42;3.0;UNKNOWN
2016-04-08T05:24:22.000000;2016-04-08T05:24:22.000000;47227cd7-f3fb-4f50-a242-adcc872edb9e;422.45;4.99;UNKNOWN
2016-04-08T05:24:22.000000;2016-04-08T05:24:22.000000;a711bd6f-ca82-44c8-bcc0-3b3c6bdd52d3;422.42;0.01;UNKNOWN
2016-04-08T05:25:17.000000;2016-04-08T05:25:17.000000;2521cdb9-5b31-42f5-83ac-193f28a39c52;422.35;0.04508507;UNKNOWN
2016-04-08T05:25:30.000000;2016-04-08T05:25:30.000000;8eefdf6e-a721-437b-8037-8245f6bdb885;422.29;0.167809;UNKNOWN
2016-04-08T05:25:30.000000;2016-04-08T05:25:30.000000;5538bc2e-2da9-4578-856f-096ec55ea905;422.29;0.29735222;UNKNOWN
2016-04-08T05:31:18.000000;2016-04-08T05:31:18.000000;365ea7b1-278e-4475-841f-5a7f0823b930;422.27;0.118;UNKNOWN
2016-04-08T05:31:18.000000;2016-04-08T05:31:18.000000;cd9caf68-76d6-4b44-9ee0-f0b3a1ccc6ca;422.26;0.16577377;UNKNOWN
2016-04-08T05:31:18.000000;2016-04-08T05:31:18.000000;9ba4324b-4475-4ff9-bbca-8249115921a0;422.27;0.01;UNKNOWN
2016-04-08T05:32:13.000000;2016-04-08T05:32:13.000000;24f2686e-3139-4926-9ec4-6364b92fba2b;422.26;0.22437;UNKNOWN
2016-04-08T05:32:13.000000;2016-04-08T05:32:13.000000;a4d93b14-921f-43bc-b817-a1f3b86cc44b;422.27;0.237;UNKNOWN
2016-04-08T05:40:06.000000;2016-04-08T05:40:06.000000;7a632aee-5650-42e3-9467-fa073612c7ba;422.41;0.237964;UNKNOWN
2016-04-08T05:42:04.000000;2016-04-08T05:42:04.000000;d5aa08a5-bff7-49b7-8cd2-7a04e8d505b2;422.36;0.04;UNKNOWN
2016-04-08T05:42:05.000000;2016-04-08T05:42:05.000000;ea593589-c238-4a1f-b379-c1e2b01490e1;422.36;0.02361219;UNKNOWN
2016-04-08T05:46:01.000000;2016-04-08T05:46:01.000000;17132f60-6e9b-4bfa-90d4-bdaf7afa8e21;422.31;0.118;UNKNOWN
2016-04-08T05:46:01.000000;2016-04-08T05:46:01.000000;336d0048-d9db-49ad-a88c-0760bad15808;422.3;1.0221;UNKNOWN
2016-04-08T05:49:33.000000;2016-04-08T05:49:33.000000;76174613-e361-4319-8d85-d01b1755fbcd;422.16;0.02373517;UNKNOWN
2016-04-08T06:01:17.000000;2016-04-08T06:01:17.000000;c75ced92-b7fe-49fd-b4f1-b533cd2d8dda;422.27;0.01;UNKNOWN
2016-04-08T06:01:17.000000;2016-04-08T06:01:17.000000;10b5fd4f-1453-4f7b-a4af-8436539f69d6;422.27;0.0003;UNKNOWN
2016-04-08T06:02:40.000000;2016-04-08T06:02:40.000000;fee0a85f-9b2c-45ef-8e36-4298d92c18a1;422.02;5.56371649;UNKNOWN
2016-04-08T06:06:00.000000;2016-04-08T06:06:00.000000;6c6a0f27-a67d-4563-abe0-c9df8ee3f1b3;422.03;0.19841194;UNKNOWN
2016-04-08T06:06:00.000000;2016-04-08T06:06:00.000000;5190d4ab-f632-4fea-a436-0ac3222ec463;422.03;0.04427011;UNKNOWN
2016-04-08T06:06:17.000000;2016-04-08T06:06:17.000000;54b9c197-064e-4bad-b4e8-d863fea90862;422.25;0.2;UNKNOWN
2016-04-08T06:10:15.000000;2016-04-08T06:10:15.000000;0d209f4d-71d5-4df5-9621-222545a38e8a;422.18;0.05535647;UNKNOWN
2016-04-08T06:15:19.000000;2016-04-08T06:15:19.000000;5cb2b3b3-766d-4af9-a4db-34c8950e960c;422.2;0.2;UNKNOWN
2016-04-08T06:22:03.000000;2016-04-08T06:22:03.000000;4ca69a27-ab59-47cd-b556-cfff0104513e;422.19;0.29691011;UNKNOWN
2016-04-08T06:31:35.000000;2016-04-08T06:31:35.000000;743b924b-5295-4a75-be2c-b1cad21c50e4;422.15;0.2;UNKNOWN
2016-04-08T06:31:35.000000;2016-04-08T06:31:35.000000;dd2f4394-ac97-4d8c-b2a7-55853a3c3330;422.17;0.01;UNKNOWN
2016-04-08T06:31:35.000000;2016-04-08T06:31:35.000000;998a12fa-cb94-4d07-812a-7f8b53f33c5f;422.17;0.2;UNKNOWN
2016-04-08T06:33:27.000000;2016-04-08T06:33:27.000000;716f4dd0-aa15-45b3-9619-9d56b414fe88;422.03;0.986649;UNKNOWN
2016-04-08T06:33:27.000000;2016-04-08T06:33:27.000000;788de31e-d5db-4e94-8adc-63116dba6141;422.18;0.84376121;UNKNOWN
2016-04-08T06:33:27.000000;2016-04-08T06:33:27.000000;2b4fb8cc-9158-4146-93c7-08ffcc146314;422.1;15.0;UNKNOWN
2016-04-08T06:33:27.000000;2016-04-08T06:33:27.000000;093c423a-169b-4ec7-ba1a-1bf094a4bd5f;422.12;3.15958979;UNKNOWN
2016-04-08T06:33:27.000000;2016-04-08T06:33:27.000000;4adae744-d8e4-4122-814b-415147f2aea0;422.08;0.01;UNKNOWN
2016-04-08T06:38:30.000000;2016-04-08T06:38:30.000000;8b8564c9-5a8f-4920-a68d-1c084da1d91a;422.03;0.02611673;UNKNOWN
2016-04-08T06:40:09.000000;2016-04-08T06:40:09.000000;0457ba9f-28a9-4575-9bd4-aa7afd111f2a;422.03;0.979577;UNKNOWN
2016-04-08T06:45:04.000000;2016-04-08T06:45:04.000000;dae4f24e-9458-444b-8035-5dd83735d7dd;422.13;0.24306045;UNKNOWN
2016-04-08T06:46:13.000000;2016-04-08T06:46:13.000000;afff0021-0906-468d-af7d-ff4521d3848e;422.11;0.03901843;UNKNOWN
2016-04-08T06:47:18.000000;2016-04-08T06:47:18.000000;7da15681-e86b-438e-b7dd-b45b7926fa5b;422.11;0.286;UNKNOWN
2016-04-08T06:50:56.000000;2016-04-08T06:50:56.000000;ada73525-9893-4b14-a13a-fa786f6000a7;422.13;0.302697;UNKNOWN
2016-04-08T06:51:53.000000;2016-04-08T06:51:53.000000;b29dee0d-37a7-4e1e-924e-4b9aded7883f;422.13;0.40495955;UNKNOWN
2016-04-08T06:53:10.000000;2016-04-08T06:53:10.000000;68ff2785-4356-41d0-823c-5d7060fcc93e;422.16;0.56971034;UNKNOWN
2016-04-08T06:54:15.000000;2016-04-08T06:54:15.000000;8c5fa6be-77c4-49dd-8ba9-f92cd84aee08;422.18;0.2542329;UNKNOWN
2016-04-08T06:54:20.000000;2016-04-08T06:54:20.000000;4608aca0-004d-42f1-b63a-c4ff2c03c792;422.18;0.25;UNKNOWN
2016-04-08T06:54:26.000000;2016-04-08T06:54:26.000000;6bfb9b6a-07cd-4dc1-8d72-3ad03b9ae8cd;422.18;0.11344461;UNKNOWN
2016-04-08T06:54:36.000000;2016-04-08T06:54:36.000000;3c0697c1-45f4-4494-8605-2fcd4b8dd97c;422.18;0.05062162;UNKNOWN
2016-04-08T06:54:45.000000;2016-04-08T06:54:45.000000;6dc06ffe-4109-431c-bae4-10baebbb0b91;422.19;0.4056526;UNKNOWN
2016-04-08T06:55:00.000000;2016-04-08T06:55:00.000000;2bf2de00-eb5e-4dda-b84e-e53432a1c08d;422.17;0.02258854;UNKNOWN
2016-04-08T06:55:00.000000;2016-04-08T06:55:00.000000;97fa8f0d-ac0b-40a9-a0bb-70cec37d642a;422.18;0.02803308;UNKNOWN
2016-04-08T06:56:44.000000;2016-04-08T06:56:44.000000;eceb8c59-0e94-4190-8796-ba9aecddf661;422.09;0.36781;UNKNOWN
2016-04-08T06:56:44.000000;2016-04-08T06:56:44.000000;330274b2-0899-4a48-b6d3-535d8b657a5c;422.1;0.118;UNKNOWN
2016-04-08T06:56:44.000000;2016-04-08T06:56:44.000000;dceaf271-e547-4580-a019-6335009ca6bb;422.1;0.01;UNKNOWN
2016-04-08T06:58:04.000000;2016-04-08T06:58:04.000000;9be8204d-2857-4905-8994-4a614e326b2f;422.16;0.24349399;UNKNOWN
2016-04-08T06:58:04.000000;2016-04-08T06:58:04.000000;efdf75a5-1ad6-4588-a436-535ece18386d;422.09;0.01;UNKNOWN
2016-04-08T06:58:04.000000;2016-04-08T06:58:04.000000;bf87da64-9b0b-42cb-a2ba-d03e5b47bf10;422.09;0.10124324;UNKNOWN
2016-04-08T07:00:09.000000;2016-04-08T07:00:09.000000;63653208-95e0-4ba0-8a52-edec63956e5a;422.16;0.21596311;UNKNOWN
2016-04-08T07:04:13.000000;2016-04-08T07:04:13.000000;64f93c3e-dcf1-42ff-9116-783850a990c2;422.02;0.09865943;UNKNOWN
2016-04-08T07:05:37.000000;2016-04-08T07:05:37.000000;e7d62e0d-57a8-4c46-a52e-e8f0060df464;422.15;0.162646;UNKNOWN
2016-04-08T07:05:42.000000;2016-04-08T07:05:42.000000;5a0ddef9-20df-481f-918b-af3fd48a3cd3;422.15;0.01;UNKNOWN
2016-04-08T07:05:50.000000;2016-04-08T07:05:50.000000;86553989-9d31-4da5-98a8-c69bcce8a4fc;422.16;19.5405429;UNKNOWN
2016-04-08T07:05:50.000000;2016-04-08T07:05:50.000000;59f4a231-a0aa-4aed-9de1-dc8b0a34b9e6;422.21;6.49996566;UNKNOWN
2016-04-08T07:05:50.000000;2016-04-08T07:05:50.000000;59e432a4-746c-4be1-b1fd-395972c0079e;422.17;0.01;UNKNOWN
2016-04-08T07:05:50.000000;2016-04-08T07:05:50.000000;5312a395-5e09-496a-8cb1-07b185c9eb75;422.2;9.8;UNKNOWN
2016-04-08T07:05:50.000000;2016-04-08T07:05:50.000000;2453ec04-7304-4a1d-bd2c-9cdde466637a;422.15;2.437354;UNKNOWN
2016-04-08T07:05:58.000000;2016-04-08T07:05:58.000000;1e48303a-13d1-4fee-92ae-5a5c8065b950;422.43;2.37564;UNKNOWN
2016-04-08T07:06:44.000000;2016-04-08T07:06:44.000000;da59e6bd-08a1-4fd3-b218-90fe2e96b1e6;422.43;2.61;UNKNOWN
2016-04-08T07:06:44.000000;2016-04-08T07:06:44.000000;421187ff-6214-44a5-b744-ea2cebeb9df1;422.5;25.40564;UNKNOWN
2016-04-08T07:06:44.000000;2016-04-08T07:06:44.000000;9f5c7009-65ec-403f-9869-72b5a83a3a4a;422.43;1.79436;UNKNOWN
2016-04-08T07:06:44.000000;2016-04-08T07:06:44.000000;98d94016-d936-43b2-9652-b9040c67a45a;422.45;1.1;UNKNOWN
2016-04-08T07:06:44.000000;2016-04-08T07:06:44.000000;f9c85dea-3d86-40af-b240-42ba334ecb19;422.46;0.01;UNKNOWN
2016-04-08T07:06:44.000000;2016-04-08T07:06:44.000000;d63830c1-4fe7-4a95-8893-4b2416cbd4b3;422.45;0.01;UNKNOWN
2016-04-08T07:06:45.000000;2016-04-08T07:06:45.000000;b1403d5e-a458-43d3-aa4c-8a704946f3f0;422.5;19.88751102;UNKNOWN
2016-04-08T07:06:45.000000;2016-04-08T07:06:45.000000;f15044c7-328f-4c2e-86cb-56e43fdadc81;422.5;9.58248898;UNKNOWN
2016-04-08T07:06:46.000000;2016-04-08T07:06:46.000000;2b1e2bab-a4e0-46ee-ba31-7949147d9baa;422.46;0.01;UNKNOWN
2016-04-08T07:06:46.000000;2016-04-08T07:06:46.000000;ee414388-2857-4c70-ae60-764385eef6db;422.5;14.11248898;UNKNOWN
2016-04-08T07:06:46.000000;2016-04-08T07:06:46.000000;ecef56f7-6755-4614-b1b7-de803e715078;422.5;0.11;UNKNOWN
2016-04-08T07:06:51.000000;2016-04-08T07:06:51.000000;6b51edc6-e0b7-42cd-8e5a-c29d5ea33e0e;422.5;2.09;UNKNOWN
2016-04-08T07:06:51.000000;2016-04-08T07:06:51.000000;3c4e84c5-ff50-4796-b865-acd9250f8322;422.6;2.6032;UNKNOWN
2016-04-08T07:06:51.000000;2016-04-08T07:06:51.000000;9270767f-c3cb-42fd-9865-1b9fe501ade6;422.52;0.01;UNKNOWN
2016-04-08T07:07:01.000000;2016-04-08T07:07:01.000000;72525a46-2aa0-4a22-9afc-12e0343ab9e6;422.59;0.01;UNKNOWN
2016-04-08T07:07:01.000000;2016-04-08T07:07:01.000000;3853ed0d-a6fb-48bd-ad64-5525f860c0c5;422.6;12.8565;UNKNOWN
2016-04-08T07:07:01.000000;2016-04-08T07:07:01.000000;ad90f901-668f-4ada-b937-00d69ded786a;422.59;2.1;UNKNOWN
2016-04-08T07:07:09.000000;2016-04-08T07:07:09.000000;02da1ed7-bf1b-4eaf-babc-81d83d22a6c6;422.6;14.9665;UNKNOWN
2016-04-08T07:07:23.000000;2016-04-08T07:07:23.000000;003605f8-1acb-45d3-b646-ac75200bc09d;422.59;2.09;UNKNOWN
2016-04-08T07:07:23.000000;2016-04-08T07:07:23.000000;8eeddfc0-c92a-457f-9885-e5e289469aa1;422.6;2.89883;UNKNOWN
2016-04-08T07:07:27.000000;2016-04-08T07:07:27.000000;b359737c-7371-4cb7-96f8-03e8a1008789;422.6;4.98883;UNKNOWN
2016-04-08T07:07:31.000000;2016-04-08T07:07:31.000000;aa8e03a6-6330-43df-b1a9-7bdd4623d485;422.6;1.42538;UNKNOWN
2016-04-08T07:09:36.000000;2016-04-08T07:09:36.000000;0054c025-06f8-4ae5-b3d9-7c14ba176a28;422.65;0.01;UNKNOWN
2016-04-08T07:09:36.000000;2016-04-08T07:09:36.000000;f4ca2fe8-ab02-4746-872a-a654d673cd81;422.6;0.26076;UNKNOWN
2016-04-08T07:09:36.000000;2016-04-08T07:09:36.000000;b67dd42d-a3fe-4351-867e-adde36079cab;422.65;0.01;UNKNOWN
2016-04-08T07:09:36.000000;2016-04-08T07:09:36.000000;512b1762-36e6-479b-8256-8d8c745365da;422.59;1.47;UNKNOWN
2016-04-08T07:09:36.000000;2016-04-08T07:09:36.000000;606860b4-9bcc-4c8d-92da-836d46c7c92d;422.7;0.61488;UNKNOWN
2016-04-08T07:09:36.000000;2016-04-08T07:09:36.000000;9e545ba8-54f8-41a2-84c4-9470ea7b618f;422.65;0.01;UNKNOWN
2016-04-08T07:09:43.000000;2016-04-08T07:09:43.000000;8b068b4c-4ffd-41ae-b4ca-e3ab8c1d7179;422.69;1.47;UNKNOWN
2016-04-08T07:09:43.000000;2016-04-08T07:09:43.000000;09dfe65c-c812-4e13-b12e-0eeabd5b5fab;422.7;2.53;UNKNOWN
2016-04-08T07:11:07.000000;2016-04-08T07:11:07.000000;108b4c74-c637-4383-a588-3312e5c66ecf;422.69;1.18;UNKNOWN
2016-04-08T07:11:07.000000;2016-04-08T07:11:07.000000;3b3df368-7f57-4fec-9260-9dd58df8a0e3;422.7;0.72051;UNKNOWN
2016-04-08T07:11:45.000000;2016-04-08T07:11:45.000000;5ef55aa0-29e5-4272-b1b0-9cfba643732c;422.68;1.8;UNKNOWN
2016-04-08T07:11:54.000000;2016-04-08T07:11:54.000000;dd3707cf-0ba2-41c5-8051-4a980a182930;422.69;1.07;UNKNOWN
2016-04-08T07:11:54.000000;2016-04-08T07:11:54.000000;c92fe66e-c050-4392-9330-bd24eca02f9a;422.7;13.6589;UNKNOWN
2016-04-08T07:12:00.000000;2016-04-08T07:12:00.000000;73951b81-b17b-4de1-b8a4-302e9c68676e;422.7;14.7289;UNKNOWN
2016-04-08T07:12:04.000000;2016-04-08T07:12:04.000000;41c0fad2-707a-42b1-aa96-3118e733a191;422.7;4.75127;UNKNOWN
2016-04-08T07:12:19.000000;2016-04-08T07:12:19.000000;8c74d2b8-4688-4f0f-97a5-81387cd0fa54;422.7;2.99554;UNKNOWN
2016-04-08T07:12:19.000000;2016-04-08T07:12:19.000000;a9d20f48-845f-44ca-877f-f252a4cae598;422.72;0.01;UNKNOWN
2016-04-08T07:12:19.000000;2016-04-08T07:12:19.000000;4ef913a8-fbc5-48de-8357-e4aa9cdedebd;422.8;11.72336;UNKNOWN
2016-04-08T07:12:22.000000;2016-04-08T07:12:22.000000;421c1942-fbf5-4ec0-8859-945f06cc0fe1;422.72;0.01;UNKNOWN
2016-04-08T07:12:22.000000;2016-04-08T07:12:22.000000;59e1b48b-858a-4f9a-887b-bc7c74d0c480;422.8;14.7189;UNKNOWN
2016-04-08T07:12:26.000000;2016-04-08T07:12:26.000000;c85cf61d-1370-49b4-b4dd-ec61810d55da;422.8;4.98883;UNKNOWN
2016-04-08T07:12:30.000000;2016-04-08T07:12:30.000000;37340028-e0e4-4aae-9e4a-9ac38637c533;422.79;1.07;UNKNOWN
2016-04-08T07:12:30.000000;2016-04-08T07:12:30.000000;b55d52b3-7cd8-44f2-b239-6f70c638f08b;422.8;1.06807;UNKNOWN
2016-04-08T07:12:32.000000;2016-04-08T07:12:32.000000;6d80881b-7477-41e6-8f4e-761804b8f029;422.71;1.7;UNKNOWN
2016-04-08T07:12:36.000000;2016-04-08T07:12:36.000000;7528ac42-71c7-4175-aac0-f2fa01ba93d3;422.8;4.75127;UNKNOWN
2016-04-08T07:12:41.000000;2016-04-08T07:12:41.000000;fe2307a5-abee-421d-a2f8-858c0a1abdaf;422.8;2.13807;UNKNOWN
2016-04-08T07:12:58.000000;2016-04-08T07:12:58.000000;2ae410bb-3c5c-402b-9f37-0b2abd03698e;422.8;0.01;UNKNOWN
2016-04-08T07:12:58.000000;2016-04-08T07:12:58.000000;23a31690-d93e-4237-9291-5709d8fcc983;422.9;1.75414;UNKNOWN
2016-04-08T07:12:58.000000;2016-04-08T07:12:58.000000;66906e8e-7ea6-4316-aab9-e7f620c5855e;422.8;0.6115;UNKNOWN
2016-04-08T07:13:04.000000;2016-04-08T07:13:04.000000;f850440a-adbf-482a-a0c3-57f95e5a385f;422.75;0.0068;UNKNOWN
2016-04-08T07:13:04.000000;2016-04-08T07:13:04.000000;85d71f9a-2ad5-4035-b524-acd307119569;422.75;0.118;UNKNOWN
2016-04-08T07:13:06.000000;2016-04-08T07:13:06.000000;3c8dda2c-7cff-42be-9808-94b538e36007;422.9;3.68127;UNKNOWN
2016-04-08T07:13:06.000000;2016-04-08T07:13:06.000000;392edadc-c239-4e12-a6e4-617f9b7343e2;422.8;1.07;UNKNOWN
2016-04-08T07:13:29.000000;2016-04-08T07:13:29.000000;06fd53d3-332c-42c3-8664-dbf86c988988;422.88;0.5;UNKNOWN
2016-04-08T07:13:29.000000;2016-04-08T07:13:29.000000;4ea55401-1e03-49d7-993e-13166a66bf49;422.89;0.5;UNKNOWN
2016-04-08T07:15:18.000000;2016-04-08T07:15:18.000000;e0b1a251-bc06-4560-afa1-4dca62148ebe;422.85;4.5938993;UNKNOWN
2016-04-08T07:15:18.000000;2016-04-08T07:15:18.000000;482e2065-4ee3-47e0-8d0c-e2e9db543654;422.85;4.5938993;UNKNOWN
2016-04-08T07:15:18.000000;2016-04-08T07:15:18.000000;5fcfb1ff-6d59-401a-adaf-7161f7a1a5c3;422.85;4.5938993;UNKNOWN
2016-04-08T07:15:18.000000;2016-04-08T07:15:18.000000;f11c958c-c95e-48f8-9aba-429cdd83608e;422.86;0.118;UNKNOWN
2016-04-08T07:15:18.000000;2016-04-08T07:15:18.000000;f9a86cdb-a6ef-4fb9-8a3e-9f1577af3c5f;422.85;0.237;UNKNOWN
2016-04-08T07:15:18.000000;2016-04-08T07:15:18.000000;1e50acc3-bf0d-4a7f-a770-ace175842fdb;422.87;0.118;UNKNOWN
2016-04-08T07:15:18.000000;2016-04-08T07:15:18.000000;bf29f6b1-82ca-48e1-8ff3-9ec8a30938c4;422.85;4.59279161;UNKNOWN
2016-04-08T07:15:18.000000;2016-04-08T07:15:18.000000;4b717ef6-a0fe-4aae-8808-ab8eb26f06c0;422.85;4.59263342;UNKNOWN
2016-04-08T07:15:18.000000;2016-04-08T07:15:18.000000;6a1692b0-ddc5-406f-947a-b2f8c061d811;422.87;12.9519;UNKNOWN
2016-04-08T07:15:23.000000;2016-04-08T07:15:23.000000;f1fcb1cd-80ea-45b6-b227-8353667e0713;422.85;4.59316078;UNKNOWN
2016-04-08T07:16:03.000000;2016-04-08T07:16:03.000000;06668971-9eaf-4507-a5e7-e0f08504ceca;422.83;0.1;UNKNOWN
2016-04-08T07:18:40.000000;2016-04-08T07:18:40.000000;077f5082-ea35-4b35-98ec-27471468cdf0;422.64;0.0890143;UNKNOWN
2016-04-08T07:18:40.000000;2016-04-08T07:18:40.000000;3382dba0-2ff9-4ffd-ab6d-0815f27e17b8;422.65;0.118;UNKNOWN
2016-04-08T07:18:40.000000;2016-04-08T07:18:40.000000;b846d209-2234-45da-b0df-4cf908043a89;422.65;0.01;UNKNOWN
2016-04-08T07:18:42.000000;2016-04-08T07:18:42.000000;d6587396-4f81-4ccf-8809-e21c883b73ec;422.6;0.2170143;UNKNOWN
2016-04-08T07:18:42.000000;2016-04-08T07:18:42.000000;a380558e-54a6-44ff-af3f-c960a2c152de;422.64;0.1479857;UNKNOWN
2016-04-08T07:20:09.000000;2016-04-08T07:20:09.000000;aeddbd8a-9d12-4c02-8ff2-ef97e926d253;422.83;0.01;UNKNOWN
2016-04-08T07:20:09.000000;2016-04-08T07:20:09.000000;cf8664ca-9597-45b6-9b02-919c9cf441ec;422.83;0.22422457;UNKNOWN
2016-04-08T07:20:55.000000;2016-04-08T07:20:55.000000;bee8641f-2ef7-4003-b534-39de0f723038;422.72;0.01485;UNKNOWN
2016-04-08T07:21:04.000000;2016-04-08T07:21:04.000000;92e54776-b0d4-40b0-943d-f84fdf463027;422.72;0.07593789;UNKNOWN
2016-04-08T07:21:13.000000;2016-04-08T07:21:13.000000;25e18d24-503b-4ecf-9113-a6096e823479;422.84;0.76;UNKNOWN
2016-04-08T07:21:13.000000;2016-04-08T07:21:13.000000;830cba8b-69e5-4ecc-accb-4b8aa52a5c5c;422.83;0.5;UNKNOWN
2016-04-08T07:21:13.000000;2016-04-08T07:21:13.000000;179f033a-95e5-4745-ad1f-bf550646f6f8;422.84;3.0;UNKNOWN
2016-04-08T07:21:13.000000;2016-04-08T07:21:13.000000;28ea2b92-63e6-4932-b984-0738d7f1c1c0;422.85;1.516066;UNKNOWN
2016-04-08T07:21:13.000000;2016-04-08T07:21:13.000000;f45a9bc4-8b03-431b-a2b1-17bfa60bd831;422.83;0.01;UNKNOWN
2016-04-08T07:22:03.000000;2016-04-08T07:22:03.000000;c61a79db-70f6-46d7-8d5d-937ebf9312d6;422.72;0.118;UNKNOWN
2016-04-08T07:22:03.000000;2016-04-08T07:22:03.000000;8f6c8f87-eb09-4c99-a1a1-cdb31021123a;422.72;0.01;UNKNOWN
2016-04-08T07:22:06.000000;2016-04-08T07:22:06.000000;9d2c2a1d-ed44-4bc7-8df9-c384c5a6f170;422.72;0.01;UNKNOWN
2016-04-08T07:22:13.000000;2016-04-08T07:22:13.000000;2c70a3cc-94ed-4207-a1c7-bd151d7bcaf8;422.57;0.01441812;UNKNOWN
2016-04-08T07:22:13.000000;2016-04-08T07:22:13.000000;77f734df-2112-4ac7-bfa6-45aa7f4038dd;422.71;0.03011207;UNKNOWN
2016-04-08T07:22:13.000000;2016-04-08T07:22:13.000000;c45b2272-b060-4373-b397-76283672a6fe;422.68;0.01;UNKNOWN
2016-04-08T07:22:34.000000;2016-04-08T07:22:34.000000;e47cc242-993a-4268-8a0e-525088d50a0f;422.58;0.118;UNKNOWN
2016-04-08T07:22:34.000000;2016-04-08T07:22:34.000000;de137a4c-7f71-4c8c-9d03-6dd608ed1f2a;422.58;0.01;UNKNOWN
2016-04-08T07:22:34.000000;2016-04-08T07:22:34.000000;3e69d398-8253-4fa3-a008-f5862b86d27f;422.57;0.872;UNKNOWN
2016-04-08T07:23:03.000000;2016-04-08T07:23:03.000000;e264be16-e4f4-4fc0-b9a5-e629168c4f10;422.68;0.5;UNKNOWN
2016-04-08T07:23:03.000000;2016-04-08T07:23:03.000000;cda43ab8-cc30-4f1b-b900-dd7a6f566560;422.67;0.5;UNKNOWN
2016-04-08T07:25:01.000000;2016-04-08T07:25:01.000000;1ba36607-736a-4606-b2f7-4d2309aba723;422.57;2.99;UNKNOWN
2016-04-08T07:25:01.000000;2016-04-08T07:25:01.000000;b73f0292-c7f1-4dd6-9be9-39cefa21ccaa;422.69;0.01;UNKNOWN
2016-04-08T07:28:30.000000;2016-04-08T07:28:30.000000;4e15b978-092e-47c1-9e03-be4831cfc1b2;422.57;0.02371214;UNKNOWN
2016-04-08T07:28:51.000000;2016-04-08T07:28:51.000000;cad07fc4-4f6c-4490-9b48-8e6fe149f66a;422.69;0.68;UNKNOWN
2016-04-08T07:28:51.000000;2016-04-08T07:28:51.000000;2398a300-e14d-4b45-b62b-2a7835d05f74;422.69;0.01;UNKNOWN
2016-04-08T07:28:54.000000;2016-04-08T07:28:54.000000;a6b437cc-47de-471f-8415-6e557845c788;422.69;0.68;UNKNOWN
2016-04-08T07:28:54.000000;2016-04-08T07:28:54.000000;b1b6ffea-f98e-4d7c-af9b-3001e7a187ff;422.69;0.01;UNKNOWN
2016-04-08T07:29:24.000000;2016-04-08T07:29:24.000000;2d6ea600-253c-4a9d-8781-47e34782b0f1;422.69;0.69;UNKNOWN
2016-04-08T07:29:53.000000;2016-04-08T07:29:53.000000;a5c220d4-cb08-43f1-8ec6-62551f2b62e3;422.69;0.69;UNKNOWN
2016-04-08T07:30:04.000000;2016-04-08T07:30:04.000000;df5336c4-99bd-4d1f-8252-8654bba86ef5;422.69;0.69;UNKNOWN
2016-04-08T07:30:14.000000;2016-04-08T07:30:14.000000;3cb4b73c-6715-4f7b-baa0-d824338b8605;422.69;0.69;UNKNOWN
2016-04-08T07:30:23.000000;2016-04-08T07:30:23.000000;adc407ff-0fea-4c89-90c5-fbf2d76a41f3;422.69;0.69;UNKNOWN
2016-04-08T07:30:35.000000;2016-04-08T07:30:35.000000;1e038fdb-22aa-4200-a2be-fa60f8e75811;422.69;0.69;UNKNOWN
2016-04-08T07:34:30.000000;2016-04-08T07:34:30.000000;fdb34cbc-0d65-4a74-a430-beb83095622e;422.79;0.01;UNKNOWN
2016-04-08T07:34:30.000000;2016-04-08T07:34:30.000000;af0019b9-e6b6-41cb-b4b6-95f49c0a95da;422.78;0.01843707;UNKNOWN
2016-04-08T07:35:18.000000;2016-04-08T07:35:18.000000;3cdd7da2-17cd-436c-9c96-19aa365890c0;422.78;0.05303715;UNKNOWN
2016-04-08T07:36:03.000000;2016-04-08T07:36:03.000000;a762ed93-5183-4a86-8e81-a64ad437966c;422.78;0.0429;UNKNOWN
2016-04-08T07:37:41.000000;2016-04-08T07:37:41.000000;3bf9a98f-d7bc-4439-9d17-f5d7e0e754b2;422.87;14.7282;UNKNOWN
2016-04-08T07:37:44.000000;2016-04-08T07:37:44.000000;62626359-309e-4aeb-a29b-ef85b83093dd;422.87;5.2718;UNKNOWN
2016-04-08T07:37:44.000000;2016-04-08T07:37:44.000000;35cb0a56-bbef-49b4-bf03-63db94cc9d5c;422.88;9.4564;UNKNOWN
2016-04-08T07:37:49.000000;2016-04-08T07:37:49.000000;58cbb886-4c05-4cb5-9f22-67e73e452911;422.88;10.5436;UNKNOWN
2016-04-08T07:37:49.000000;2016-04-08T07:37:49.000000;d9d6ffb1-fe05-472e-8857-87b31a064464;422.89;4.1846;UNKNOWN
2016-04-08T07:38:42.000000;2016-04-08T07:38:42.000000;f2ee2d74-0def-4763-ab1e-2759eb962e82;422.9;4.0;UNKNOWN
2016-04-08T07:38:48.000000;2016-04-08T07:38:48.000000;a9758d93-cf3f-4312-ad47-5c58e56a9cd6;422.9;0.56459;UNKNOWN
2016-04-08T07:38:48.000000;2016-04-08T07:38:48.000000;60fdf9c4-4740-459c-b3ad-be6ac86eb51f;422.9;0.62317;UNKNOWN
2016-04-08T07:40:04.000000;2016-04-08T07:40:04.000000;4154fec1-2c86-40f7-857c-09123ac5f8a9;422.89;0.011;UNKNOWN
2016-04-08T07:42:24.000000;2016-04-08T07:42:24.000000;44babe6a-bc59-4c24-9d04-02086c5aa6dc;422.89;4.59073589;UNKNOWN
2016-04-08T07:42:24.000000;2016-04-08T07:42:24.000000;f958518b-b361-4a59-9f3f-045137b9fa6c;422.89;0.06518461;UNKNOWN
2016-04-08T07:42:24.000000;2016-04-08T07:42:24.000000;6ca42f9f-370e-4a21-ba5a-68dfd39029e6;422.89;4.58073717;UNKNOWN
2016-04-08T07:42:24.000000;2016-04-08T07:42:24.000000;41cb8ecb-b31b-4b9b-94a5-1dc71c674906;422.89;4.59010374;UNKNOWN
2016-04-08T07:42:24.000000;2016-04-08T07:42:24.000000;c67dd5c2-05ad-4908-b382-77e757996cf4;422.89;4.58957707;UNKNOWN
2016-04-08T07:42:24.000000;2016-04-08T07:42:24.000000;c0fd8eee-c633-414f-b94b-c5bd5a0684a3;422.89;4.59173717;UNKNOWN
2016-04-08T07:42:24.000000;2016-04-08T07:42:24.000000;61384ff4-b8ff-4e53-9a49-9fa98dcb1730;422.89;4.59073589;UNKNOWN
2016-04-08T07:42:24.000000;2016-04-08T07:42:24.000000;f5af7922-9564-4951-b41d-bdd6c81e92bc;422.89;4.58962973;UNKNOWN
2016-04-08T07:45:40.000000;2016-04-08T07:45:40.000000;2a9ca6b4-7819-42fe-a892-e1ce0026efed;422.88;0.01;UNKNOWN
2016-04-08T07:46:04.000000;2016-04-08T07:46:04.000000;007de047-20db-483e-8c25-c5d995ba4aeb;422.88;1.99;UNKNOWN
2016-04-08T07:47:17.000000;2016-04-08T07:47:17.000000;33cfe5db-4155-42fd-85ee-79e60ce6110d;422.9;19.37484127;UNKNOWN
2016-04-08T07:47:17.000000;2016-04-08T07:47:17.000000;1df87f81-4b84-4954-945e-efc41d4ac695;422.89;58.62695873;UNKNOWN
2016-04-08T07:50:06.000000;2016-04-08T07:50:06.000000;25e9c1b7-0a6c-466c-9a87-91edd28c99a2;422.9;0.1;UNKNOWN
2016-04-08T07:50:06.000000;2016-04-08T07:50:06.000000;116ba56a-e7e9-4e2b-aacf-7e12ec94baee;422.9;23.92198873;UNKNOWN
2016-04-08T07:50:35.000000;2016-04-08T07:50:35.000000;3d3e8087-9e7b-4ff2-9958-bdb6ab3bbec0;422.99;9.99;UNKNOWN
2016-04-08T07:50:35.000000;2016-04-08T07:50:35.000000;3bf4a5a1-2a73-435f-94ae-37d1fe5a2ca9;423.0;1.0;UNKNOWN
2016-04-08T07:50:35.000000;2016-04-08T07:50:35.000000;5149c4ed-247f-43ce-b3fe-c9fd0dc4a04a;423.0;1.0;UNKNOWN
2016-04-08T07:50:35.000000;2016-04-08T07:50:35.000000;26b28c7e-d449-4586-9a8d-f3856bc66d31;422.97;5.0;UNKNOWN
2016-04-08T07:50:35.000000;2016-04-08T07:50:35.000000;6bd13935-c170-403f-a6ef-7ad60bb2832f;423.0;6.281;UNKNOWN
2016-04-08T07:50:35.000000;2016-04-08T07:50:35.000000;efb7c195-f7b0-46ab-9e24-cd8f57bc0c15;423.0;19.649;UNKNOWN
2016-04-08T07:50:35.000000;2016-04-08T07:50:35.000000;b636f42e-8a4e-4249-8c9b-ccf0180679aa;423.0;1.0;UNKNOWN
2016-04-08T07:50:35.000000;2016-04-08T07:50:35.000000;ff871670-74c1-4c1c-a01e-eed9ed7618f8;423.0;0.25;UNKNOWN
2016-04-08T07:50:35.000000;2016-04-08T07:50:35.000000;5f56f015-654a-4f7f-b856-619ff2613b64;423.0;0.3;UNKNOWN
2016-04-08T07:50:35.000000;2016-04-08T07:50:35.000000;08192753-5489-4c6e-b897-429ea97ba386;422.99;0.01;UNKNOWN
2016-04-08T07:50:47.000000;2016-04-08T07:50:47.000000;85a69acc-adb7-46bd-ba89-0c027fdb2f54;422.97;0.10342822;UNKNOWN
2016-04-08T07:50:47.000000;2016-04-08T07:50:47.000000;812c73fd-0e42-49ea-ab99-2ea8c5665677;422.97;0.5;UNKNOWN
2016-04-08T07:51:03.000000;2016-04-08T07:51:03.000000;c0e60ae0-1582-43a8-910a-605da2d903b6;423.0;0.09;UNKNOWN
2016-04-08T07:51:59.000000;2016-04-08T07:51:59.000000;cbd99f54-07e8-4368-ab97-f30606204cf7;423.0;0.1;UNKNOWN
2016-04-08T07:51:59.000000;2016-04-08T07:51:59.000000;e675fbd9-97f3-4766-9615-9c3053c675ae;423.0;0.251;UNKNOWN
2016-04-08T07:52:04.000000;2016-04-08T07:52:04.000000;38c35044-0849-42f2-ad23-a5bdde78dee6;423.1;0.5;UNKNOWN
2016-04-08T07:52:04.000000;2016-04-08T07:52:04.000000;5a87cd96-abfa-4e82-b743-19fd06339cb4;423.01;0.0449;UNKNOWN
2016-04-08T07:52:12.000000;2016-04-08T07:52:12.000000;c63ee46b-ce0d-4415-a0da-c751c0ae1492;423.1;0.3;UNKNOWN
2016-04-08T07:52:19.000000;2016-04-08T07:52:19.000000;845a2b39-d0f3-4726-ba0c-ae6aed6ff049;423.1;0.1;UNKNOWN
2016-04-08T07:52:19.000000;2016-04-08T07:52:19.000000;4df77e70-ef20-4b4f-95b8-a1e122aaf0ac;423.11;0.01;UNKNOWN
2016-04-08T07:52:19.000000;2016-04-08T07:52:19.000000;9840c60f-5e8a-4ab4-968c-f9268be8566e;423.14;0.69;UNKNOWN
2016-04-08T07:52:19.000000;2016-04-08T07:52:19.000000;ba7c8cc8-ccc6-405f-8c5e-ade403fd8cc5;423.1;9.2;UNKNOWN
2016-04-08T07:53:48.000000;2016-04-08T07:53:48.000000;fccbabc5-4e0f-4cac-9a14-c44cc7a11054;423.21;0.22054415;UNKNOWN
2016-04-08T07:53:48.000000;2016-04-08T07:53:48.000000;97eb11e2-c194-48b1-bd9a-ab99472c2788;423.5;0.1;UNKNOWN
2016-04-08T07:53:48.000000;2016-04-08T07:53:48.000000;eaeb21b5-843f-4c1a-a71a-0b1ec4ac557f;423.49;8.6;UNKNOWN
2016-04-08T07:53:48.000000;2016-04-08T07:53:48.000000;1dc8b4bb-c141-417e-b495-d3835a96b50e;423.28;1.9;UNKNOWN
2016-04-08T07:53:48.000000;2016-04-08T07:53:48.000000;2c4d91a2-6093-4c69-9b95-954f16b853bc;423.46;4.19;UNKNOWN
2016-04-08T07:53:48.000000;2016-04-08T07:53:48.000000;ed0c1cdf-a437-4398-a443-aca7ea47c5a6;423.14;2.256;UNKNOWN
2016-04-08T07:53:48.000000;2016-04-08T07:53:48.000000;36061a0e-5f43-483f-8dcb-dbe049eaa84a;423.41;3.87054032;UNKNOWN
2016-04-08T07:53:48.000000;2016-04-08T07:53:48.000000;3636a8d9-9977-448b-bcf6-833ef17cbcaf;423.3;0.1;UNKNOWN
2016-04-08T07:53:48.000000;2016-04-08T07:53:48.000000;909fa9c9-6268-427d-b002-d09f794a11b8;423.5;1.0;UNKNOWN
2016-04-08T07:53:48.000000;2016-04-08T07:53:48.000000;fdff8a3f-effa-4d14-bc3a-b70b962f08ca;423.49;50.0;UNKNOWN
2016-04-08T07:53:48.000000;2016-04-08T07:53:48.000000;2c149c32-d307-48d0-a32d-52a08d2afc1e;423.16;0.01;UNKNOWN
2016-04-08T07:53:48.000000;2016-04-08T07:53:48.000000;d56762a0-cc65-49c6-9ceb-939e0440c78d;423.3;5.3848;UNKNOWN
2016-04-08T07:53:48.000000;2016-04-08T07:53:48.000000;e32d676d-b77c-421d-aee5-8b68349f752e;423.48;0.01056112;UNKNOWN
2016-04-08T07:53:48.000000;2016-04-08T07:53:48.000000;3bd4f78b-0c87-49d4-ba4f-07b1a06bc7cb;423.3;0.1;UNKNOWN
2016-04-08T07:53:48.000000;2016-04-08T07:53:48.000000;5927b627-ba60-49fe-be5b-056d7d000c95;423.49;9.99;UNKNOWN
2016-04-08T07:53:48.000000;2016-04-08T07:53:48.000000;4ebc3e53-0c78-4404-a4f1-6674a5cb4a54;423.4;0.155;UNKNOWN
2016-04-08T07:53:48.000000;2016-04-08T07:53:48.000000;6fdb6c92-294e-4b0a-be6d-0860f61d35dc;423.36;3.47856;UNKNOWN
2016-04-08T07:53:48.000000;2016-04-08T07:53:48.000000;d62cf7d9-2dc0-41ac-8c6e-67e9d560113c;423.48;4.18;UNKNOWN
2016-04-08T07:53:48.000000;2016-04-08T07:53:48.000000;1b2e1624-3837-4007-8ec1-58919bf879e1;423.4;0.1;UNKNOWN
2016-04-08T07:53:48.000000;2016-04-08T07:53:48.000000;1fb30e91-4aca-4a2a-aa05-c2a4087ea67c;423.4;4.0596;UNKNOWN
2016-04-08T07:53:48.000000;2016-04-08T07:53:48.000000;2047dedd-3c37-480c-948b-98017ec004e0;423.46;5.394858;UNKNOWN
2016-04-08T07:53:48.000000;2016-04-08T07:53:48.000000;5b4da777-966f-4ccf-9bd4-ec27ce0eff8e;423.47;15.9509;UNKNOWN
2016-04-08T07:53:48.000000;2016-04-08T07:53:48.000000;59e1698c-98cc-46a8-b021-f06c5ee0c227;423.5;1.672;UNKNOWN
2016-04-08T07:53:48.000000;2016-04-08T07:53:48.000000;5f092937-412e-4c2b-a7f6-6f15ff5cad50;423.5;0.059;UNKNOWN
2016-04-08T07:53:48.000000;2016-04-08T07:53:48.000000;27cee0a7-c3e6-4420-9a51-44d93771efe7;423.2;2.875;UNKNOWN
2016-04-08T07:53:48.000000;2016-04-08T07:53:48.000000;501d2d5e-9688-4b58-860e-9f2082e4a629;423.2;0.1;UNKNOWN
2016-04-08T07:53:50.000000;2016-04-08T07:53:50.000000;cfe05482-4c1a-4282-8a51-6de104ee14cd;423.81;1.41223596;UNKNOWN
2016-04-08T07:53:50.000000;2016-04-08T07:53:50.000000;4c2d193c-cc82-4d9b-8f35-6903fd6557a8;423.8;0.1;UNKNOWN
2016-04-08T07:53:50.000000;2016-04-08T07:53:50.000000;083ec21d-46e9-497f-b138-461e09328e09;423.6;0.1;UNKNOWN
2016-04-08T07:53:50.000000;2016-04-08T07:53:50.000000;0a6c7a3a-5525-45a2-aa97-ee77cde9cd0c;423.6;4.12875;UNKNOWN
2016-04-08T07:53:50.000000;2016-04-08T07:53:50.000000;37816189-1039-4383-a90f-2bffd1978080;423.8;0.4991;UNKNOWN
2016-04-08T07:53:50.000000;2016-04-08T07:53:50.000000;18ea47ea-7bf6-4c51-aba5-627941faf3b1;423.7;0.1;UNKNOWN
2016-04-08T07:53:50.000000;2016-04-08T07:53:50.000000;50f936e7-51d5-43a9-8b64-fbb979849f46;423.6;0.256;UNKNOWN
2016-04-08T07:53:50.000000;2016-04-08T07:53:50.000000;49e9c9e3-0aa4-47d3-b27b-37aff82b76e9;423.59;0.744;UNKNOWN
2016-04-08T07:53:54.000000;2016-04-08T07:53:54.000000;7ddec513-3f9c-4b6a-b7c0-3ff51cdde974;423.5;0.02;UNKNOWN
2016-04-08T07:54:03.000000;2016-04-08T07:54:03.000000;5f45b1de-569f-48d3-a102-ae9034460e75;423.59;0.706;UNKNOWN
2016-04-08T07:54:03.000000;2016-04-08T07:54:03.000000;0e9bcb70-23f4-480f-a01e-fc976776809c;423.81;1.2441;UNKNOWN
2016-04-08T07:54:03.000000;2016-04-08T07:54:03.000000;e64f5871-8d02-4d53-9ee8-e10a7156e5e7;423.51;0.0499;UNKNOWN
2016-04-08T07:54:30.000000;2016-04-08T07:54:30.000000;8d25c36e-fb1b-444b-99fe-635b9537210a;423.57;0.02368187;UNKNOWN
2016-04-08T07:54:40.000000;2016-04-08T07:54:40.000000;db4e94b1-9eb4-48d9-ae8d-bcccade577b9;423.95;6.3356;UNKNOWN
2016-04-08T07:54:40.000000;2016-04-08T07:54:40.000000;e0c6cf97-9654-4bf0-85fa-c05782c88dbf;423.8;0.683;UNKNOWN
2016-04-08T07:54:40.000000;2016-04-08T07:54:40.000000;b77c78c4-d20a-455a-bba0-ec5dcb75081e;423.87;3.348457;UNKNOWN
2016-04-08T07:54:40.000000;2016-04-08T07:54:40.000000;89a01c85-010f-4678-bbab-9d1be7512e35;423.81;7.08213904;UNKNOWN
2016-04-08T07:54:40.000000;2016-04-08T07:54:40.000000;8a15171b-0151-4088-9508-e702569ef0a7;423.99;9.99;UNKNOWN
2016-04-08T07:54:40.000000;2016-04-08T07:54:40.000000;5269eb5d-303c-45c6-8064-ce9866d73896;423.85;9.398374;UNKNOWN
2016-04-08T07:54:40.000000;2016-04-08T07:54:40.000000;c34856a6-4887-4aef-b69c-cd65995ef45e;424.0;0.1998;UNKNOWN
2016-04-08T07:54:40.000000;2016-04-08T07:54:40.000000;1d95037c-ffb8-4ca2-a086-3670dacac41f;424.0;17.77520166;UNKNOWN
2016-04-08T07:54:40.000000;2016-04-08T07:54:40.000000;f7fba628-b937-4230-86ad-73d2f05f4c59;423.97;5.0;UNKNOWN
2016-04-08T07:54:40.000000;2016-04-08T07:54:40.000000;37762de1-28f9-4d87-807e-adc8fcf0509a;423.9;0.1;UNKNOWN
2016-04-08T07:54:41.000000;2016-04-08T07:54:41.000000;a2b27eb2-5b60-4353-9dd2-f97cebe51e45;423.8;0.653;UNKNOWN
2016-04-08T07:54:42.000000;2016-04-08T07:54:42.000000;e56cafe5-a9fa-4b2f-bc93-29d9286d2297;423.81;0.729;UNKNOWN
2016-04-08T07:54:47.000000;2016-04-08T07:54:47.000000;9cb06c10-7c30-4d01-8105-9f0cc40a2382;423.81;0.01064272;UNKNOWN
2016-04-08T07:54:50.000000;2016-04-08T07:54:50.000000;3496190f-050e-43c2-a481-b99d54d3ffcc;423.81;0.01064272;UNKNOWN
2016-04-08T07:55:11.000000;2016-04-08T07:55:11.000000;ffecdff8-e827-4ba0-bc45-891e46b2a30a;423.93;0.3;UNKNOWN
2016-04-08T07:55:39.000000;2016-04-08T07:55:39.000000;a0b69335-1d65-41a5-accd-48eb90287730;422.96;13.5759;UNKNOWN
2016-04-08T07:55:39.000000;2016-04-08T07:55:39.000000;40ac790b-ce68-44e8-8296-4f64e370b209;423.01;9.99;UNKNOWN
2016-04-08T07:55:39.000000;2016-04-08T07:55:39.000000;594e08dc-f77f-4a7c-bd15-aa566745e50b;423.22;12.6483;UNKNOWN
2016-04-08T07:55:39.000000;2016-04-08T07:55:39.000000;a4e78349-8b78-4461-9998-5c07883e0fec;423.01;18.0;UNKNOWN
2016-04-08T07:55:39.000000;2016-04-08T07:55:39.000000;918bd9f9-f9fc-4119-a7f4-7665dd7ccfe3;423.38;4.24;UNKNOWN
2016-04-08T07:55:39.000000;2016-04-08T07:55:39.000000;dca55c37-8d79-4dd6-8c8c-c2135b6cf147;422.95;4.58894523;UNKNOWN
2016-04-08T07:55:39.000000;2016-04-08T07:55:39.000000;ec18be12-91f1-41ee-af9e-3b60277fd607;422.87;4.58883994;UNKNOWN
2016-04-08T07:55:39.000000;2016-04-08T07:55:39.000000;796482ae-f367-46f2-9ead-c679620fecc0;422.9;4.58894523;UNKNOWN
2016-04-08T07:55:39.000000;2016-04-08T07:55:39.000000;76e76219-7300-4532-acb2-e272bf356683;422.82;4.58883994;UNKNOWN
2016-04-08T07:55:39.000000;2016-04-08T07:55:39.000000;427e48c0-908c-455b-8e47-3fe325ce845c;422.81;4.10029295;UNKNOWN
2016-04-08T07:55:39.000000;2016-04-08T07:55:39.000000;8625e3b7-bd93-4ab0-a8ac-d3245bc6cb40;423.91;0.059;UNKNOWN
2016-04-08T07:55:39.000000;2016-04-08T07:55:39.000000;8e8216cf-7375-4dd6-b8ee-bc1b8a3b637a;423.02;4.0;UNKNOWN
2016-04-08T07:55:39.000000;2016-04-08T07:55:39.000000;0d54a9ef-4399-4c3b-9df9-4838bfb3f5d4;423.08;13.8086;UNKNOWN
2016-04-08T07:55:39.000000;2016-04-08T07:55:39.000000;6b36e75a-9edc-4236-a351-91b26a384660;423.66;4.19;UNKNOWN
2016-04-08T07:55:39.000000;2016-04-08T07:55:39.000000;7b0e13ab-9035-4b91-b4ef-4e1c46bdaa84;423.5;2.7365;UNKNOWN
2016-04-08T07:55:39.000000;2016-04-08T07:55:39.000000;d75a2170-ec90-4b29-a533-5cbc474c3034;423.92;2.32163671;UNKNOWN
2016-04-08T07:55:39.000000;2016-04-08T07:55:39.000000;2d10f612-9139-401a-84e9-98ea306d2356;423.37;13.5436;UNKNOWN
2016-04-08T07:55:39.000000;2016-04-08T07:55:39.000000;20c088a1-6e14-4ffd-b5d3-dc34d7d2ca5b;423.01;9.9551;UNKNOWN
2016-04-08T07:55:39.000000;2016-04-08T07:55:39.000000;1320fa13-c027-4986-aed7-c29afb09047d;423.49;13.0192;UNKNOWN
2016-04-08T07:55:39.000000;2016-04-08T07:55:39.000000;1d4ada3b-536f-4460-8c82-5fa42b22be63;423.78;5.8274;UNKNOWN
2016-04-08T07:55:39.000000;2016-04-08T07:55:39.000000;b87e048a-ea5a-4e44-8e0d-9d78bf8fe051;423.5;4.16;UNKNOWN
2016-04-08T07:55:39.000000;2016-04-08T07:55:39.000000;debd9041-7d60-4e60-bb40-5fd20291189b;423.52;11.5857;UNKNOWN
2016-04-08T07:55:39.000000;2016-04-08T07:55:39.000000;fecbb12e-923c-4505-ae2b-8d40c9550ac2;423.67;6.0;UNKNOWN
2016-04-08T07:55:39.000000;2016-04-08T07:55:39.000000;f16fd7db-1438-424d-ad57-f98147bf8a55;423.89;0.01;UNKNOWN
2016-04-08T07:55:39.000000;2016-04-08T07:55:39.000000;ac55130d-da51-4d8a-9038-880934414b92;423.5;4.0;UNKNOWN
2016-04-08T07:55:39.000000;2016-04-08T07:55:39.000000;734501c8-6805-4acc-9839-2bf817b7011a;423.65;13.8832;UNKNOWN
2016-04-08T07:55:39.000000;2016-04-08T07:55:39.000000;f54d606c-a29a-4030-b8b1-030044248dd2;423.51;9.99;UNKNOWN
2016-04-08T07:55:42.000000;2016-04-08T07:55:42.000000;f17d119f-4c69-4f63-bdfb-063543c06346;423.49;0.01;UNKNOWN
2016-04-08T07:55:44.000000;2016-04-08T07:55:44.000000;e033df89-4ae8-4b33-8721-95a2473c686c;422.8;0.12555463;UNKNOWN
2016-04-08T07:55:44.000000;2016-04-08T07:55:44.000000;0db14cd5-5f41-4171-8e67-e6ec4ed2313f;422.81;0.01;UNKNOWN
2016-04-08T07:55:44.000000;2016-04-08T07:55:44.000000;05baba83-0cad-4f00-a120-97888e3838b4;422.78;2.12444537;UNKNOWN
2016-04-08T07:57:34.000000;2016-04-08T07:57:34.000000;4b77c773-bd37-4b26-96e7-c08490acee82;423.31;0.059;UNKNOWN
2016-04-08T07:57:36.000000;2016-04-08T07:57:36.000000;6aa7c1b2-b4bb-456c-ade9-c1cdd2722cb3;422.88;0.09486312;UNKNOWN
2016-04-08T07:58:14.000000;2016-04-08T07:58:14.000000;9863f869-3564-4a3a-a795-0335bd483f2d;423.48;0.11973495;UNKNOWN
2016-04-08T07:58:38.000000;2016-04-08T07:58:38.000000;67a5d1ab-e10e-45de-96a4-a4eef28f1c5c;423.48;0.0355497;UNKNOWN
2016-04-08T07:59:07.000000;2016-04-08T07:59:07.000000;341facd4-2ab9-4c32-8aed-f241dac879a5;423.48;0.03;UNKNOWN
2016-04-08T07:59:09.000000;2016-04-08T07:59:09.000000;c0b576be-f044-47b5-9442-4db9dfa7b5a5;423.48;0.03;UNKNOWN
2016-04-08T08:00:04.000000;2016-04-08T08:00:04.000000;3ae4f149-510f-44c9-9179-73af781c9e22;423.49;0.0308002;UNKNOWN
2016-04-08T08:02:12.000000;2016-04-08T08:02:12.000000;bc7efebf-4146-49d1-a3ba-92c6ac7319e5;424.0;0.2;UNKNOWN
2016-04-08T08:02:12.000000;2016-04-08T08:02:12.000000;06842131-bea0-4d14-9ccd-e725a289b7ed;424.0;2.12479834;UNKNOWN
2016-04-08T08:02:12.000000;2016-04-08T08:02:12.000000;59dbc158-bf21-4441-9aaf-a5404ffadce7;424.0;1.0;UNKNOWN
2016-04-08T08:02:12.000000;2016-04-08T08:02:12.000000;827ae829-02d0-412c-8648-fa962896a8d4;424.0;1.0;UNKNOWN
2016-04-08T08:02:12.000000;2016-04-08T08:02:12.000000;555820fd-5184-4654-80bb-fcb938056b42;424.0;0.1;UNKNOWN
2016-04-08T08:02:12.000000;2016-04-08T08:02:12.000000;11511f46-4c77-4882-af98-677ef6c953fc;423.99;9.99;UNKNOWN
2016-04-08T08:02:12.000000;2016-04-08T08:02:12.000000;0af54ad8-7097-4494-b63e-586d539c4afe;424.0;0.1;UNKNOWN
2016-04-08T08:02:12.000000;2016-04-08T08:02:12.000000;28d7f253-bcdd-425b-8885-a43954e2ea0f;424.0;1.0;UNKNOWN
2016-04-08T08:02:12.000000;2016-04-08T08:02:12.000000;463e1dce-3622-4296-a7f0-56e58766daa9;424.0;19.99;UNKNOWN
2016-04-08T08:02:12.000000;2016-04-08T08:02:12.000000;66f9f027-96cc-4a87-9eca-dccb747e75c0;423.98;4.25;UNKNOWN
2016-04-08T08:02:12.000000;2016-04-08T08:02:12.000000;76e655cb-e8d4-4f0d-a650-838513fe0951;423.97;15.8438;UNKNOWN
2016-04-08T08:02:12.000000;2016-04-08T08:02:12.000000;ac2a5d09-ab92-4b2a-bba2-2f2741de4ab2;423.87;0.768;UNKNOWN
2016-04-08T08:02:12.000000;2016-04-08T08:02:12.000000;41648d1f-8a76-4c9f-8a95-2eb4d23a9ad9;423.49;9.9491998;UNKNOWN
2016-04-08T08:02:12.000000;2016-04-08T08:02:12.000000;5478af42-dd69-480d-94f5-f573cfd3cf3b;423.99;50.0;UNKNOWN
2016-04-08T08:02:12.000000;2016-04-08T08:02:12.000000;aefa92ea-b460-4954-b0b8-1bde87a81b4e;423.89;0.769;UNKNOWN
2016-04-08T08:02:12.000000;2016-04-08T08:02:12.000000;7f7f32d6-9848-4b18-afdf-7e8163fc82f2;423.51;0.01;UNKNOWN
2016-04-08T08:02:14.000000;2016-04-08T08:02:14.000000;2b577aec-7f1d-44b5-bcea-0e6b23c886c8;424.0;0.01;UNKNOWN
2016-04-08T08:02:18.000000;2016-04-08T08:02:18.000000;db990cec-a4fa-4976-a678-55569525ecd9;424.04;2.0;UNKNOWN
2016-04-08T08:02:18.000000;2016-04-08T08:02:18.000000;4da66664-94da-4c14-92ff-efbe43c6e606;424.04;0.726;UNKNOWN
2016-04-08T08:02:18.000000;2016-04-08T08:02:18.000000;43f86d71-eb9b-4584-bf0d-d2e673d0cc00;424.05;0.43456928;UNKNOWN
2016-04-08T08:02:18.000000;2016-04-08T08:02:18.000000;cfaae14b-94b1-435d-afb0-2b60b782a0d3;424.2;1.36943072;UNKNOWN
2016-04-08T08:02:18.000000;2016-04-08T08:02:18.000000;abcec952-e570-4b78-94db-1eed2d423126;424.2;0.01;UNKNOWN
2016-04-08T08:02:18.000000;2016-04-08T08:02:18.000000;3bfb097c-a537-4209-9c85-6600b65885e6;424.1;1.0;UNKNOWN
2016-04-08T08:02:18.000000;2016-04-08T08:02:18.000000;3a43bb09-02b8-4ad3-bf06-898cad925afc;424.04;1.97;UNKNOWN
2016-04-08T08:02:18.000000;2016-04-08T08:02:18.000000;afea1348-574c-4187-8f86-82250cea7ebc;424.1;0.1;UNKNOWN
2016-04-08T08:02:20.000000;2016-04-08T08:02:20.000000;01f6dc0a-2557-41ef-a3ac-da1f9d77e999;424.03;0.714;UNKNOWN
2016-04-08T08:02:25.000000;2016-04-08T08:02:25.000000;c73776a6-67fd-4b00-bb66-3ce883f07895;424.28;0.02;UNKNOWN
2016-04-08T08:02:25.000000;2016-04-08T08:02:25.000000;5a208a59-d839-4ba1-b945-3464f8696ba7;424.29;0.55557886;UNKNOWN
2016-04-08T08:02:25.000000;2016-04-08T08:02:25.000000;21199583-0ee0-402d-beda-0a1a98a527d7;424.2;0.01;UNKNOWN
2016-04-08T08:02:25.000000;2016-04-08T08:02:25.000000;472c64dc-c62a-44a1-8824-4c2ca663d0e5;424.2;0.1;UNKNOWN
2016-04-08T08:02:25.000000;2016-04-08T08:02:25.000000;d05d5973-cd46-4dec-96c1-d10794b06e56;424.24;0.0112;UNKNOWN
2016-04-08T08:02:25.000000;2016-04-08T08:02:25.000000;3735b94a-d338-404f-8153-ca4e57fbd6a2;424.2;0.30322114;UNKNOWN
2016-04-08T08:02:26.000000;2016-04-08T08:02:26.000000;94bda20b-b852-49d6-886c-f9fe0b01199b;424.03;0.0102341;UNKNOWN
2016-04-08T08:02:30.000000;2016-04-08T08:02:30.000000;76139cd8-4935-4f48-963c-76bfeaaf8f7f;424.29;0.0102341;UNKNOWN
2016-04-08T08:02:36.000000;2016-04-08T08:02:36.000000;5869e3ed-83c8-49e3-9c77-f48d4711db7e;424.29;0.03819322;UNKNOWN
2016-04-08T08:02:42.000000;2016-04-08T08:02:42.000000;8bbcb066-37af-4a05-90f6-70ab1838e2cf;424.29;0.03819322;UNKNOWN
2016-04-08T08:02:57.000000;2016-04-08T08:02:57.000000;dff9ce11-dcce-464b-976b-9c1f241799e3;424.29;0.01073433;UNKNOWN
2016-04-08T08:03:01.000000;2016-04-08T08:03:01.000000;c0f63801-ef99-4bcb-964e-a5cd9281c535;424.29;0.01269562;UNKNOWN
2016-04-08T08:03:05.000000;2016-04-08T08:03:05.000000;d0662eba-3c7f-4156-a62c-26898f4ea551;424.29;0.011;UNKNOWN
2016-04-08T08:03:19.000000;2016-04-08T08:03:19.000000;e6313782-d235-4cfa-a998-7b3f2cf69d42;424.29;0.03002868;UNKNOWN
2016-04-08T08:03:23.000000;2016-04-08T08:03:23.000000;f3906e90-f3c2-4bdc-a2a2-00119b7ed708;424.29;0.02506563;UNKNOWN
2016-04-08T08:03:27.000000;2016-04-08T08:03:27.000000;2156b90a-d9f8-4eb9-867f-52af0b243d18;424.29;0.07785627;UNKNOWN
2016-04-08T08:03:33.000000;2016-04-08T08:03:33.000000;90f3f35d-4187-4ceb-8396-d61bc647e70d;424.1;0.14053719;UNKNOWN
2016-04-08T08:03:33.000000;2016-04-08T08:03:33.000000;ec4c2fda-1aa6-4592-bc88-a965dceb9d50;424.26;0.01;UNKNOWN
2016-04-08T08:03:37.000000;2016-04-08T08:03:37.000000;15fc3cd9-c8b3-4866-ba3f-15fe28ed3a28;424.3;0.09645905;UNKNOWN
2016-04-08T08:03:37.000000;2016-04-08T08:03:37.000000;9d9e2f3a-4924-4a04-ad96-287aa14456aa;424.29;0.03880958;UNKNOWN
2016-04-08T08:03:39.000000;2016-04-08T08:03:39.000000;928df3ee-d6d7-41b8-b79c-e10f57b02703;424.3;0.02675506;UNKNOWN
2016-04-08T08:03:41.000000;2016-04-08T08:03:41.000000;b951c513-d8b8-48dd-8f44-2e98b640193f;424.29;0.08076626;UNKNOWN
2016-04-08T08:03:51.000000;2016-04-08T08:03:51.000000;b0192793-e722-40f9-9070-057c799c6305;424.3;0.27931737;UNKNOWN
2016-04-08T08:03:57.000000;2016-04-08T08:03:57.000000;303688dc-d342-4bbb-b802-276ea0b821d2;424.29;0.11077397;UNKNOWN
2016-04-08T08:04:03.000000;2016-04-08T08:04:03.000000;b6f10195-4c12-4684-b829-dfb386428047;424.3;0.18094873;UNKNOWN
2016-04-08T08:04:03.000000;2016-04-08T08:04:03.000000;f696befb-2327-4ebe-bf96-dde637ea4723;424.29;0.05;UNKNOWN
2016-04-08T08:04:04.000000;2016-04-08T08:04:04.000000;86cc98f7-d7eb-4b59-b785-1281e57f4ac0;424.3;0.2876795;UNKNOWN
2016-04-08T08:04:15.000000;2016-04-08T08:04:15.000000;e536eb5e-3afb-4b92-9177-78c5a957112f;424.3;0.673;UNKNOWN
2016-04-08T08:04:15.000000;2016-04-08T08:04:15.000000;6a336c74-6e6d-42fb-ab57-41f6839bf371;424.37;3.5109845;UNKNOWN
2016-04-08T08:04:15.000000;2016-04-08T08:04:15.000000;07edb0c3-8935-4a71-a375-3d917388c7dd;424.3;1.12884029;UNKNOWN
2016-04-08T08:04:15.000000;2016-04-08T08:04:15.000000;b15c00f7-40d5-41e4-8348-2e7c8fbf8dbb;424.3;0.2;UNKNOWN
2016-04-08T08:04:15.000000;2016-04-08T08:04:15.000000;d040f5fe-2d46-4375-a35b-87caf80a75ad;424.3;0.05;UNKNOWN
2016-04-08T08:04:15.000000;2016-04-08T08:04:15.000000;435d6fc0-c9bb-405d-9e2a-722859ee5920;424.49;5.73032492;UNKNOWN
2016-04-08T08:04:15.000000;2016-04-08T08:04:15.000000;2d63838b-e86e-4c1b-aadf-2d6af5621ffd;424.41;0.01;UNKNOWN
2016-04-08T08:04:15.000000;2016-04-08T08:04:15.000000;f28f470e-5b5c-4553-af50-b1f9f13032ba;424.3;0.2;UNKNOWN
2016-04-08T08:04:15.000000;2016-04-08T08:04:15.000000;fe612432-0928-4d95-8893-49249a6b215a;424.4;0.05;UNKNOWN
2016-04-08T08:04:42.000000;2016-04-08T08:04:42.000000;12048e94-127f-4acd-bf8c-32b9c69bdabe;424.47;5.22;UNKNOWN
2016-04-08T08:04:52.000000;2016-04-08T08:04:52.000000;e2eeebcb-c574-4867-9492-a78832b33abe;424.48;0.28;UNKNOWN
2016-04-08T08:04:52.000000;2016-04-08T08:04:52.000000;1fc789c7-3d0f-4c4d-bde6-c1f21f94fb8a;424.48;0.67950784;UNKNOWN
2016-04-08T08:04:52.000000;2016-04-08T08:04:52.000000;67c770a7-378d-475e-a3b5-a5be5ad478cf;424.47;0.00169216;UNKNOWN
2016-04-08T08:04:52.000000;2016-04-08T08:04:52.000000;45dac7fc-e9fa-4bdb-acf9-7fe2315008fe;424.47;12.36830784;UNKNOWN
2016-04-08T08:05:02.000000;2016-04-08T08:05:02.000000;d8601e5f-5f4f-48dc-b320-28ea1373f586;424.48;0.2018077;UNKNOWN
2016-04-08T08:05:03.000000;2016-04-08T08:05:03.000000;12dd66e1-35e2-468f-9b0a-f72ee85ac69b;424.47;0.01;UNKNOWN
2016-04-08T08:05:03.000000;2016-04-08T08:05:03.000000;157c4735-370d-4961-bcde-ba6dd083dc79;424.05;0.89590993;UNKNOWN
2016-04-08T08:05:06.000000;2016-04-08T08:05:06.000000;1bd76505-97a5-4a7b-bea9-e82a52be041e;424.46;0.2018077;UNKNOWN
2016-04-08T08:05:09.000000;2016-04-08T08:05:09.000000;29658c21-a9bd-40e8-ad35-ae65bce29306;424.47;0.01;UNKNOWN
2016-04-08T08:05:14.000000;2016-04-08T08:05:14.000000;24cf6f22-040a-4c46-8ecd-e499295a984b;424.48;0.2018077;UNKNOWN
2016-04-08T08:05:17.000000;2016-04-08T08:05:17.000000;f7903e39-9afc-4afd-a9c3-39b9dc7d3dbf;424.48;0.2018077;UNKNOWN
2016-04-08T08:05:21.000000;2016-04-08T08:05:21.000000;cceb900d-8a9f-469d-a46b-4345ae82b106;424.48;0.03151933;UNKNOWN
2016-04-08T08:05:21.000000;2016-04-08T08:05:21.000000;8f51645c-fbd0-4a2d-8435-07cbc2675594;424.47;0.19;UNKNOWN
2016-04-08T08:05:22.000000;2016-04-08T08:05:22.000000;592f8475-9e5f-427f-9903-f0abfd64458f;424.47;0.00254259;UNKNOWN
2016-04-08T08:05:22.000000;2016-04-08T08:05:22.000000;bc05e6de-8e72-4da4-a412-7769d45eacaf;424.45;0.01;UNKNOWN
2016-04-08T08:05:22.000000;2016-04-08T08:05:22.000000;9751bd27-6bd6-46b8-88c9-907dd7011759;424.47;0.01;UNKNOWN
2016-04-08T08:05:53.000000;2016-04-08T08:05:53.000000;3212da4a-7c01-4e4d-9ee8-347a0874efc5;424.29;0.03806676;UNKNOWN
2016-04-08T08:06:03.000000;2016-04-08T08:06:03.000000;5c104a61-16cc-48b9-9f2d-c86d69bdc11f;424.24;0.01;UNKNOWN
2016-04-08T08:07:10.000000;2016-04-08T08:07:10.000000;7ea064bc-e71a-455c-83a7-8541de2e4882;424.15;0.12768615;UNKNOWN
2016-04-08T08:07:55.000000;2016-04-08T08:07:55.000000;8ee07ab4-5604-48da-b7d8-5c1595879855;424.14;2.11;UNKNOWN
2016-04-08T08:07:55.000000;2016-04-08T08:07:55.000000;cdf84309-62dc-4df6-8f17-0640608a9d87;424.14;0.39;UNKNOWN
2016-04-08T08:08:27.000000;2016-04-08T08:08:27.000000;5019a5ae-8599-4597-a927-7ce5de5d16df;424.13;0.058942;UNKNOWN
