time_exchange;time_coinpai;guid;price;base_amount;taker_side
2016-02-13T00:00:08.000000;2016-02-13T00:00:08.000000;f9e1a5b4-0abe-4539-a353-c41634ac5a09;382.94;0.10741544;UNKNOWN
2016-02-13T00:00:13.000000;2016-02-13T00:00:13.000000;d33f932b-c2c4-4dec-9040-130f34b008bd;382.94;17.71258456;UNKNOWN
2016-02-13T00:00:16.000000;2016-02-13T00:00:16.000000;8fbd1236-b107-40dd-8341-8519fc03a8b5;382.94;0.1;UNKNOWN
2016-02-13T00:00:19.000000;2016-02-13T00:00:19.000000;16466a25-92af-40c2-9b65-cd5cac58553d;382.94;0.1;UNKNOWN
2016-02-13T00:00:20.000000;2016-02-13T00:00:20.000000;819e137a-a9a5-4e21-942c-c50b0391b2a4;382.94;0.1;UNKNOWN
2016-02-13T00:00:21.000000;2016-02-13T00:00:21.000000;fee6c4f4-7fa5-481e-8099-c49790885994;382.94;0.1;UNKNOWN
2016-02-13T00:00:21.000000;2016-02-13T00:00:21.000000;52ec310e-e3ed-4dc6-a32d-be1d1a87d26c;382.94;0.1;UNKNOWN
2016-02-13T00:00:37.000000;2016-02-13T00:00:37.000000;688b61bf-411d-41e2-a3bc-9ff6dcd4a86e;382.94;0.1;UNKNOWN
2016-02-13T00:00:43.000000;2016-02-13T00:00:43.000000;611f2247-5da8-4413-b79f-943f292a382c;382.95;0.01;UNKNOWN
2016-02-13T00:01:12.000000;2016-02-13T00:01:12.000000;10497ea2-8e5d-4eea-92c5-a33047b85fce;382.96;0.1;UNKNOWN
2016-02-13T00:01:15.000000;2016-02-13T00:01:15.000000;bdc04a3e-f00f-4c8e-9dc8-943cf9daa1f7;382.96;0.1;UNKNOWN
2016-02-13T00:01:18.000000;2016-02-13T00:01:18.000000;3fd577d4-f40d-4953-a932-2b40aace700b;382.96;0.1;UNKNOWN
2016-02-13T00:01:19.000000;2016-02-13T00:01:19.000000;78fc76ca-b498-4aa3-b294-a6f09f3e667e;382.96;0.1;UNKNOWN
2016-02-13T00:04:16.000000;2016-02-13T00:04:16.000000;b6c42fc9-5672-42a5-9a4e-49cba3f65e51;382.99;0.01;UNKNOWN
2016-02-13T00:04:40.000000;2016-02-13T00:04:40.000000;0fcc7b41-29dc-445c-b489-e41bd2dd5c49;382.96;0.1;UNKNOWN
2016-02-13T00:05:41.000000;2016-02-13T00:05:41.000000;d6857f99-247d-4060-8d46-c2c53d91fb24;382.97;0.51;UNKNOWN
2016-02-13T00:07:06.000000;2016-02-13T00:07:06.000000;9aa57257-a6ae-488c-b761-9745ec569f91;382.94;0.773;UNKNOWN
2016-02-13T00:07:06.000000;2016-02-13T00:07:06.000000;20faa4a7-b81c-4999-950b-6519879be35f;382.95;3.0;UNKNOWN
2016-02-13T00:07:06.000000;2016-02-13T00:07:06.000000;bd47675e-415c-42d2-bfc5-c9ad372062cf;382.96;0.727;UNKNOWN
2016-02-13T00:07:17.000000;2016-02-13T00:07:17.000000;d715fac4-539b-48ae-9740-21b13d860b81;382.96;0.5;UNKNOWN
2016-02-13T00:07:30.000000;2016-02-13T00:07:30.000000;10ca2712-6f9f-4c33-960c-521e39ad482e;382.96;0.02;UNKNOWN
2016-02-13T00:08:39.000000;2016-02-13T00:08:39.000000;7b33c864-65a1-4872-b4d5-f093c52ef9d0;382.94;5.36391544;UNKNOWN
2016-02-13T00:10:06.000000;2016-02-13T00:10:06.000000;90ef07eb-9946-47a7-ab60-f89bb38dcf21;382.77;6.35;UNKNOWN
2016-02-13T00:11:05.000000;2016-02-13T00:11:05.000000;b053bc16-85a5-45fd-8fbe-bdcef30c5af1;382.67;0.5;UNKNOWN
2016-02-13T00:11:05.000000;2016-02-13T00:11:05.000000;60d351b7-780e-4672-af86-1f54adeb4959;382.77;3.0;UNKNOWN
2016-02-13T00:11:05.000000;2016-02-13T00:11:05.000000;2222fc47-2518-4d8f-abac-51d5f080e102;382.89;0.05768676;UNKNOWN
2016-02-13T00:11:05.000000;2016-02-13T00:11:05.000000;9f7dcd0a-7343-40b2-9544-924f794346bf;382.77;6.0;UNKNOWN
2016-02-13T00:11:05.000000;2016-02-13T00:11:05.000000;2ce6cff2-d1b6-4d21-9f2a-a8ab0f891ab7;382.77;0.5;UNKNOWN
2016-02-13T00:11:21.000000;2016-02-13T00:11:21.000000;64bf3fac-becd-4914-b4f8-ce200701ba43;382.89;2.5;UNKNOWN
2016-02-13T00:11:32.000000;2016-02-13T00:11:32.000000;acdc8358-8c76-421b-af60-7f9c44fc2557;382.64;6.4733;UNKNOWN
2016-02-13T00:11:32.000000;2016-02-13T00:11:32.000000;d247d0ad-4969-425c-a08a-2761acfc3dce;382.6;0.0267;UNKNOWN
2016-02-13T00:11:32.000000;2016-02-13T00:11:32.000000;af3906ce-0403-43ec-9741-3e84b7433530;382.63;3.0;UNKNOWN
2016-02-13T00:11:32.000000;2016-02-13T00:11:32.000000;54d2693c-0c38-40a0-a976-bb637746a3b7;382.64;0.5;UNKNOWN
2016-02-13T00:11:57.000000;2016-02-13T00:11:57.000000;9a937e88-0788-471b-be4f-28083015b1ff;382.89;3.0;UNKNOWN
2016-02-13T00:12:22.000000;2016-02-13T00:12:22.000000;11f42bfe-a35c-4ae0-b335-c1b754b154a6;382.6;6.4584;UNKNOWN
2016-02-13T00:12:22.000000;2016-02-13T00:12:22.000000;5676e7a7-8747-4865-a204-eeadb2e40d72;382.59;3.5416;UNKNOWN
2016-02-13T00:12:29.000000;2016-02-13T00:12:29.000000;c4642fde-2925-412a-bf66-317a166f8ff7;382.66;0.04;UNKNOWN
2016-02-13T00:13:31.000000;2016-02-13T00:13:31.000000;32f3541d-13ab-4d0b-9998-b0a0cb55c3f3;382.89;3.0;UNKNOWN
2016-02-13T00:13:36.000000;2016-02-13T00:13:36.000000;b2f3c7e7-090f-47e1-a283-08b78a91ae60;382.55;3.5038;UNKNOWN
2016-02-13T00:13:36.000000;2016-02-13T00:13:36.000000;cffedc4f-0693-4629-b413-1583518d2236;382.56;6.4962;UNKNOWN
2016-02-13T00:14:05.000000;2016-02-13T00:14:05.000000;1c9cb1c0-4f68-4778-8869-c0a0fa5a39a2;382.69;1.9860303;UNKNOWN
2016-02-13T00:15:45.000000;2016-02-13T00:15:45.000000;87804a00-78be-4fb4-af62-1e8f8e14b533;382.69;0.04765762;UNKNOWN
2016-02-13T00:15:45.000000;2016-02-13T00:15:45.000000;d96f3680-6368-4455-932e-c20306040e34;382.69;0.18836665;UNKNOWN
2016-02-13T00:15:45.000000;2016-02-13T00:15:45.000000;865eef7f-8f08-4721-8786-b511ce5131cc;382.58;1.21707205;UNKNOWN
2016-02-13T00:15:45.000000;2016-02-13T00:15:45.000000;5300eb13-31b6-4aa1-83f8-e82c07e13f26;382.69;1.94343502;UNKNOWN
2016-02-13T00:15:45.000000;2016-02-13T00:15:45.000000;df05fab3-a9e5-4fd6-9cee-6900ed63e3af;382.69;0.13616866;UNKNOWN
2016-02-13T00:15:45.000000;2016-02-13T00:15:45.000000;323ae323-6f0e-408e-85e1-48cc75cac2e3;382.69;6.4673;UNKNOWN
2016-02-13T00:15:51.000000;2016-02-13T00:15:51.000000;2c769f35-b30a-4a4c-84c4-e74433de5e94;382.86;0.02;UNKNOWN
2016-02-13T00:17:03.000000;2016-02-13T00:17:03.000000;899fe027-332f-4f98-8508-418538dda028;382.86;1.21707205;UNKNOWN
2016-02-13T00:17:03.000000;2016-02-13T00:17:03.000000;91d17ff1-4e78-415b-bfc7-725ce7f62fb6;382.9;2.30852795;UNKNOWN
2016-02-13T00:17:03.000000;2016-02-13T00:17:03.000000;c0d62bfc-40cf-4290-b35d-b39561cb5540;382.89;6.4744;UNKNOWN
2016-02-13T00:17:05.000000;2016-02-13T00:17:05.000000;999dcf97-5125-40c4-8ccb-fff46ad39ecf;382.96;7.67244339;UNKNOWN
2016-02-13T00:17:05.000000;2016-02-13T00:17:05.000000;8b6c5bc8-ca83-478a-9915-1b4edf418478;382.9;2.32755661;UNKNOWN
2016-02-13T00:17:12.000000;2016-02-13T00:17:12.000000;f1b54d44-f76a-45a7-92cf-7ec2aea553e7;382.99;8.19244339;UNKNOWN
2016-02-13T00:17:12.000000;2016-02-13T00:17:12.000000;92c617b1-499f-47e0-8555-8dab03e6f2a2;382.96;1.80755661;UNKNOWN
2016-02-13T00:17:19.000000;2016-02-13T00:17:19.000000;d237b6e0-8080-42ec-9970-ef2f44a93921;382.99;10.0;UNKNOWN
2016-02-13T00:17:20.000000;2016-02-13T00:17:20.000000;037401cb-fe57-4883-bcdf-72fd1f377fd6;382.89;0.52948361;UNKNOWN
2016-02-13T00:17:25.000000;2016-02-13T00:17:25.000000;6a5be46a-391a-49f7-a463-25adae9ab4f2;382.94;7.05445;UNKNOWN
2016-02-13T00:17:25.000000;2016-02-13T00:17:25.000000;adf79683-8dba-4b06-838f-9a43faa9bf0b;382.99;2.94555;UNKNOWN
2016-02-13T00:17:58.000000;2016-02-13T00:17:58.000000;5275436c-489b-4042-b74c-91b05322cec2;382.99;3.85;UNKNOWN
2016-02-13T00:19:34.000000;2016-02-13T00:19:34.000000;90764ead-20c1-4722-93a6-1c99fca98bd6;382.99;23.37415333;UNKNOWN
2016-02-13T00:19:34.000000;2016-02-13T00:19:34.000000;a9053aad-d7dc-41e1-8d9b-0c5b2bb1ed5c;382.99;10.0;UNKNOWN
2016-02-13T00:19:34.000000;2016-02-13T00:19:34.000000;1936285f-e66e-41b0-a4fd-631d2256751b;383.0;0.62584667;UNKNOWN
2016-02-13T00:19:39.000000;2016-02-13T00:19:39.000000;6ba20ef1-0f50-4f51-aabe-b5ccfd3cc757;383.0;2.0;UNKNOWN
2016-02-13T00:19:40.000000;2016-02-13T00:19:40.000000;24c1ff85-3f3f-40e0-bf0b-c6094b3ddb7c;383.0;2.37415333;UNKNOWN
2016-02-13T00:19:40.000000;2016-02-13T00:19:40.000000;045d75f7-3752-44be-8d35-822203dd39a3;383.0;46.0;UNKNOWN
2016-02-13T00:19:40.000000;2016-02-13T00:19:40.000000;10543464-cdfa-450e-b41d-32e445ec32c5;383.0;0.2;UNKNOWN
2016-02-13T00:19:40.000000;2016-02-13T00:19:40.000000;084d8b10-aed7-4ebd-9e27-9cfcf1d3bf74;383.1;1.42584667;UNKNOWN
2016-02-13T00:19:42.000000;2016-02-13T00:19:42.000000;b7db595e-c47d-4ced-a84c-0cabb20e441a;383.18;5.0;UNKNOWN
2016-02-13T00:19:42.000000;2016-02-13T00:19:42.000000;bb75bff0-a13d-4990-82eb-e3f726d3b00a;383.12;0.2677;UNKNOWN
2016-02-13T00:19:42.000000;2016-02-13T00:19:42.000000;2031f6cf-6997-4910-b881-208ea19662fb;383.22;1.15814667;UNKNOWN
2016-02-13T00:19:42.000000;2016-02-13T00:19:42.000000;74f6365a-d51d-4f5b-b0d0-d6a683122a21;383.1;0.57415333;UNKNOWN
2016-02-13T00:19:44.000000;2016-02-13T00:19:44.000000;2c9fd323-b4fe-426c-ad84-b438d63e004f;383.08;1.0418;UNKNOWN
2016-02-13T00:19:47.000000;2016-02-13T00:19:47.000000;5b943868-e917-4ee9-a324-9c6312688eed;383.38;0.11;UNKNOWN
2016-02-13T00:19:47.000000;2016-02-13T00:19:47.000000;4d04136e-ff0d-46c0-b4f0-fade79b65a7c;383.22;8.84185333;UNKNOWN
2016-02-13T00:19:47.000000;2016-02-13T00:19:47.000000;905fc9cf-caca-4092-bb3d-e5d80fde6829;383.39;11.04814667;UNKNOWN
2016-02-13T00:19:58.000000;2016-02-13T00:19:58.000000;f6f59670-0bf9-4e4b-b0e5-39a5c699bb8f;383.39;7.0;UNKNOWN
2016-02-13T00:19:59.000000;2016-02-13T00:19:59.000000;26ac501f-e8b1-4e53-9e43-8e308cba8f33;383.39;3.7;UNKNOWN
2016-02-13T00:21:01.000000;2016-02-13T00:21:01.000000;f0a13bd5-51c5-441d-865d-f21df9e06021;383.4;1.1;UNKNOWN
2016-02-13T00:21:03.000000;2016-02-13T00:21:03.000000;e8db57ae-b222-41e7-9aa6-9eff2030eb83;383.4;1.0;UNKNOWN
2016-02-13T00:21:03.000000;2016-02-13T00:21:03.000000;d2c390ca-7eff-428c-b49b-50dd94d9a4c6;383.39;0.01478175;UNKNOWN
2016-02-13T00:21:04.000000;2016-02-13T00:21:04.000000;f8248bd1-cb1d-4b2d-9414-01cd31bb581f;383.4;5.81;UNKNOWN
2016-02-13T00:21:18.000000;2016-02-13T00:21:18.000000;c38f1ebe-a91c-45b7-9e20-90222563e5cd;383.39;0.11012582;UNKNOWN
2016-02-13T00:21:35.000000;2016-02-13T00:21:35.000000;180241de-140d-4d4e-a780-0fce4d610d6f;383.4;50.0;UNKNOWN
2016-02-13T00:21:37.000000;2016-02-13T00:21:37.000000;25b79aac-8519-4f29-95d6-eae98dc8edbd;383.4;5.0;UNKNOWN
2016-02-13T00:21:43.000000;2016-02-13T00:21:43.000000;b190a8b6-ce52-4907-b518-a9a9f3e7355f;383.4;0.05649533;UNKNOWN
2016-02-13T00:22:08.000000;2016-02-13T00:22:08.000000;942d0c4c-e4ed-4831-8b21-e45ed84bcdd5;383.39;0.01;UNKNOWN
2016-02-13T00:22:08.000000;2016-02-13T00:22:08.000000;15bfe9fd-79ee-47b8-94f9-fcce56cc160e;383.4;0.4;UNKNOWN
2016-02-13T00:22:59.000000;2016-02-13T00:22:59.000000;91d88763-16e2-4748-afce-7c55f10ec56e;383.59;0.62966472;UNKNOWN
2016-02-13T00:22:59.000000;2016-02-13T00:22:59.000000;6c34a492-7a70-4f8f-9126-959a0a991386;383.53;0.2;UNKNOWN
2016-02-13T00:22:59.000000;2016-02-13T00:22:59.000000;ca20635c-7f36-4382-ab0d-30f74718e97e;383.55;0.3;UNKNOWN
2016-02-13T00:22:59.000000;2016-02-13T00:22:59.000000;797d44f5-a253-49d7-ac8c-63289d3aaaaa;383.46;0.1;UNKNOWN
2016-02-13T00:22:59.000000;2016-02-13T00:22:59.000000;4848af20-ff56-466a-a000-eaaeff2d8331;383.4;2.0;UNKNOWN
2016-02-13T00:22:59.000000;2016-02-13T00:22:59.000000;28d060e8-de57-4124-b1f0-0a9e7d2dec1f;383.5;2.78;UNKNOWN
2016-02-13T00:22:59.000000;2016-02-13T00:22:59.000000;895d4372-d766-41d0-b9ad-702b58b3e0b4;383.4;28.99033528;UNKNOWN
2016-02-13T00:23:05.000000;2016-02-13T00:23:05.000000;b93c63f0-c6d9-45a0-8f23-1c67c0b6a1c9;383.69;0.9;UNKNOWN
2016-02-13T00:23:05.000000;2016-02-13T00:23:05.000000;4fb32e6b-f91e-4934-9824-c91a6a37a645;383.59;5.62033528;UNKNOWN
2016-02-13T00:23:05.000000;2016-02-13T00:23:05.000000;a1268445-4c0f-4ebc-8555-76b1fdff0aca;383.73;0.47966472;UNKNOWN
2016-02-13T00:23:05.000000;2016-02-13T00:23:05.000000;4317bd00-f9ba-4dda-9bb6-f6a3bfef1b7e;383.73;0.4;UNKNOWN
2016-02-13T00:23:05.000000;2016-02-13T00:23:05.000000;232dcede-49db-4687-a3ad-e57964411118;383.59;2.0;UNKNOWN
2016-02-13T00:24:05.000000;2016-02-13T00:24:05.000000;5181eeac-085b-43cd-a756-b0458ec27b04;383.73;0.01;UNKNOWN
2016-02-13T00:24:05.000000;2016-02-13T00:24:05.000000;5855b576-bcfa-4309-984c-2eee6b3973f9;383.73;0.01;UNKNOWN
2016-02-13T00:24:06.000000;2016-02-13T00:24:06.000000;0a46c821-15d5-4362-b31f-e5e2db073b05;383.73;0.01;UNKNOWN
2016-02-13T00:24:07.000000;2016-02-13T00:24:07.000000;ec3f27be-95b1-46b0-8878-3440bed1c866;383.73;0.01;UNKNOWN
2016-02-13T00:24:08.000000;2016-02-13T00:24:08.000000;2dbc0381-c006-4307-9334-5ea72905e837;383.73;0.01;UNKNOWN
2016-02-13T00:24:08.000000;2016-02-13T00:24:08.000000;ddc467a0-754d-49b8-9339-6b82cb41ab8c;383.73;0.01;UNKNOWN
2016-02-13T00:24:45.000000;2016-02-13T00:24:45.000000;1ff24eda-1845-44b4-a227-48da65b04e54;384.69;6.41612827;UNKNOWN
2016-02-13T00:24:45.000000;2016-02-13T00:24:45.000000;0b6578da-8c24-4693-b7ef-65f534a2c14a;384.66;0.4;UNKNOWN
2016-02-13T00:24:45.000000;2016-02-13T00:24:45.000000;925e2dec-6065-474f-9ce1-a67de4dbf5b1;383.73;16.06033528;UNKNOWN
2016-02-13T00:24:45.000000;2016-02-13T00:24:45.000000;564ba7eb-274d-4a50-9e09-91ef3c8d6a9f;384.37;17.0;UNKNOWN
2016-02-13T00:24:45.000000;2016-02-13T00:24:45.000000;2a0d772b-8563-45c0-bc94-0547ee79df43;383.99;2.0;UNKNOWN
2016-02-13T00:24:45.000000;2016-02-13T00:24:45.000000;ea84e942-b10b-4a51-b14f-1778a5ff24a9;384.67;0.5;UNKNOWN
2016-02-13T00:24:45.000000;2016-02-13T00:24:45.000000;5be6c4b2-269b-4078-9f0f-6d95bf6ea890;384.44;0.25;UNKNOWN
2016-02-13T00:24:45.000000;2016-02-13T00:24:45.000000;0be55630-5537-4dfe-99f6-1f341cc3a569;384.65;2.0;UNKNOWN
2016-02-13T00:24:45.000000;2016-02-13T00:24:45.000000;0546248e-22ee-41e6-9755-1d2e4fd19474;383.97;10.0;UNKNOWN
2016-02-13T00:24:45.000000;2016-02-13T00:24:45.000000;e9afe7e2-ba80-4781-b07e-2e08044ad328;384.36;8.12;UNKNOWN
2016-02-13T00:24:45.000000;2016-02-13T00:24:45.000000;59a39f64-576e-41f6-a72b-cc78c5c2bd0c;383.77;17.0;UNKNOWN
2016-02-13T00:24:45.000000;2016-02-13T00:24:45.000000;1f23b8f0-575a-4f7c-b06a-398f36603ab3;383.8;10.0;UNKNOWN
2016-02-13T00:24:45.000000;2016-02-13T00:24:45.000000;3beaea2c-c72e-45f0-b993-3b8cef9418aa;383.99;0.2;UNKNOWN
2016-02-13T00:24:45.000000;2016-02-13T00:24:45.000000;8266c3df-c1a9-4c37-800c-34acfc857797;384.41;0.05;UNKNOWN
2016-02-13T00:24:45.000000;2016-02-13T00:24:45.000000;30bbb0f1-9310-4f51-90f1-c51552dbf853;384.5;0.0806193;UNKNOWN
2016-02-13T00:24:45.000000;2016-02-13T00:24:45.000000;d4f2ecf3-997f-4e5e-9660-40499936aef4;384.0;0.5;UNKNOWN
2016-02-13T00:24:45.000000;2016-02-13T00:24:45.000000;c2471e2f-9560-402d-b6a7-d9024ad13630;384.0;2.0;UNKNOWN
2016-02-13T00:24:45.000000;2016-02-13T00:24:45.000000;aa49f282-c9f5-4035-a82b-38a831849917;384.0;0.02;UNKNOWN
2016-02-13T00:24:45.000000;2016-02-13T00:24:45.000000;f7c71e80-2dd9-4201-a345-44f9008ad8e1;384.46;15.2084;UNKNOWN
2016-02-13T00:24:45.000000;2016-02-13T00:24:45.000000;8ed1505d-c70d-4286-b19e-6aec7b9ab24f;383.76;7.51;UNKNOWN
2016-02-13T00:24:45.000000;2016-02-13T00:24:45.000000;d111abff-5ac8-43f8-81c3-704017f7c791;384.28;3.14;UNKNOWN
2016-02-13T00:24:45.000000;2016-02-13T00:24:45.000000;67224440-d824-4285-af98-912f6b454eed;384.35;10.3706;UNKNOWN
2016-02-13T00:24:45.000000;2016-02-13T00:24:45.000000;ae535ece-c209-4ad9-aa8e-7db8927d83d9;384.0;2.1593385;UNKNOWN
2016-02-13T00:24:45.000000;2016-02-13T00:24:45.000000;fa1f1aca-4d68-4aae-912f-580a4439825d;384.27;7.9284;UNKNOWN
2016-02-13T00:24:45.000000;2016-02-13T00:24:45.000000;e069b3c7-3a0d-4eb8-a3fc-e49fba0f78d3;384.22;0.1041;UNKNOWN
2016-02-13T00:24:45.000000;2016-02-13T00:24:45.000000;1d96f8e5-6149-4bd6-9fc7-f616b4b5c59e;384.29;0.01967865;UNKNOWN
2016-02-13T00:24:45.000000;2016-02-13T00:24:45.000000;d103f4c1-5b43-45d0-aca5-72a485c59df0;384.28;8.5;UNKNOWN
2016-02-13T00:24:45.000000;2016-02-13T00:24:45.000000;bc0450aa-89d2-4fc5-8dd3-7d8d3095be66;384.3;0.05;UNKNOWN
2016-02-13T00:24:45.000000;2016-02-13T00:24:45.000000;3d7711e7-274f-4908-959b-573f443cfbf3;384.27;18.0;UNKNOWN
2016-02-13T00:24:45.000000;2016-02-13T00:24:45.000000;b1718148-37be-4619-bdb2-f4d206e68190;384.22;10.0;UNKNOWN
2016-02-13T00:24:45.000000;2016-02-13T00:24:45.000000;9f43ac8e-35e8-474d-8169-fecd5665881c;384.3;0.05;UNKNOWN
2016-02-13T00:24:45.000000;2016-02-13T00:24:45.000000;ff9bce16-ae1b-4bf0-918a-a7fe387aa83a;384.21;0.05;UNKNOWN
2016-02-13T00:24:45.000000;2016-02-13T00:24:45.000000;1a574bc1-127f-4156-bc87-910c4224e1c9;384.44;0.4;UNKNOWN
2016-02-13T00:24:45.000000;2016-02-13T00:24:45.000000;1a8a0f86-5c18-4c68-8648-3957771e45ec;384.3;0.04;UNKNOWN
2016-02-13T00:24:45.000000;2016-02-13T00:24:45.000000;223281b8-539e-489c-b7cf-fc8a967f9e51;384.33;0.3;UNKNOWN
2016-02-13T00:24:45.000000;2016-02-13T00:24:45.000000;85a5a0b1-1da7-415a-bb18-bcff1f695808;384.0;0.01;UNKNOWN
2016-02-13T00:24:45.000000;2016-02-13T00:24:45.000000;a6863b18-30ac-4e2f-952f-f5943155b3f8;384.6;15.1124;UNKNOWN
2016-02-13T00:24:45.000000;2016-02-13T00:24:45.000000;9e0ddd18-6605-4482-95fb-52093ed8d224;384.64;0.05;UNKNOWN
2016-02-13T00:24:45.000000;2016-02-13T00:24:45.000000;8ba16647-94be-4d38-9654-0c769899814d;384.59;8.4;UNKNOWN
2016-02-13T00:24:48.000000;2016-02-13T00:24:48.000000;b5923e7a-7186-46a4-ad81-b7dc5287d4ec;383.66;3.73575742;UNKNOWN
2016-02-13T00:24:48.000000;2016-02-13T00:24:48.000000;0f158836-9b25-41ae-a279-774e4ea9b87e;383.66;3.73575742;UNKNOWN
2016-02-13T00:24:48.000000;2016-02-13T00:24:48.000000;76d03723-e445-4fed-a06e-7249c7cdaec9;383.67;3.0;UNKNOWN
2016-02-13T00:24:48.000000;2016-02-13T00:24:48.000000;34e0b411-09d5-4ddd-a9b2-4d3baa301468;383.66;1.89662774;UNKNOWN
2016-02-13T00:24:48.000000;2016-02-13T00:24:48.000000;01f734df-52d8-4e5c-bef2-3b80e6e273c7;383.67;14.3925;UNKNOWN
2016-02-13T00:24:48.000000;2016-02-13T00:24:48.000000;910d4725-e74a-4968-8cb6-e1833c9335b7;383.69;3.0;UNKNOWN
2016-02-13T00:24:48.000000;2016-02-13T00:24:48.000000;ba3a2457-6a62-45fd-a1ab-431056f8ae5f;383.68;6.5036;UNKNOWN
2016-02-13T00:24:48.000000;2016-02-13T00:24:48.000000;bc399248-a0d7-44a6-91af-1508aaf88062;383.66;3.73575742;UNKNOWN
2016-02-13T00:24:56.000000;2016-02-13T00:24:56.000000;68fc4042-0c79-4194-8ea7-dcd2d72d2781;384.37;5.0;UNKNOWN
2016-02-13T00:24:59.000000;2016-02-13T00:24:59.000000;037b15e6-cda4-46d2-aaf6-e16d27a6b435;384.27;0.01;UNKNOWN
2016-02-13T00:24:59.000000;2016-02-13T00:24:59.000000;cdf4de02-6088-4ed0-b999-7542614b2a90;384.27;0.01;UNKNOWN
2016-02-13T00:24:59.000000;2016-02-13T00:24:59.000000;81730031-5eb3-4345-90d3-5d0ed0303056;383.98;14.3826;UNKNOWN
2016-02-13T00:24:59.000000;2016-02-13T00:24:59.000000;8a4b6927-8681-4c3f-9520-3f38416c6036;383.9;18.1274;UNKNOWN
2016-02-13T00:24:59.000000;2016-02-13T00:24:59.000000;d98837e9-3d41-46fe-a0d1-800818ca4ca4;384.27;0.01;UNKNOWN
2016-02-13T00:25:04.000000;2016-02-13T00:25:04.000000;ed5ba306-32f3-49b1-8b97-44717b091d1a;384.37;0.01;UNKNOWN
2016-02-13T00:25:05.000000;2016-02-13T00:25:05.000000;bca80b59-1d01-4794-a108-0614dd9953ee;384.28;0.05;UNKNOWN
2016-02-13T00:25:06.000000;2016-02-13T00:25:06.000000;cca9faf5-64b0-462b-8533-5d4f81acf63d;384.37;0.01;UNKNOWN
2016-02-13T00:25:07.000000;2016-02-13T00:25:07.000000;70c81353-e11e-4769-956c-ef23215b1dc8;384.37;0.01;UNKNOWN
2016-02-13T00:25:11.000000;2016-02-13T00:25:11.000000;80ac28ed-5bab-4442-8c33-1291929cd0af;384.36;0.01;UNKNOWN
2016-02-13T00:25:12.000000;2016-02-13T00:25:12.000000;d7dc8f01-1a7c-4ecf-8f17-7d0a940b17d4;384.35;0.01;UNKNOWN
2016-02-13T00:25:13.000000;2016-02-13T00:25:13.000000;1a9e9929-a074-4154-8774-fdbce4425143;384.35;0.01;UNKNOWN
2016-02-13T00:25:14.000000;2016-02-13T00:25:14.000000;5a3b4663-eed3-4a0b-94f8-7a35c055e2bc;384.35;0.01;UNKNOWN
2016-02-13T00:25:14.000000;2016-02-13T00:25:14.000000;09230bf7-0ee3-4a17-a9e1-f5e22804371a;384.35;0.01;UNKNOWN
2016-02-13T00:25:15.000000;2016-02-13T00:25:15.000000;483ba865-a8d3-4827-817a-c4cc9dd85cd0;384.35;0.01;UNKNOWN
2016-02-13T00:25:15.000000;2016-02-13T00:25:15.000000;2cc605a7-e952-4ac9-bede-eae9e33987c9;384.35;0.01;UNKNOWN
2016-02-13T00:25:18.000000;2016-02-13T00:25:18.000000;2bc53a02-7324-427a-bb83-a430404f6d5e;384.37;6.0253;UNKNOWN
2016-02-13T00:25:28.000000;2016-02-13T00:25:28.000000;d3ed7cdb-78c5-4e03-a11e-6d37689e3a4c;384.6;0.01;UNKNOWN
2016-02-13T00:25:29.000000;2016-02-13T00:25:29.000000;64bfa702-26f8-4b91-8099-cf688523f43e;384.6;0.01;UNKNOWN
2016-02-13T00:25:29.000000;2016-02-13T00:25:29.000000;388e1f9c-2b17-4f19-9a8e-59cffe93e8ec;384.39;0.2;UNKNOWN
2016-02-13T00:25:30.000000;2016-02-13T00:25:30.000000;eda1e9f8-e979-435e-96b9-feeedce42fc9;384.6;0.01;UNKNOWN
2016-02-13T00:25:32.000000;2016-02-13T00:25:32.000000;d145d7e1-c1b0-4edd-bbbf-89aefbcf09f1;384.6;0.01;UNKNOWN
2016-02-13T00:25:33.000000;2016-02-13T00:25:33.000000;3d22f764-ebc0-45ee-b56f-568ccd4ff18a;384.6;0.01;UNKNOWN
2016-02-13T00:25:36.000000;2016-02-13T00:25:36.000000;c354148e-ce21-44c3-8425-eb09e83487f4;384.6;0.01;UNKNOWN
2016-02-13T00:25:37.000000;2016-02-13T00:25:37.000000;81139cb9-456c-40dd-8c1b-18ed5c7001f3;384.6;0.01;UNKNOWN
2016-02-13T00:25:37.000000;2016-02-13T00:25:37.000000;b27bd024-a94a-41bf-bfbe-8c15ecf51734;384.6;0.01;UNKNOWN
2016-02-13T00:25:39.000000;2016-02-13T00:25:39.000000;64ade106-b1b8-4dde-bc20-b4f17216e552;384.6;0.01;UNKNOWN
2016-02-13T00:25:39.000000;2016-02-13T00:25:39.000000;72d8fb9e-4fb8-4094-a158-8690285d15a7;384.6;0.01;UNKNOWN
2016-02-13T00:25:41.000000;2016-02-13T00:25:41.000000;0ac3e022-19f5-4392-b862-258f9bf70bbe;384.6;0.01;UNKNOWN
2016-02-13T00:25:41.000000;2016-02-13T00:25:41.000000;5db3082a-9c86-41c9-97c7-b88662284dae;384.6;0.01;UNKNOWN
2016-02-13T00:26:00.000000;2016-02-13T00:26:00.000000;ab2f1300-c331-4cbb-bf67-eabeec1ba3a2;384.5;0.01;UNKNOWN
2016-02-13T00:26:01.000000;2016-02-13T00:26:01.000000;d0c1b9bc-d399-4711-8107-19aeab6bf6a6;384.5;0.01;UNKNOWN
2016-02-13T00:26:01.000000;2016-02-13T00:26:01.000000;e389f4e1-bad1-4ede-b7c3-bd9934f4d39c;384.5;0.01;UNKNOWN
2016-02-13T00:26:03.000000;2016-02-13T00:26:03.000000;d7e66564-5df7-4068-adcc-0906009a73c1;384.5;0.01;UNKNOWN
2016-02-13T00:26:05.000000;2016-02-13T00:26:05.000000;0e45a717-5818-420c-a68e-9b57fc9efbda;384.41;14.1526;UNKNOWN
2016-02-13T00:26:06.000000;2016-02-13T00:26:06.000000;13827787-d6fe-45c7-83de-9b38090352d7;384.4;0.5;UNKNOWN
2016-02-13T00:26:10.000000;2016-02-13T00:26:10.000000;7067b134-a912-43b6-b75c-58a0f7fe77db;384.38;11.4747;UNKNOWN
2016-02-13T00:26:13.000000;2016-02-13T00:26:13.000000;6afee669-e8fd-4130-9b37-b4f1c809c35f;383.99;0.5;UNKNOWN
2016-02-13T00:26:13.000000;2016-02-13T00:26:13.000000;75a712ac-ad9a-4ee2-aa07-0375025e3fa3;383.99;3.0;UNKNOWN
2016-02-13T00:26:13.000000;2016-02-13T00:26:13.000000;ada3be6a-0fab-4cd7-9dfa-df3b6b3a7c63;383.99;6.4635;UNKNOWN
2016-02-13T00:26:13.000000;2016-02-13T00:26:13.000000;75add7e6-5ac8-45b1-bbc0-d0c0700b8e52;383.99;6.0;UNKNOWN
2016-02-13T00:26:39.000000;2016-02-13T00:26:39.000000;88802a74-9a65-47ae-a8e9-159685d8fdb1;383.61;3.5408;UNKNOWN
2016-02-13T00:26:39.000000;2016-02-13T00:26:39.000000;e87008ca-7b86-4697-88ac-cf2022e1d194;383.72;6.4957;UNKNOWN
2016-02-13T00:27:07.000000;2016-02-13T00:27:07.000000;6270aba5-6abf-4222-a74e-41e3d76a777f;383.6;0.5;UNKNOWN
2016-02-13T00:27:07.000000;2016-02-13T00:27:07.000000;c332dc84-8e7d-4de8-a74c-cd41d48d72ac;383.37;2.4113;UNKNOWN
2016-02-13T00:27:07.000000;2016-02-13T00:27:07.000000;02acc617-ee6d-4de8-94f0-3eeb18c95108;383.38;6.4687;UNKNOWN
2016-02-13T00:27:14.000000;2016-02-13T00:27:14.000000;3e429614-3d1d-4795-a6cc-131c7e67463e;383.89;0.01;UNKNOWN
2016-02-13T00:27:15.000000;2016-02-13T00:27:15.000000;43928cbc-f9d3-456e-ab44-052d915a884b;383.12;3.15;UNKNOWN
2016-02-13T00:27:15.000000;2016-02-13T00:27:15.000000;a769e208-85a6-4f21-9423-e0956a5ca32e;383.12;4.75;UNKNOWN
2016-02-13T00:27:15.000000;2016-02-13T00:27:15.000000;76f1fb84-8e03-416f-b92b-317a33e2db63;383.12;2.0;UNKNOWN
2016-02-13T00:27:17.000000;2016-02-13T00:27:17.000000;4f34ea1d-8e97-45b4-9a43-213f9d5c300c;383.84;0.01;UNKNOWN
2016-02-13T00:27:22.000000;2016-02-13T00:27:22.000000;8bf2ec21-4b35-4b00-88cd-a0917df6ea07;383.12;0.53299881;UNKNOWN
2016-02-13T00:27:26.000000;2016-02-13T00:27:26.000000;4470d1b9-3adf-47ac-a2ca-432091059ee1;383.13;3.7;UNKNOWN
2016-02-13T00:27:27.000000;2016-02-13T00:27:27.000000;a5d875ac-cdb0-4a88-b6c9-015b7679703d;383.12;3.56868599;UNKNOWN
2016-02-13T00:27:27.000000;2016-02-13T00:27:27.000000;d1c0477d-270e-4910-bdb4-8854593b7f83;383.13;0.13131401;UNKNOWN
2016-02-13T00:30:27.000000;2016-02-13T00:30:27.000000;35ea754b-950a-439e-b196-dc293e4a8452;383.78;4.0;UNKNOWN
2016-02-13T00:31:52.000000;2016-02-13T00:31:52.000000;4e2a7f6a-d834-49eb-b3da-78d8151e75da;383.3;0.3;UNKNOWN
2016-02-13T00:32:04.000000;2016-02-13T00:32:04.000000;e5ad7aa6-870b-4779-b464-31449198b8b1;383.29;10.0;UNKNOWN
2016-02-13T00:32:15.000000;2016-02-13T00:32:15.000000;11a16575-ea3b-43de-a236-596a95dc500f;383.1;0.5361;UNKNOWN
2016-02-13T00:32:15.000000;2016-02-13T00:32:15.000000;6f493d8b-5002-42df-a0cf-e82e2ffcc364;383.1;0.1;UNKNOWN
2016-02-13T00:32:15.000000;2016-02-13T00:32:15.000000;d670f47e-6416-4542-a68a-6bc8b72d3bf4;382.97;0.055;UNKNOWN
2016-02-13T00:32:15.000000;2016-02-13T00:32:15.000000;d276d773-fc0e-4cd7-bb93-b7510b94205f;382.8;0.5571;UNKNOWN
2016-02-13T00:32:15.000000;2016-02-13T00:32:15.000000;34c0c1d4-b22d-4b8f-ae78-43cfc537ea07;383.0;0.5;UNKNOWN
2016-02-13T00:32:15.000000;2016-02-13T00:32:15.000000;8830a613-408b-46ae-894c-c7c652b64c1c;382.8;0.04;UNKNOWN
2016-02-13T00:32:15.000000;2016-02-13T00:32:15.000000;c0aa5caf-be83-4fcc-8372-9d0182071e03;383.29;1.7563;UNKNOWN
2016-02-13T00:32:15.000000;2016-02-13T00:32:15.000000;1664df5d-8b85-4fee-a156-7e746a141a33;383.13;0.01;UNKNOWN
2016-02-13T00:32:15.000000;2016-02-13T00:32:15.000000;703cb32e-e7cc-4ec3-b551-a19d0a7dab73;383.11;6.4455;UNKNOWN
2016-02-13T00:32:20.000000;2016-02-13T00:32:20.000000;f238f932-11a2-4991-93ec-83588a58e28d;382.6;4.0;UNKNOWN
2016-02-13T00:32:32.000000;2016-02-13T00:32:32.000000;f2fbb74b-b17c-47b1-884d-71a1461779b1;383.02;1.19;UNKNOWN
2016-02-13T00:33:38.000000;2016-02-13T00:33:38.000000;7dd3bd6e-53d7-4e6f-b711-2ac99d5bff29;383.89;13.3376;UNKNOWN
2016-02-13T00:33:38.000000;2016-02-13T00:33:38.000000;c92aad61-4e4d-48bf-9143-44e2aac3f33e;383.5;17.1216;UNKNOWN
2016-02-13T00:33:38.000000;2016-02-13T00:33:38.000000;40302bbd-cb1a-4b40-b850-cac4ca065b7b;383.66;12.0;UNKNOWN
2016-02-13T00:33:38.000000;2016-02-13T00:33:38.000000;e10eeb19-cd2b-480a-9551-de01901ecf60;383.84;17.8514;UNKNOWN
2016-02-13T00:33:38.000000;2016-02-13T00:33:38.000000;07c60193-c4e7-40f3-b2b0-936331560b30;383.42;6.486;UNKNOWN
2016-02-13T00:33:38.000000;2016-02-13T00:33:38.000000;1c8aeda5-9c36-4fa6-9cc5-8405c0cb0dc7;383.82;8.5;UNKNOWN
2016-02-13T00:33:38.000000;2016-02-13T00:33:38.000000;0e51824f-1444-4586-ba4d-39854863cea7;383.67;17.8923;UNKNOWN
2016-02-13T00:33:38.000000;2016-02-13T00:33:38.000000;6941ec59-035e-456d-8b25-5c227f5e8274;383.44;2.6591826;UNKNOWN
2016-02-13T00:35:58.000000;2016-02-13T00:35:58.000000;4b48bdf5-b1a3-4ec2-8723-e2e789861c7d;383.99;0.31823141;UNKNOWN
2016-02-13T00:37:24.000000;2016-02-13T00:37:24.000000;2c570ef7-cff6-4bc8-8ecb-22b8f6083f52;383.98;0.06;UNKNOWN
2016-02-13T00:37:38.000000;2016-02-13T00:37:38.000000;d2ac8a62-2d71-4f99-87f9-85e972ba8fa8;384.0;10.0;UNKNOWN
2016-02-13T00:37:38.000000;2016-02-13T00:37:38.000000;71788ddf-7921-4bd2-92fc-94f5b80c11f6;384.12;5.06;UNKNOWN
2016-02-13T00:37:38.000000;2016-02-13T00:37:38.000000;706e5263-9d61-4b75-a59c-6da66d167534;383.98;4.94;UNKNOWN
2016-02-13T00:38:31.000000;2016-02-13T00:38:31.000000;7bf620dd-201f-420e-a986-165c5b88bdf6;384.0;7.60117;UNKNOWN
2016-02-13T00:38:31.000000;2016-02-13T00:38:31.000000;a1b1a9bf-455a-4ad2-9e63-931bb35f3d32;384.27;2.39883;UNKNOWN
2016-02-13T00:38:57.000000;2016-02-13T00:38:57.000000;d1f53124-63ce-4d86-ae21-9b9d7ab5b679;383.97;0.03;UNKNOWN
2016-02-13T00:39:13.000000;2016-02-13T00:39:13.000000;908295cb-bf2b-45f5-b599-34bbe52ae3e2;383.81;0.01;UNKNOWN
2016-02-13T00:39:20.000000;2016-02-13T00:39:20.000000;cb310962-f200-4bd5-b08b-427501f6fb31;383.45;0.01;UNKNOWN
2016-02-13T00:39:27.000000;2016-02-13T00:39:27.000000;38fb5d21-ab78-48b0-9637-6d1ac197e118;383.58;0.01;UNKNOWN
2016-02-13T00:39:35.000000;2016-02-13T00:39:35.000000;98eacef8-8232-47bb-aa51-e287dfa4ec4d;383.71;0.01;UNKNOWN
2016-02-13T00:39:42.000000;2016-02-13T00:39:42.000000;79015d6e-a7ce-42f0-a79a-882f8bd717c8;383.83;0.01;UNKNOWN
2016-02-13T00:39:52.000000;2016-02-13T00:39:52.000000;1534c8ab-f583-49cf-aa56-35386b2b74ed;383.89;0.01;UNKNOWN
2016-02-13T00:40:01.000000;2016-02-13T00:40:01.000000;832fb236-6c2c-4a0f-bc70-76c4b93be4d4;383.9;0.1;UNKNOWN
2016-02-13T00:40:02.000000;2016-02-13T00:40:02.000000;d25da78c-d80f-4938-916a-6472460b54b1;383.57;0.01;UNKNOWN
2016-02-13T00:40:14.000000;2016-02-13T00:40:14.000000;e4c389c5-530a-40b2-85f3-8d09e9563b42;383.75;0.01;UNKNOWN
2016-02-13T00:40:30.000000;2016-02-13T00:40:30.000000;0ecf3ce6-2973-48d8-9d96-bfb1d37cdaba;383.47;0.01;UNKNOWN
2016-02-13T00:41:30.000000;2016-02-13T00:41:30.000000;347d00cb-e022-4287-9def-ad237348de65;383.89;6.4503;UNKNOWN
2016-02-13T00:43:05.000000;2016-02-13T00:43:05.000000;5466bd5c-d9e3-460c-96fb-275b249fa797;384.24;0.27571951;UNKNOWN
2016-02-13T00:43:05.000000;2016-02-13T00:43:05.000000;50dd1ba0-1f90-49e7-91b3-447bf56eea50;383.9;0.17;UNKNOWN
2016-02-13T00:43:21.000000;2016-02-13T00:43:21.000000;bcca4cad-4882-4704-a473-779e819d724a;384.09;10.0;UNKNOWN
2016-02-13T00:45:11.000000;2016-02-13T00:45:11.000000;14e47973-7cdc-4a6e-a6de-a07c5c7b5bd1;384.16;0.04;UNKNOWN
2016-02-13T00:47:11.000000;2016-02-13T00:47:11.000000;05b895b9-0601-4f27-a526-70142fa30a74;384.02;6.0;UNKNOWN
2016-02-13T00:47:46.000000;2016-02-13T00:47:46.000000;52ccb41f-1ec1-42fc-a8ca-d689fc484700;384.0;6.4235;UNKNOWN
2016-02-13T00:48:37.000000;2016-02-13T00:48:37.000000;f6c4e980-8b64-4b4a-86b0-bad9eb94c83d;384.0;0.04;UNKNOWN
2016-02-13T00:48:37.000000;2016-02-13T00:48:37.000000;f94f65d9-9aad-48d9-bf08-a31d1190ca98;384.1;0.176342;UNKNOWN
2016-02-13T00:48:56.000000;2016-02-13T00:48:56.000000;15c74644-4c5a-4a5f-a630-c83c353a0701;384.1;9.71444075;UNKNOWN
2016-02-13T00:49:31.000000;2016-02-13T00:49:31.000000;72bfa58a-9da8-43e8-acb4-45b24920e474;384.1;0.1289;UNKNOWN
2016-02-13T00:49:42.000000;2016-02-13T00:49:42.000000;f8fdcc3f-3be5-464c-ae2b-8f830923bc87;384.07;0.5;UNKNOWN
2016-02-13T00:50:12.000000;2016-02-13T00:50:12.000000;594ba632-6960-4d2f-aa01-f726463c8662;384.04;2.02;UNKNOWN
2016-02-13T00:53:02.000000;2016-02-13T00:53:02.000000;22dfe91a-17e0-4b6e-9f18-9a40ff0c9a6d;384.0;2.0;UNKNOWN
2016-02-13T00:53:25.000000;2016-02-13T00:53:25.000000;33bce0d7-3b7e-4e0c-a748-137ef83ae9ec;383.83;3.0;UNKNOWN
2016-02-13T00:53:25.000000;2016-02-13T00:53:25.000000;fadb6dae-14cd-4d28-9a1b-543bd68fb7f8;383.62;1.2;UNKNOWN
2016-02-13T00:55:23.000000;2016-02-13T00:55:23.000000;a03334c3-4703-4f1a-ad46-54997b4d2a98;383.89;6.0;UNKNOWN
2016-02-13T00:55:23.000000;2016-02-13T00:55:23.000000;ce6d50a1-850f-4342-8f61-8e9fa5bd86ad;383.89;0.4875;UNKNOWN
2016-02-13T00:55:59.000000;2016-02-13T00:55:59.000000;bf493894-3394-49ae-9ce4-afd0bdcf5f46;383.9;1.0;UNKNOWN
2016-02-13T00:56:02.000000;2016-02-13T00:56:02.000000;a8f2d056-4907-47f1-a22e-1d122eb4db58;383.9;1.0;UNKNOWN
2016-02-13T00:56:04.000000;2016-02-13T00:56:04.000000;96942241-3ea5-4bb4-9fd8-e8e8834ba84e;383.9;1.0;UNKNOWN
2016-02-13T00:56:05.000000;2016-02-13T00:56:05.000000;4bee1fc9-1417-415e-ae29-d601ba9f4224;383.9;1.0;UNKNOWN
2016-02-13T00:56:07.000000;2016-02-13T00:56:07.000000;51ede29d-5740-405b-ae22-212b273ff8a2;383.9;1.0;UNKNOWN
2016-02-13T00:56:17.000000;2016-02-13T00:56:17.000000;3847afcc-a4a7-423f-851c-ac9d86704c62;383.9;2.0;UNKNOWN
2016-02-13T00:58:19.000000;2016-02-13T00:58:19.000000;2f7a22bf-892a-4f7d-bdac-9590e0ac22bc;383.9;0.03521;UNKNOWN
2016-02-13T00:59:05.000000;2016-02-13T00:59:05.000000;621da06e-d783-4abf-a3f3-ff2a7d2bc854;384.03;0.17750505;UNKNOWN
2016-02-13T00:59:05.000000;2016-02-13T00:59:05.000000;73b8ea7f-ed30-4587-8f36-5724c9dac7d7;383.96;0.32249495;UNKNOWN
2016-02-13T01:00:04.000000;2016-02-13T01:00:04.000000;48b2234e-75d0-45ad-96f6-209122319c4d;384.03;10.0;UNKNOWN
2016-02-13T01:00:22.000000;2016-02-13T01:00:22.000000;ad57d286-c143-4c35-b005-55ad5c31e50a;384.0;2.7192;UNKNOWN
2016-02-13T01:00:22.000000;2016-02-13T01:00:22.000000;728a4fe4-415c-42dc-a2fe-21ce2bf2b25b;384.0;24.19;UNKNOWN
2016-02-13T01:01:07.000000;2016-02-13T01:01:07.000000;8e5ef59e-3595-4e71-899c-e3edaf71db30;384.03;4.82249495;UNKNOWN
2016-02-13T01:01:07.000000;2016-02-13T01:01:07.000000;923486e4-b71e-40c0-8e04-ab227044ecdf;384.3;12.7120878;UNKNOWN
2016-02-13T01:01:07.000000;2016-02-13T01:01:07.000000;34408910-444b-4de9-8394-abff8fadccd0;384.09;6.4851;UNKNOWN
2016-02-13T01:01:07.000000;2016-02-13T01:01:07.000000;07063aa6-6e43-4aaf-a662-ffbe4fc6b499;384.1;0.98031725;UNKNOWN
2016-02-13T01:01:26.000000;2016-02-13T01:01:26.000000;00c79271-cd66-4919-aa1c-0e7ed238c20f;384.6;0.04;UNKNOWN
2016-02-13T01:01:26.000000;2016-02-13T01:01:26.000000;ac1168cb-0a37-43e1-bcbc-98e0416c5753;384.67;0.67865528;UNKNOWN
2016-02-13T01:01:29.000000;2016-02-13T01:01:29.000000;e2bc52e4-3f42-422c-8a58-41d25de12c4a;384.19;0.4;UNKNOWN
2016-02-13T01:01:50.000000;2016-02-13T01:01:50.000000;6f0257eb-7933-47c2-8a6e-be61ae014873;384.66;1.19;UNKNOWN
2016-02-13T01:02:16.000000;2016-02-13T01:02:16.000000;58aa5048-94f1-4b97-9460-02ece96f02da;384.29;0.5;UNKNOWN
2016-02-13T01:02:16.000000;2016-02-13T01:02:16.000000;549b289d-a32d-4168-91cd-b0d428a793c8;384.29;0.8;UNKNOWN
2016-02-13T01:02:36.000000;2016-02-13T01:02:36.000000;0d675a4e-4aa1-4563-b183-946d6a3a25f8;384.67;20.0;UNKNOWN
2016-02-13T01:02:47.000000;2016-02-13T01:02:47.000000;43bac3ca-e2c2-4e20-a9d2-9f4fd0f4fd82;384.67;1.0;UNKNOWN
2016-02-13T01:02:48.000000;2016-02-13T01:02:48.000000;02686e81-c0b0-4445-a5f5-37d030473f7f;384.48;0.5;UNKNOWN
2016-02-13T01:03:01.000000;2016-02-13T01:03:01.000000;de0f87e9-7bf2-47cd-a0b6-0c6b43798efb;384.67;1.0;UNKNOWN
2016-02-13T01:03:24.000000;2016-02-13T01:03:24.000000;c31bab0e-aa1d-4a0e-9cb0-a7b1dc2f031a;384.54;0.58365871;UNKNOWN
2016-02-13T01:03:26.000000;2016-02-13T01:03:26.000000;b6c5ed8d-a38a-45fa-826b-21a1219e800e;384.67;1.04;UNKNOWN
2016-02-13T01:03:26.000000;2016-02-13T01:03:26.000000;0783858d-028d-4e7c-9cc3-8008fc47cc59;384.86;7.8654;UNKNOWN
2016-02-13T01:03:26.000000;2016-02-13T01:03:26.000000;b04c0a27-fb4b-464d-878e-234451491bb5;384.87;0.9446;UNKNOWN
2016-02-13T01:03:26.000000;2016-02-13T01:03:26.000000;a6e7b098-9d98-4d53-9c68-774eb34e9d5b;384.8;0.05;UNKNOWN
2016-02-13T01:03:26.000000;2016-02-13T01:03:26.000000;b6cf5fbc-cece-4153-aa14-914498724a09;384.68;0.1;UNKNOWN
2016-02-13T01:03:36.000000;2016-02-13T01:03:36.000000;6b8cd7fc-f6e6-4fa6-b63d-0157fcaa3309;384.86;0.49033908;UNKNOWN
2016-02-13T01:03:37.000000;2016-02-13T01:03:37.000000;8e1bf4c7-3fdf-44c9-96a9-aa239301cb5c;384.86;5.0;UNKNOWN
2016-02-13T01:03:53.000000;2016-02-13T01:03:53.000000;62f7dda9-79da-4a02-8f36-308b227af8f3;384.66;0.2;UNKNOWN
2016-02-13T01:04:04.000000;2016-02-13T01:04:04.000000;04fcbfc7-7fd0-4f75-a96f-27c2bb9be014;384.73;0.05;UNKNOWN
2016-02-13T01:04:43.000000;2016-02-13T01:04:43.000000;a98314a3-335c-4f91-861f-b29abc58f28a;384.51;0.1170315;UNKNOWN
2016-02-13T01:05:01.000000;2016-02-13T01:05:01.000000;1af7d11a-74b6-4868-b3d7-6bf20fb25389;384.87;3.1249;UNKNOWN
2016-02-13T01:05:01.000000;2016-02-13T01:05:01.000000;4f9684c4-7e3f-469d-825a-f309959a4283;384.85;3.0;UNKNOWN
2016-02-13T01:05:01.000000;2016-02-13T01:05:01.000000;6945c59d-877a-442c-894e-57e90147c03e;384.83;0.5;UNKNOWN
2016-02-13T01:05:01.000000;2016-02-13T01:05:01.000000;41d7e24e-591d-41e8-a125-706a5034ed46;384.86;6.0;UNKNOWN
2016-02-13T01:05:01.000000;2016-02-13T01:05:01.000000;6505afc1-e7dd-4872-9170-bfeffff96f3c;384.84;2.3751;UNKNOWN
2016-02-13T01:06:53.000000;2016-02-13T01:06:53.000000;2f516ee1-cc8a-4655-ad52-3c926d824cc4;384.84;3.0;UNKNOWN
2016-02-13T01:06:56.000000;2016-02-13T01:06:56.000000;508a043a-96d3-4f37-910b-06a0c1bab407;384.85;5.0;UNKNOWN
2016-02-13T01:07:27.000000;2016-02-13T01:07:27.000000;ffa0627a-67fc-4875-9453-692e44309ea0;384.85;2.0;UNKNOWN
2016-02-13T01:07:29.000000;2016-02-13T01:07:29.000000;3b131aef-0391-46ef-b5b6-084bdb009fab;384.85;2.0;UNKNOWN
2016-02-13T01:07:31.000000;2016-02-13T01:07:31.000000;b84837f3-e609-4ced-8a23-2705d8a29dd8;384.85;2.0;UNKNOWN
2016-02-13T01:08:15.000000;2016-02-13T01:08:15.000000;adda4f80-e16d-4601-a09f-90d88cf55a71;384.55;0.4;UNKNOWN
2016-02-13T01:09:06.000000;2016-02-13T01:09:06.000000;d60d0857-a5b4-41d0-a854-ac11552b6318;384.85;0.05;UNKNOWN
2016-02-13T01:09:09.000000;2016-02-13T01:09:09.000000;d51799f3-0a2c-44a3-bc55-aa6ccc322adc;384.98;0.01;UNKNOWN
2016-02-13T01:09:09.000000;2016-02-13T01:09:09.000000;f5dbe068-1e8b-432e-9aaf-56674f4cc2d0;384.99;5.6898423;UNKNOWN
2016-02-13T01:09:09.000000;2016-02-13T01:09:09.000000;065a823c-3fcd-4cdc-b297-1e3310e7979e;384.97;17.0;UNKNOWN
2016-02-13T01:09:09.000000;2016-02-13T01:09:09.000000;c290f770-df57-4601-865f-bdd42f028748;385.0;10.0;UNKNOWN
2016-02-13T01:09:09.000000;2016-02-13T01:09:09.000000;e73f47f2-b95d-4837-99a3-291fe979cc84;384.99;5.0;UNKNOWN
2016-02-13T01:09:09.000000;2016-02-13T01:09:09.000000;9e85ebb0-add2-4566-a7dd-ca12a288b272;385.0;18.56861521;UNKNOWN
2016-02-13T01:09:09.000000;2016-02-13T01:09:09.000000;03194b1f-aad9-4963-ae7c-a710d699596d;385.0;10.0;UNKNOWN
2016-02-13T01:09:09.000000;2016-02-13T01:09:09.000000;967a7edb-b22d-48ec-9143-4b0dba8d5b85;385.0;0.0169;UNKNOWN
2016-02-13T01:09:09.000000;2016-02-13T01:09:09.000000;36ddac0b-d170-429a-b260-fdfef32dd7d0;384.99;0.01;UNKNOWN
2016-02-13T01:09:09.000000;2016-02-13T01:09:09.000000;49143b4a-6509-46ff-ad51-55109a86ab62;385.0;0.05;UNKNOWN
2016-02-13T01:09:09.000000;2016-02-13T01:09:09.000000;1f4cd1b2-597e-42c4-85f5-35297e6206e1;384.85;3.95;UNKNOWN
2016-02-13T01:09:09.000000;2016-02-13T01:09:09.000000;a701c4b9-28e6-4f16-99f5-4da859c7d20b;384.9;2.0;UNKNOWN
2016-02-13T01:09:09.000000;2016-02-13T01:09:09.000000;075a4cbc-48eb-4f1d-8dea-8394409a8dc0;384.88;0.4;UNKNOWN
2016-02-13T01:09:09.000000;2016-02-13T01:09:09.000000;b9634857-b9db-4528-b158-851dda1d642b;384.85;0.3;UNKNOWN
2016-02-13T01:09:09.000000;2016-02-13T01:09:09.000000;af3c5511-f6e4-41d5-902d-1408a1cb7dfd;384.9;0.24686388;UNKNOWN
2016-02-13T01:09:09.000000;2016-02-13T01:09:09.000000;09774c28-51e6-40c4-a674-c3e5ca703ace;384.9;20.0;UNKNOWN
2016-02-13T01:09:09.000000;2016-02-13T01:09:09.000000;95410088-353e-4529-8524-f356658fabd1;384.87;5.9305;UNKNOWN
2016-02-13T01:09:09.000000;2016-02-13T01:09:09.000000;e2358a9f-1d75-4dd4-8ca2-b9e5b849b7cd;384.93;0.1137;UNKNOWN
2016-02-13T01:09:29.000000;2016-02-13T01:09:29.000000;45d2f363-7d47-4db7-bcad-de6cedfedef6;384.85;0.8;UNKNOWN
2016-02-13T01:09:39.000000;2016-02-13T01:09:39.000000;597dbcf6-d6e6-44fc-85b7-572ace9e7b26;384.85;1.0069;UNKNOWN
2016-02-13T01:09:45.000000;2016-02-13T01:09:45.000000;b4db8192-3ee0-4422-b507-c16ea644d7f1;384.85;0.972;UNKNOWN
2016-02-13T01:09:45.000000;2016-02-13T01:09:45.000000;f88f49c4-8073-4d0b-9427-9da7915c8b9f;384.84;0.028;UNKNOWN
2016-02-13T01:09:47.000000;2016-02-13T01:09:47.000000;79aacf90-7118-4851-9f22-11497ea788c2;385.44;0.5;UNKNOWN
2016-02-13T01:09:47.000000;2016-02-13T01:09:47.000000;551f9dbb-042b-475f-8060-8848de3f06c9;385.19;14.2625;UNKNOWN
2016-02-13T01:09:47.000000;2016-02-13T01:09:47.000000;69463103-7e3c-4412-99db-fc81ce5a95d8;385.5;1.2;UNKNOWN
2016-02-13T01:09:47.000000;2016-02-13T01:09:47.000000;25c7be29-a1fe-4c3e-a990-11ed1ed373ba;385.3;0.05;UNKNOWN
2016-02-13T01:09:47.000000;2016-02-13T01:09:47.000000;ff7870f2-5782-45fc-ba73-e4341c8277e8;385.52;14.2809;UNKNOWN
2016-02-13T01:09:47.000000;2016-02-13T01:09:47.000000;a5b87e1d-6335-4787-8140-fc5b8cc01bf6;385.36;0.1;UNKNOWN
2016-02-13T01:09:47.000000;2016-02-13T01:09:47.000000;d8f8c320-2e83-4f99-8b64-2a976470252e;385.25;18.72;UNKNOWN
2016-02-13T01:09:47.000000;2016-02-13T01:09:47.000000;7ea8ff88-9b49-4fad-9d19-d74073d82d31;385.18;14.9064;UNKNOWN
2016-02-13T01:09:47.000000;2016-02-13T01:09:47.000000;1c2c81f4-3e50-4c88-8a09-56f1f4b79749;385.55;15.0;UNKNOWN
2016-02-13T01:09:47.000000;2016-02-13T01:09:47.000000;2fb42237-5f3d-466d-8f80-003cbddcccdd;385.01;0.09;UNKNOWN
2016-02-13T01:09:47.000000;2016-02-13T01:09:47.000000;66389d63-56c1-4560-9ee0-18bf752a88b5;385.0;0.01;UNKNOWN
2016-02-13T01:09:47.000000;2016-02-13T01:09:47.000000;9e3603a8-4161-4682-867a-65f1229c7e04;385.0;0.01;UNKNOWN
2016-02-13T01:09:47.000000;2016-02-13T01:09:47.000000;fca4a2db-6a29-4702-a03c-154ca474bc30;384.85;16.0628744;UNKNOWN
2016-02-13T01:09:47.000000;2016-02-13T01:09:47.000000;00c0949d-d825-40f1-8e91-2052514049bf;385.0;0.01;UNKNOWN
2016-02-13T01:09:47.000000;2016-02-13T01:09:47.000000;c3bbc530-d52e-4a48-9606-e81e40c2a7da;385.55;0.1;UNKNOWN
2016-02-13T01:09:47.000000;2016-02-13T01:09:47.000000;09779a28-382a-4970-8c70-ef29a0640e32;385.43;0.01;UNKNOWN
2016-02-13T01:09:47.000000;2016-02-13T01:09:47.000000;45c279dc-eb04-49d4-8c11-8417762baa58;385.22;0.4;UNKNOWN
2016-02-13T01:09:47.000000;2016-02-13T01:09:47.000000;9db034d9-7de9-4fa4-81d2-b2e5e4df5150;385.38;20.0;UNKNOWN
2016-02-13T01:09:47.000000;2016-02-13T01:09:47.000000;619479d1-98f2-4395-8305-3a1ed51af203;385.0;0.95;UNKNOWN
2016-02-13T01:09:47.000000;2016-02-13T01:09:47.000000;e8fcbc52-42a2-4c41-8fa8-f73896e91a30;385.36;14.1571;UNKNOWN
2016-02-13T01:09:47.000000;2016-02-13T01:09:47.000000;26f818d2-24a2-4079-8d89-88eb502d632c;385.56;1.2786;UNKNOWN
2016-02-13T01:09:47.000000;2016-02-13T01:09:47.000000;71b20f70-5075-44ff-a80a-8110fa2bf233;385.22;20.0;UNKNOWN
2016-02-13T01:09:47.000000;2016-02-13T01:09:47.000000;55c829f2-250d-4cb1-89c4-cee1a2c41983;385.0;31.43138479;UNKNOWN
2016-02-13T01:09:47.000000;2016-02-13T01:09:47.000000;6c13a438-851e-4eea-a78e-9e14dbd6492d;385.0;2.7804168;UNKNOWN
2016-02-13T01:09:47.000000;2016-02-13T01:09:47.000000;8eaf72a1-4d75-4166-b5ec-246d045b51f7;385.0;0.02;UNKNOWN
2016-02-13T01:09:47.000000;2016-02-13T01:09:47.000000;982f79b0-3dc3-4ee5-89d3-33215960f3d4;385.0;0.2;UNKNOWN
2016-02-13T01:09:47.000000;2016-02-13T01:09:47.000000;df274a99-3b82-4d4b-a315-daab423b388f;385.55;0.05;UNKNOWN
2016-02-13T01:09:47.000000;2016-02-13T01:09:47.000000;4fa7a80e-765d-407f-99c4-87dd8b24a63e;385.0;1.0;UNKNOWN
2016-02-13T01:09:47.000000;2016-02-13T01:09:47.000000;ceba4747-54c5-48dd-a405-3ab7dd3e3f3f;385.34;4.80360344;UNKNOWN
2016-02-13T01:09:47.000000;2016-02-13T01:09:47.000000;6679bf38-e76a-4edb-b66c-80d5eaa6cfad;385.29;0.26;UNKNOWN
2016-02-13T01:09:47.000000;2016-02-13T01:09:47.000000;578f75cf-d110-4690-a501-e099ba52fd54;385.35;29.06;UNKNOWN
2016-02-13T01:09:48.000000;2016-02-13T01:09:48.000000;22b9962c-9d4e-42e9-be3c-588aa29c594d;385.6;2.6;UNKNOWN
2016-02-13T01:09:49.000000;2016-02-13T01:09:49.000000;44e56f53-a065-46ce-b579-fe0b89825e7e;385.6;9.3;UNKNOWN
2016-02-13T01:09:49.000000;2016-02-13T01:09:49.000000;f83ef4b6-5c9b-487e-aefb-fae20de5027b;385.6;8.54;UNKNOWN
2016-02-13T01:09:49.000000;2016-02-13T01:09:49.000000;39da75d3-a5b0-4961-bdab-69b1d2335a0c;385.6;0.68734705;UNKNOWN
2016-02-13T01:09:49.000000;2016-02-13T01:09:49.000000;6677eb6b-9fc6-470b-8c41-eb560bfaac07;385.6;7.16887352;UNKNOWN
2016-02-13T01:09:50.000000;2016-02-13T01:09:50.000000;0d5681fa-1eb4-45d9-b9aa-49b954f97f4f;385.65;6.84805295;UNKNOWN
2016-02-13T01:09:50.000000;2016-02-13T01:09:50.000000;f3a5a15a-e67c-4277-bc1e-9b95811521e0;385.65;3.52734705;UNKNOWN
2016-02-13T01:09:50.000000;2016-02-13T01:09:50.000000;2dc18461-b0e9-4b66-aaf8-3aa9f3a08f7b;385.18;1.47265295;UNKNOWN
2016-02-13T01:09:50.000000;2016-02-13T01:09:50.000000;fa9a73a7-3cf3-40a7-ac8a-13a1719b5503;385.66;0.5;UNKNOWN
2016-02-13T01:09:50.000000;2016-02-13T01:09:50.000000;9eda4e0b-de39-49bb-b2ae-7797c4036e3d;385.75;2.65194705;UNKNOWN
2016-02-13T01:09:56.000000;2016-02-13T01:09:56.000000;09f3436d-b132-4feb-a1a3-2f6d2a384575;385.61;1.0;UNKNOWN
2016-02-13T01:09:56.000000;2016-02-13T01:09:56.000000;66f5174a-a2a2-4c3b-932c-34613ee845d7;385.61;1.0;UNKNOWN
2016-02-13T01:09:56.000000;2016-02-13T01:09:56.000000;dd02512a-81c3-471c-abb4-2e156d2f5fb3;385.61;1.0;UNKNOWN
2016-02-13T01:09:56.000000;2016-02-13T01:09:56.000000;925c7d57-0aa0-4f07-9e8b-e1800fb856d2;385.41;1.1533;UNKNOWN
2016-02-13T01:09:56.000000;2016-02-13T01:09:56.000000;71b9577f-685e-47ec-bd7e-9098f70028d0;385.61;0.4046;UNKNOWN
2016-02-13T01:09:56.000000;2016-02-13T01:09:56.000000;dc492b72-2705-42be-a08f-ac525aefe9e7;385.61;15.4421;UNKNOWN
2016-02-13T01:09:56.000000;2016-02-13T01:09:56.000000;59ee86e8-1bc8-4337-8042-a36307d162ec;385.6;3.0;UNKNOWN
2016-02-13T01:09:57.000000;2016-02-13T01:09:57.000000;d79e53fe-35b2-4f2c-b40a-935897364d45;385.6;5.0;UNKNOWN
2016-02-13T01:09:57.000000;2016-02-13T01:09:57.000000;338cb7a2-e426-4bd7-b895-b793fa223f13;385.61;1.0;UNKNOWN
2016-02-13T01:09:59.000000;2016-02-13T01:09:59.000000;5c770d7e-91b9-45bd-8046-4a108684a39b;385.61;0.45;UNKNOWN
2016-02-13T01:10:03.000000;2016-02-13T01:10:03.000000;7ce834df-fc79-4e78-9a52-f9a7d0fc5358;385.21;0.05;UNKNOWN
2016-02-13T01:10:03.000000;2016-02-13T01:10:03.000000;9076b36a-887f-4681-befc-8e77a32e5757;385.61;0.05;UNKNOWN
2016-02-13T01:10:05.000000;2016-02-13T01:10:05.000000;db0b4e03-f542-4180-8bf2-64705c0ea600;385.23;0.06585135;UNKNOWN
2016-02-13T01:10:05.000000;2016-02-13T01:10:05.000000;7fe442dc-15c6-4b2b-8018-fa4531fa5cb6;385.23;0.0868;UNKNOWN
2016-02-13T01:10:07.000000;2016-02-13T01:10:07.000000;51854d6e-3957-43e2-aef0-50beb32edca7;385.24;2.15;UNKNOWN
2016-02-13T01:10:13.000000;2016-02-13T01:10:13.000000;92ff7f14-53dd-47a5-a1ff-fa1a76a3082c;385.28;0.0129;UNKNOWN
2016-02-13T01:10:13.000000;2016-02-13T01:10:13.000000;194e9395-c4dd-4bc4-967b-58bc32e06f1d;385.61;2.472;UNKNOWN
2016-02-13T01:10:13.000000;2016-02-13T01:10:13.000000;2489c0eb-a99c-4bc2-b5df-c59f26b2fd13;385.4;0.028;UNKNOWN
2016-02-13T01:10:33.000000;2016-02-13T01:10:33.000000;4013bdcd-acb9-4d0c-a0ff-309b940d034e;385.21;0.0229;UNKNOWN
2016-02-13T01:10:44.000000;2016-02-13T01:10:44.000000;1c0faee9-a400-4d8e-8ca9-456887e40ced;385.21;0.6685;UNKNOWN
2016-02-13T01:10:47.000000;2016-02-13T01:10:47.000000;10199375-4d7b-43f7-a58d-14e34bba4021;385.21;0.29994;UNKNOWN
2016-02-13T01:10:53.000000;2016-02-13T01:10:53.000000;3159af9e-5474-4c3b-9662-189982386196;385.23;0.3028;UNKNOWN
2016-02-13T01:11:01.000000;2016-02-13T01:11:01.000000;c5fca4b2-fa64-4fd5-b50b-35c42216299a;385.27;0.1;UNKNOWN
2016-02-13T01:11:04.000000;2016-02-13T01:11:04.000000;1387fe73-ca16-4ee3-8ea2-bb95279ba50e;385.46;9.09607;UNKNOWN
2016-02-13T01:11:04.000000;2016-02-13T01:11:04.000000;916be298-475a-4265-a7c6-2fb06519be24;385.6;0.2205;UNKNOWN
2016-02-13T01:11:04.000000;2016-02-13T01:11:04.000000;2443cd0d-f64b-4b5e-9350-e0e0721720c5;385.67;15.65543;UNKNOWN
2016-02-13T01:11:04.000000;2016-02-13T01:11:04.000000;0590b120-ae6a-44a5-92c0-036c4155f6d6;385.6;0.028;UNKNOWN
2016-02-13T01:11:07.000000;2016-02-13T01:11:07.000000;1256f67e-bf41-4038-b602-054ed07299f9;385.3;0.0778;UNKNOWN
2016-02-13T01:11:09.000000;2016-02-13T01:11:09.000000;27892d00-b9e7-40d5-add9-8bc8dadcc8e2;385.9;10.0;UNKNOWN
2016-02-13T01:11:09.000000;2016-02-13T01:11:09.000000;330875da-6e91-4103-a514-040d055a64c9;385.9;20.0;UNKNOWN
2016-02-13T01:11:09.000000;2016-02-13T01:11:09.000000;6f386e73-a878-4261-8b60-09f0894bfaee;385.74;12.8148;UNKNOWN
2016-02-13T01:11:09.000000;2016-02-13T01:11:09.000000;ac24dd93-0a15-41e9-b925-e663a7085681;385.82;0.1;UNKNOWN
2016-02-13T01:11:09.000000;2016-02-13T01:11:09.000000;6e6decec-3cb2-4ed6-a3df-5ebca8f6b7e0;385.9;0.2;UNKNOWN
2016-02-13T01:11:09.000000;2016-02-13T01:11:09.000000;32b2fff8-d74d-4b60-afad-02f150579e7e;385.89;4.05540344;UNKNOWN
2016-02-13T01:11:09.000000;2016-02-13T01:11:09.000000;1fc40318-dfef-42ae-b8e6-0d79c2d1db98;385.89;1.0;UNKNOWN
2016-02-13T01:11:09.000000;2016-02-13T01:11:09.000000;2a20364b-e432-4ceb-a7ec-be576c2eef0e;385.88;0.6;UNKNOWN
2016-02-13T01:11:09.000000;2016-02-13T01:11:09.000000;5c4a1bf7-b3b8-4890-b0d3-cd3253b2e731;385.79;14.5282;UNKNOWN
2016-02-13T01:11:09.000000;2016-02-13T01:11:09.000000;69251eb0-2933-4a29-abee-3fed086401ce;385.75;17.34805295;UNKNOWN
2016-02-13T01:11:14.000000;2016-02-13T01:11:14.000000;010c72be-8fb7-48de-a04b-f0d58f482079;385.9;0.26595743;UNKNOWN
2016-02-13T01:11:16.000000;2016-02-13T01:11:16.000000;56015779-c63c-41be-b07c-3426347b9a23;385.9;0.4;UNKNOWN
2016-02-13T01:11:22.000000;2016-02-13T01:11:22.000000;c2ab37a7-3168-4772-b8af-97eda3653859;385.9;0.4972;UNKNOWN
2016-02-13T01:11:23.000000;2016-02-13T01:11:23.000000;7d990f81-87a5-4188-9241-c3f7b86a8e10;385.9;2.9137;UNKNOWN
2016-02-13T01:11:24.000000;2016-02-13T01:11:24.000000;e6702c80-7166-4cb3-a978-cc273d909947;385.9;0.5;UNKNOWN
2016-02-13T01:11:26.000000;2016-02-13T01:11:26.000000;63926c75-660e-4e78-805a-7e3786f13932;385.91;2.24;UNKNOWN
2016-02-13T01:11:26.000000;2016-02-13T01:11:26.000000;f6442329-24f0-4226-97bb-83b47fe1b60e;385.91;0.26;UNKNOWN
2016-02-13T01:11:26.000000;2016-02-13T01:11:26.000000;27d22605-253c-4681-a7c3-70176bdd085f;385.9;0.9415;UNKNOWN
2016-02-13T01:11:26.000000;2016-02-13T01:11:26.000000;a60d0fb0-0b93-4669-accd-3ac6838ca1b0;385.9;0.19577;UNKNOWN
2016-02-13T01:11:29.000000;2016-02-13T01:11:29.000000;76ed9f3b-979e-4ce7-baae-f6697b98e7bd;385.9;0.4999;UNKNOWN
2016-02-13T01:11:33.000000;2016-02-13T01:11:33.000000;ece58d0f-e874-44dc-92dd-b72821e9ee8d;385.9;0.2126;UNKNOWN
2016-02-13T01:11:34.000000;2016-02-13T01:11:34.000000;e5e8bc6a-ec20-4eab-be04-8e8c6ea9025b;385.99;2.2275979;UNKNOWN
2016-02-13T01:11:34.000000;2016-02-13T01:11:34.000000;1b75661a-8567-4da6-a7a5-325d393fdc65;385.98;16.5714;UNKNOWN
2016-02-13T01:11:34.000000;2016-02-13T01:11:34.000000;e8544093-cbc1-468a-8611-dfefe51ab8f0;385.91;7.8477021;UNKNOWN
2016-02-13T01:11:34.000000;2016-02-13T01:11:34.000000;15f9a180-f72f-4a9d-a4b0-47683ce8ae1d;385.94;16.3385;UNKNOWN
2016-02-13T01:11:34.000000;2016-02-13T01:11:34.000000;1cd12683-ab82-4781-a0c3-2fe3e64d878f;385.91;0.4;UNKNOWN
2016-02-13T01:11:34.000000;2016-02-13T01:11:34.000000;22929753-756a-4369-8618-cc23bd393be0;385.91;0.18;UNKNOWN
2016-02-13T01:11:44.000000;2016-02-13T01:11:44.000000;883037ea-a2c7-44e3-877c-68621ca531d1;385.92;0.29994;UNKNOWN
2016-02-13T01:11:44.000000;2016-02-13T01:11:44.000000;1a4a29ba-2a2a-4488-a391-1ba0978a3950;385.92;0.10012746;UNKNOWN
2016-02-13T01:11:48.000000;2016-02-13T01:11:48.000000;523deb5d-d5c6-4379-b481-13b7b1025a9a;385.93;0.1616;UNKNOWN
2016-02-13T01:11:49.000000;2016-02-13T01:11:49.000000;c1ead31f-92d8-421f-b681-ca6bd874d94e;385.93;0.1307;UNKNOWN
2016-02-13T01:11:52.000000;2016-02-13T01:11:52.000000;6414e1c9-f030-4600-9a56-a1a957e1314a;385.9;0.5;UNKNOWN
2016-02-13T01:11:57.000000;2016-02-13T01:11:57.000000;0d9ef248-deba-46a4-b4ea-d3f34bca6c79;385.91;0.1689;UNKNOWN
2016-02-13T01:11:59.000000;2016-02-13T01:11:59.000000;13549441-e042-4871-9a41-b15f09b9fbf0;385.97;0.0694;UNKNOWN
2016-02-13T01:12:04.000000;2016-02-13T01:12:04.000000;1c170270-6db3-4c89-9082-f79013755d47;385.9;0.05;UNKNOWN
2016-02-13T01:12:05.000000;2016-02-13T01:12:05.000000;9716a723-d991-4dc7-962c-a4428dd9edde;385.9;0.4999;UNKNOWN
2016-02-13T01:12:14.000000;2016-02-13T01:12:14.000000;a9abadcd-4b8d-4cfa-a637-9c9089bb5e16;385.9;0.1177;UNKNOWN
2016-02-13T01:12:16.000000;2016-02-13T01:12:16.000000;4c3bf4a7-b2a9-4a9a-9887-69a4c1750426;385.9;0.5;UNKNOWN
2016-02-13T01:12:16.000000;2016-02-13T01:12:16.000000;0c182cb6-c99a-4ddb-b3eb-53033f45e3d0;385.94;0.01;UNKNOWN
2016-02-13T01:12:24.000000;2016-02-13T01:12:24.000000;893d40e3-a5d1-4872-b650-488ef2685bc3;385.94;0.01;UNKNOWN
2016-02-13T01:12:28.000000;2016-02-13T01:12:28.000000;ea68c45d-9669-481c-b6d3-33d1b990e5e5;385.93;0.01;UNKNOWN
2016-02-13T01:12:36.000000;2016-02-13T01:12:36.000000;fdcb198a-0a35-4b67-84a8-787b608423e9;385.92;0.01;UNKNOWN
2016-02-13T01:12:38.000000;2016-02-13T01:12:38.000000;c225206a-58f6-4652-abe8-843729177f61;385.9;0.29994;UNKNOWN
2016-02-13T01:12:38.000000;2016-02-13T01:12:38.000000;d6fad319-8d57-4229-94a0-03b45c230001;385.9;1.19;UNKNOWN
2016-02-13T01:12:45.000000;2016-02-13T01:12:45.000000;21c240df-1704-4409-a68e-e2990e68222c;385.9;0.4468;UNKNOWN
2016-02-13T01:13:04.000000;2016-02-13T01:13:04.000000;0ce95c52-670d-45a3-aac7-c7d9df2527cd;385.9;0.0529;UNKNOWN
2016-02-13T01:13:16.000000;2016-02-13T01:13:16.000000;2dfc360c-c9b5-4af6-9ef6-a52df3fc2660;385.91;0.27;UNKNOWN
2016-02-13T01:13:16.000000;2016-02-13T01:13:16.000000;bc7496a7-884d-48b9-9a63-47c1b885e819;385.9;0.0462;UNKNOWN
2016-02-13T01:13:18.000000;2016-02-13T01:13:18.000000;fd4da7bc-f147-4676-b215-228c13ca66b6;385.9;0.7;UNKNOWN
2016-02-13T01:13:25.000000;2016-02-13T01:13:25.000000;37d6e3a5-14a2-486c-bb32-30bbb1644059;385.9;0.5;UNKNOWN
2016-02-13T01:13:34.000000;2016-02-13T01:13:34.000000;7e13690e-c07b-4569-8cc1-2df94f9e3444;385.9;0.29994;UNKNOWN
2016-02-13T01:13:46.000000;2016-02-13T01:13:46.000000;80ab5920-d4dd-4b6c-bdb0-3bf0a67567d5;385.9;0.3;UNKNOWN
2016-02-13T01:13:46.000000;2016-02-13T01:13:46.000000;b0be067e-bf78-40da-8c0c-663c1d7663a9;385.9;0.09;UNKNOWN
2016-02-13T01:13:47.000000;2016-02-13T01:13:47.000000;f2d89af1-9562-4e7e-b873-395b61302989;385.9;0.0491;UNKNOWN
2016-02-13T01:13:55.000000;2016-02-13T01:13:55.000000;ab6bc6d2-154e-4ee7-b32f-170f23d10eb5;385.9;0.0808;UNKNOWN
2016-02-13T01:14:02.000000;2016-02-13T01:14:02.000000;644668ef-d843-41d8-8d59-33feee20daad;385.9;0.5997;UNKNOWN
2016-02-13T01:14:05.000000;2016-02-13T01:14:05.000000;5af24182-d1c5-4512-aa11-33a80a7879bf;385.9;0.6008;UNKNOWN
2016-02-13T01:14:05.000000;2016-02-13T01:14:05.000000;d571ded3-60dc-4910-af4f-fe6d0f4c8dfc;385.9;3.1792;UNKNOWN
2016-02-13T01:14:06.000000;2016-02-13T01:14:06.000000;3e71369e-a08d-4040-a2aa-2a8344cb26ac;385.9;0.4752;UNKNOWN
2016-02-13T01:14:15.000000;2016-02-13T01:14:15.000000;f4a5a26e-d4a6-419e-8f1e-0eaa1a00fc93;385.46;2.15126382;UNKNOWN
2016-02-13T01:14:15.000000;2016-02-13T01:14:15.000000;05513e45-783b-4f76-87e8-c8d1d99c0d6c;385.9;2.34873618;UNKNOWN
2016-02-13T01:14:24.000000;2016-02-13T01:14:24.000000;5027c59e-0c4a-47e9-bd6a-0680d7fa9204;385.59;0.75;UNKNOWN
2016-02-13T01:14:31.000000;2016-02-13T01:14:31.000000;681e3396-a67a-4e6d-af7b-41810b33151f;385.41;0.29994;UNKNOWN
2016-02-13T01:14:33.000000;2016-02-13T01:14:33.000000;c2a80713-75c3-424a-a41e-a38a50ea6162;385.41;3.152;UNKNOWN
2016-02-13T01:14:40.000000;2016-02-13T01:14:40.000000;90dd0ab9-e1d4-4ed7-b196-1c4f063246b8;385.41;0.078;UNKNOWN
2016-02-13T01:14:50.000000;2016-02-13T01:14:50.000000;480137ad-a7ad-468c-99ab-45fa27523cd3;385.41;3.0745;UNKNOWN
2016-02-13T01:14:59.000000;2016-02-13T01:14:59.000000;07c3679f-2db8-4ae9-8a1f-5f0be4ffd2c3;385.43;0.1286;UNKNOWN
2016-02-13T01:15:01.000000;2016-02-13T01:15:01.000000;ee4321f7-d1cb-4af0-bf12-4de5a9fe702e;385.44;0.5;UNKNOWN
2016-02-13T01:15:01.000000;2016-02-13T01:15:01.000000;78d079e2-f3e6-41b7-b32b-44bdc44d89b3;385.44;1.7552;UNKNOWN
2016-02-13T01:15:04.000000;2016-02-13T01:15:04.000000;11acaa86-6c22-434e-b8b0-7a7c02477f41;385.46;0.1;UNKNOWN
2016-02-13T01:15:16.000000;2016-02-13T01:15:16.000000;a3b925a7-e079-497f-ab42-c7c69f15d733;385.51;0.1966;UNKNOWN
2016-02-13T01:15:28.000000;2016-02-13T01:15:28.000000;023d97f9-3cc9-460b-ab70-fea6df263c35;385.43;0.29994;UNKNOWN
2016-02-13T01:15:29.000000;2016-02-13T01:15:29.000000;619d6173-f58e-4bcd-b700-b229e532b8a6;385.43;0.1048;UNKNOWN
2016-02-13T01:15:42.000000;2016-02-13T01:15:42.000000;8a9cf30a-f464-47eb-9ed5-3286c3d07ad7;385.41;1.597;UNKNOWN
2016-02-13T01:15:48.000000;2016-02-13T01:15:48.000000;30c12699-a08e-4cca-93ad-bb432d0757a4;385.4;3.67310781;UNKNOWN
2016-02-13T01:15:52.000000;2016-02-13T01:15:52.000000;c9933cb6-ed90-40b7-b1ef-291a4f5646b5;385.42;2.0;UNKNOWN
2016-02-13T01:15:57.000000;2016-02-13T01:15:57.000000;09fa2198-13b6-4950-9a34-a66814a91848;385.4;2.0;UNKNOWN
2016-02-13T01:16:20.000000;2016-02-13T01:16:20.000000;46607851-a36d-47bd-ad49-f6ffe98e39fb;385.41;0.29994;UNKNOWN
2016-02-13T01:16:22.000000;2016-02-13T01:16:22.000000;38956a18-0ac0-4b4b-ada7-4f6d1a61c191;385.41;2.0;UNKNOWN
2016-02-13T01:16:22.000000;2016-02-13T01:16:22.000000;33e69326-ddea-42df-ada8-20f646b124d4;385.4;3.28446;UNKNOWN
2016-02-13T01:16:34.000000;2016-02-13T01:16:34.000000;430ee3ac-3bb4-4645-b6a9-e0bc36096d90;385.41;2.0;UNKNOWN
2016-02-13T01:16:38.000000;2016-02-13T01:16:38.000000;13cafa86-5284-431c-a3f2-d9b07282cf21;385.4;7.5;UNKNOWN
2016-02-13T01:16:54.000000;2016-02-13T01:16:54.000000;987154e0-f060-486c-bcea-6a4b8f216818;385.41;16.0;UNKNOWN
2016-02-13T01:17:39.000000;2016-02-13T01:17:39.000000;a7630dd5-4b40-4898-a4a3-dc42ee91a9da;385.4;0.2448;UNKNOWN
2016-02-13T01:17:44.000000;2016-02-13T01:17:44.000000;0e1c74e9-9e39-458e-a575-56c82e7b5b68;385.4;5.0;UNKNOWN
2016-02-13T01:17:47.000000;2016-02-13T01:17:47.000000;bd1498d4-f64d-41d5-8202-3287c603a2e4;385.41;0.08;UNKNOWN
2016-02-13T01:18:06.000000;2016-02-13T01:18:06.000000;6efa2715-dd4e-4874-bb41-df3d23545aee;385.77;18.0969;UNKNOWN
2016-02-13T01:18:06.000000;2016-02-13T01:18:06.000000;c427f176-7611-4708-8d09-bdd20e68d0ac;385.9;16.6751;UNKNOWN
2016-02-13T01:18:06.000000;2016-02-13T01:18:06.000000;2a7d8b34-8378-43ad-bb0f-58f4d1fd4d92;385.9;1.0;UNKNOWN
2016-02-13T01:18:06.000000;2016-02-13T01:18:06.000000;d3047bb0-e647-433d-bf99-41fc4d157273;385.93;16.1704;UNKNOWN
2016-02-13T01:18:06.000000;2016-02-13T01:18:06.000000;ec5d77ed-63fb-4fe0-960f-b9e1e9847434;386.0;0.5;UNKNOWN
2016-02-13T01:18:06.000000;2016-02-13T01:18:06.000000;22b9fbc2-b6b2-4d98-971e-bf8f5951a487;386.0;0.48464373;UNKNOWN
2016-02-13T01:18:06.000000;2016-02-13T01:18:06.000000;14f43d62-0927-407a-a76d-3de0b29c90f7;385.91;0.13;UNKNOWN
2016-02-13T01:18:06.000000;2016-02-13T01:18:06.000000;19799ef2-6e95-4b5e-b857-58cbea079089;386.0;20.0;UNKNOWN
2016-02-13T01:18:06.000000;2016-02-13T01:18:06.000000;52447551-f217-46e4-a60d-41754cf23977;385.91;0.05;UNKNOWN
2016-02-13T01:18:06.000000;2016-02-13T01:18:06.000000;15424b34-5209-4757-9d07-5ef519df1d30;385.99;2.7724021;UNKNOWN
2016-02-13T01:18:06.000000;2016-02-13T01:18:06.000000;3798a9b5-9f00-404c-abf0-89283cf7da15;385.41;16.1661;UNKNOWN
2016-02-13T01:18:06.000000;2016-02-13T01:18:06.000000;aa7a7ad2-ef0a-4235-9486-5f66758b6bcc;385.99;3.42374163;UNKNOWN
2016-02-13T01:18:06.000000;2016-02-13T01:18:06.000000;bf1c3199-3fda-4967-91b9-4b7b76fa97a2;386.0;0.01535627;UNKNOWN
2016-02-13T01:18:06.000000;2016-02-13T01:18:06.000000;ab36b39d-3dc8-402f-96b7-cd8cab290971;386.0;0.51535627;UNKNOWN
2016-02-13T01:18:14.000000;2016-02-13T01:18:14.000000;fbeb393f-e6a4-4efe-85e7-632effd2fb30;386.26;0.05;UNKNOWN
2016-02-13T01:18:14.000000;2016-02-13T01:18:14.000000;ba42be44-6cd5-461f-8dab-11b73d036a48;386.11;0.6;UNKNOWN
2016-02-13T01:18:14.000000;2016-02-13T01:18:14.000000;a4f028c3-27f8-4a74-955d-878b850dfef8;386.26;0.05;UNKNOWN
2016-02-13T01:18:14.000000;2016-02-13T01:18:14.000000;d05b3438-df21-4bf6-96c6-9adbad4d56a1;386.26;5.26757761;UNKNOWN
2016-02-13T01:18:14.000000;2016-02-13T01:18:14.000000;781138cf-71fd-4f72-a4e5-840740f8b66f;386.0;2.48464373;UNKNOWN
2016-02-13T01:18:14.000000;2016-02-13T01:18:14.000000;59844cb9-68ec-41d0-9d45-65c9495babcc;386.13;0.25777866;UNKNOWN
2016-02-13T01:18:14.000000;2016-02-13T01:18:14.000000;df16b6a3-06d7-4dca-832e-8250dfada3ed;386.2;0.05;UNKNOWN
2016-02-13T01:18:14.000000;2016-02-13T01:18:14.000000;9e6431e3-1154-4bfe-b586-9dd258d7d250;386.13;0.05;UNKNOWN
2016-02-13T01:18:14.000000;2016-02-13T01:18:14.000000;dc144bce-068c-42e2-a1ce-9b78c7c9bbea;386.1;0.05;UNKNOWN
2016-02-13T01:18:14.000000;2016-02-13T01:18:14.000000;fa2ec102-aed8-470e-b918-8adb34d187c8;386.0;1.14;UNKNOWN
2016-02-13T01:18:15.000000;2016-02-13T01:18:15.000000;6790333b-17ac-4f9d-8ff0-e1602e946cf3;386.13;1.1;UNKNOWN
2016-02-13T01:18:20.000000;2016-02-13T01:18:20.000000;cd232c3b-531b-4287-a468-5545a4276b2a;386.25;0.01;UNKNOWN
2016-02-13T01:18:21.000000;2016-02-13T01:18:21.000000;8d8d15ab-1fd0-4285-96a9-5d31826d4dca;385.58;3.0;UNKNOWN
2016-02-13T01:18:23.000000;2016-02-13T01:18:23.000000;c54df3c8-f1a6-4e6b-a159-2a3ea337a119;386.11;5.16894;UNKNOWN
2016-02-13T01:18:23.000000;2016-02-13T01:18:23.000000;6a955841-4ce1-4d8e-bdd5-997e045a73bc;385.99;9.10046;UNKNOWN
2016-02-13T01:18:23.000000;2016-02-13T01:18:23.000000;72a2289a-63ba-4a68-810e-27e9f77bca8b;386.1;15.7306;UNKNOWN
2016-02-13T01:18:27.000000;2016-02-13T01:18:27.000000;f9874e76-aeb8-4533-9ee6-2d8e25bdc493;385.98;0.01;UNKNOWN
2016-02-13T01:18:34.000000;2016-02-13T01:18:34.000000;5f88f72f-9452-4fd0-b861-3ed05d0162e5;386.29;3.45627761;UNKNOWN
2016-02-13T01:18:34.000000;2016-02-13T01:18:34.000000;dd0cc493-8d1c-4809-8bfe-496b447edd0a;386.25;0.4;UNKNOWN
2016-02-13T01:18:34.000000;2016-02-13T01:18:34.000000;ea5eb107-125f-4240-b8b2-0670dfe1b2c5;386.26;4.6;UNKNOWN
2016-02-13T01:18:34.000000;2016-02-13T01:18:34.000000;c46247a6-9877-4f99-886a-fd6bd143012a;386.26;5.54372239;UNKNOWN
2016-02-13T01:18:38.000000;2016-02-13T01:18:38.000000;2f7c3a43-cdd3-4b4c-8368-aef7713aa2f2;385.67;0.2113;UNKNOWN
2016-02-13T01:18:51.000000;2016-02-13T01:18:51.000000;b6a80e23-28cb-44e3-84bc-7157c3486505;385.73;0.319;UNKNOWN
2016-02-13T01:19:13.000000;2016-02-13T01:19:13.000000;ac716751-dc5e-4eb5-a674-8e4ed9c607e6;385.56;0.01;UNKNOWN
2016-02-13T01:20:06.000000;2016-02-13T01:20:06.000000;406f5752-78b9-4840-b661-500f96f6b0f2;385.66;0.0203;UNKNOWN
2016-02-13T01:20:28.000000;2016-02-13T01:20:28.000000;86cddc4d-249c-4859-bc9e-cf520c8ce625;385.6;0.194;UNKNOWN
2016-02-13T01:20:28.000000;2016-02-13T01:20:28.000000;dd842c6e-889a-4999-aa28-e05efd190590;386.0;5.0;UNKNOWN
2016-02-13T01:20:28.000000;2016-02-13T01:20:28.000000;7588083b-7ac6-4e10-ac80-dc4b33308301;385.8;6.4404;UNKNOWN
2016-02-13T01:20:28.000000;2016-02-13T01:20:28.000000;4f610306-1b0d-49a2-972a-2ab7529739db;385.81;10.7047;UNKNOWN
2016-02-13T01:20:28.000000;2016-02-13T01:20:28.000000;73033b53-4dbf-4bda-94a2-c317e5785f64;386.0;0.5;UNKNOWN
2016-02-13T01:20:33.000000;2016-02-13T01:20:33.000000;6387011d-33d1-4479-8431-f54a4528b65c;386.25;0.21;UNKNOWN
2016-02-13T01:20:33.000000;2016-02-13T01:20:33.000000;89ed320d-7534-4c74-be39-41bfbcb720c5;386.3;0.51;UNKNOWN
2016-02-13T01:20:34.000000;2016-02-13T01:20:34.000000;745d605d-58c1-4cd5-9034-7a87edb0228a;386.0;2.3549;UNKNOWN
2016-02-13T01:20:41.000000;2016-02-13T01:20:41.000000;60403463-dd10-43de-8897-5c0c95c919f3;386.02;0.01;UNKNOWN
2016-02-13T01:20:47.000000;2016-02-13T01:20:47.000000;7f57c071-f293-4fff-be4e-d1c58a650dae;386.01;0.03;UNKNOWN
2016-02-13T01:21:03.000000;2016-02-13T01:21:03.000000;4e873d26-3742-49ef-98bd-482be9dec10b;385.99;0.10795448;UNKNOWN
2016-02-13T01:21:04.000000;2016-02-13T01:21:04.000000;68ca3639-8b74-4ab8-9323-4e277d2958e2;385.99;0.17312313;UNKNOWN
2016-02-13T01:21:13.000000;2016-02-13T01:21:13.000000;5c2b0052-b4ea-4c99-a23c-00d089f82faf;385.98;0.10196667;UNKNOWN
2016-02-13T01:21:13.000000;2016-02-13T01:21:13.000000;d93bf7be-eb83-41a8-a3f3-524451d466e4;385.9;1.11293333;UNKNOWN
2016-02-13T01:21:15.000000;2016-02-13T01:21:15.000000;853b7632-604d-46b3-9d7e-17484d58d134;385.99;0.1813284;UNKNOWN
2016-02-13T01:21:20.000000;2016-02-13T01:21:20.000000;400345f6-9f20-4e2a-8584-16a33a5472bc;385.99;0.10779606;UNKNOWN
2016-02-13T01:21:23.000000;2016-02-13T01:21:23.000000;31aaaeae-d485-48d5-9544-2ee5e289a96a;385.9;4.384;UNKNOWN
2016-02-13T01:21:23.000000;2016-02-13T01:21:23.000000;ddd3fb78-9fb2-43b2-be69-339537ef126f;385.98;0.1602279;UNKNOWN
2016-02-13T01:21:31.000000;2016-02-13T01:21:31.000000;f088a316-f5a8-4735-8311-9ca276f8601a;385.9;8.0624;UNKNOWN
2016-02-13T01:21:43.000000;2016-02-13T01:21:43.000000;81192d3e-ee92-494d-80c3-6fc9ff4fb919;385.98;0.10503032;UNKNOWN
2016-02-13T01:21:43.000000;2016-02-13T01:21:43.000000;73f19e31-d5f1-430e-a1af-efc417f3fe62;385.98;0.01296968;UNKNOWN
2016-02-13T01:21:52.000000;2016-02-13T01:21:52.000000;2f6eac90-0168-4bce-94a6-07463284c4b2;385.98;0.03;UNKNOWN
2016-02-13T01:21:52.000000;2016-02-13T01:21:52.000000;7c0b592d-6601-4869-a608-2487619c1a24;385.99;0.10307324;UNKNOWN
2016-02-13T01:21:54.000000;2016-02-13T01:21:54.000000;1fd700f3-540e-4cd2-b02d-3f35f4f634f9;385.98;0.0412;UNKNOWN
2016-02-13T01:22:01.000000;2016-02-13T01:22:01.000000;a5767127-94c4-42c6-a905-9db2eaafbb23;385.99;0.10694629;UNKNOWN
2016-02-13T01:22:05.000000;2016-02-13T01:22:05.000000;e8ed9181-32c8-4aed-92ff-1dab8d5de661;385.99;0.36099437;UNKNOWN
2016-02-13T01:22:10.000000;2016-02-13T01:22:10.000000;aecd3dd8-73a4-42a6-8095-de0163c6462a;385.9;0.7548;UNKNOWN
2016-02-13T01:22:10.000000;2016-02-13T01:22:10.000000;8c1e003d-250c-497b-8674-370c7733591f;385.97;0.16563624;UNKNOWN
2016-02-13T01:22:12.000000;2016-02-13T01:22:12.000000;002a3595-becf-4c16-aaef-b401ea1e058b;385.98;0.10291595;UNKNOWN
2016-02-13T01:22:15.000000;2016-02-13T01:22:15.000000;fad0d884-59e2-48e0-9abf-145f33c7b32e;385.98;0.17270522;UNKNOWN
2016-02-13T01:22:16.000000;2016-02-13T01:22:16.000000;e2860306-cc07-4853-b93c-68bccb1bdea3;385.9;0.95526015;UNKNOWN
2016-02-13T01:22:17.000000;2016-02-13T01:22:17.000000;2bda698b-bbd2-489a-98f1-79301f3a54ca;385.98;0.26610758;UNKNOWN
2016-02-13T01:22:17.000000;2016-02-13T01:22:17.000000;ed2dde29-d72e-4bf1-bc69-907752dfed3e;385.98;0.12437883;UNKNOWN
2016-02-13T01:22:20.000000;2016-02-13T01:22:20.000000;6f70e77b-af03-45e4-a86b-d37304d173ac;385.97;0.11565325;UNKNOWN
2016-02-13T01:22:23.000000;2016-02-13T01:22:23.000000;bbc8fbbf-c7d7-45bb-9ac8-4bb953390254;385.9;1.1984;UNKNOWN
2016-02-13T01:22:24.000000;2016-02-13T01:22:24.000000;ffee597a-ce21-4d55-b42a-a4f3a2218351;385.97;0.17571271;UNKNOWN
2016-02-13T01:22:27.000000;2016-02-13T01:22:27.000000;6d6b9241-fe5d-4ddb-8e52-80ac0c3b6147;385.97;0.10863404;UNKNOWN
2016-02-13T01:22:27.000000;2016-02-13T01:22:27.000000;89fdde98-0487-4169-a9c5-9bdf072b5a34;385.97;0.24873506;UNKNOWN
2016-02-13T01:22:37.000000;2016-02-13T01:22:37.000000;092d28c2-0463-4c4a-9459-6300aba06836;385.98;0.35004177;UNKNOWN
2016-02-13T01:22:46.000000;2016-02-13T01:22:46.000000;66f2aea4-30b6-46dd-aff6-c2d27aea8e0f;385.97;0.10988812;UNKNOWN
2016-02-13T01:22:46.000000;2016-02-13T01:22:46.000000;4069e20b-c017-4cc9-93da-04a74d1e0bdd;385.97;0.18369698;UNKNOWN
2016-02-13T01:22:47.000000;2016-02-13T01:22:47.000000;ae99c3cc-aaf4-474d-8638-114bd2eeaa16;385.97;0.3938734;UNKNOWN
2016-02-13T01:22:50.000000;2016-02-13T01:22:50.000000;61500f81-5960-4ab4-90a8-974022904c0c;385.96;0.10555394;UNKNOWN
2016-02-13T01:22:52.000000;2016-02-13T01:22:52.000000;3cb1a227-f34a-43cb-b9a7-269749cbcae0;385.9;0.4812;UNKNOWN
2016-02-13T01:22:53.000000;2016-02-13T01:22:53.000000;f85eedc0-b2ff-4ff3-a336-2968335a39e9;385.94;0.16898742;UNKNOWN
2016-02-13T01:22:57.000000;2016-02-13T01:22:57.000000;681777b0-2b0c-4e3e-881a-cb3a17cb3c80;385.93;0.33084642;UNKNOWN
2016-02-13T01:23:10.000000;2016-02-13T01:23:10.000000;d6cd15fa-3f99-414c-a714-0a27edee9adb;385.92;0.10679272;UNKNOWN
2016-02-13T01:23:11.000000;2016-02-13T01:23:11.000000;36c51481-14cf-4420-a2a6-88b8d4853e16;385.92;0.19062702;UNKNOWN
2016-02-13T01:23:19.000000;2016-02-13T01:23:19.000000;d036192c-f8c2-4afd-bc0c-9426dd35dc1f;385.96;0.1;UNKNOWN
2016-02-13T01:23:19.000000;2016-02-13T01:23:19.000000;1c2f0477-dc62-483a-8864-6b5b71ed73c5;385.96;0.1;UNKNOWN
2016-02-13T01:23:20.000000;2016-02-13T01:23:20.000000;890d814a-ebf0-4b0e-ab17-6688a359225c;385.96;0.1;UNKNOWN
2016-02-13T01:23:20.000000;2016-02-13T01:23:20.000000;347c4ade-7321-4ed2-a3e7-19ba109de6b3;385.96;0.1;UNKNOWN
2016-02-13T01:23:21.000000;2016-02-13T01:23:21.000000;ebdf966f-3e32-408f-94bf-6637b6eaeb27;385.96;0.1;UNKNOWN
2016-02-13T01:23:21.000000;2016-02-13T01:23:21.000000;565770f7-a039-4e74-87b7-02492ac92001;385.96;0.10369621;UNKNOWN
2016-02-13T01:23:26.000000;2016-02-13T01:23:26.000000;291fbc2f-0e50-4db1-9766-807206b33e84;385.94;0.05;UNKNOWN
2016-02-13T01:23:26.000000;2016-02-13T01:23:26.000000;b3453e17-1c0c-4b71-ba6b-dbefb500493c;385.96;0.11960106;UNKNOWN
2016-02-13T01:23:29.000000;2016-02-13T01:23:29.000000;27bb8eb0-10b1-4bbc-a306-3032044e5646;385.93;0.07372472;UNKNOWN
2016-02-13T01:23:29.000000;2016-02-13T01:23:29.000000;e53cd85b-6672-495f-ab0e-bf600ea48fb7;385.93;0.00307528;UNKNOWN
2016-02-13T01:23:30.000000;2016-02-13T01:23:30.000000;0022cccc-287b-4862-9766-5c57377ed557;385.93;0.25;UNKNOWN
2016-02-13T01:23:42.000000;2016-02-13T01:23:42.000000;4d2053cf-9476-46cf-b3e8-2d09c0e9049a;385.94;0.0351;UNKNOWN
2016-02-13T01:23:44.000000;2016-02-13T01:23:44.000000;04c26c7b-47fd-43c1-b837-8d55c766630c;385.96;0.39971332;UNKNOWN
2016-02-13T01:23:47.000000;2016-02-13T01:23:47.000000;b0c8d933-dad9-4865-82c9-f03892891927;385.96;0.37490873;UNKNOWN
2016-02-13T01:23:50.000000;2016-02-13T01:23:50.000000;469a7fe0-91fc-4eff-89dd-08c410fdfd5b;385.94;0.07199692;UNKNOWN
2016-02-13T01:23:50.000000;2016-02-13T01:23:50.000000;3f432547-40ee-4e2c-befb-29604e86469f;385.94;0.16679726;UNKNOWN
2016-02-13T01:23:50.000000;2016-02-13T01:23:50.000000;96ad355c-1555-4b84-a834-961defa757af;385.94;0.07039148;UNKNOWN
2016-02-13T01:23:54.000000;2016-02-13T01:23:54.000000;7abff219-183f-4760-b064-51c5dda9a292;385.93;0.07529653;UNKNOWN
2016-02-13T01:23:54.000000;2016-02-13T01:23:54.000000;d1845858-d67f-4e90-8cc9-dd0eab887f6a;385.93;0.18776595;UNKNOWN
2016-02-13T01:23:57.000000;2016-02-13T01:23:57.000000;d46b3e6b-1d72-4f80-bc04-6b12df30138a;385.93;0.35133423;UNKNOWN
2016-02-13T01:24:00.000000;2016-02-13T01:24:00.000000;0d4f9eb2-a6db-4769-87e8-ea8ef4e29ed7;385.93;0.12128562;UNKNOWN
2016-02-13T01:24:04.000000;2016-02-13T01:24:04.000000;16068959-fbc9-4ffb-9dca-c6b09edeffad;385.93;0.08026187;UNKNOWN
2016-02-13T01:24:04.000000;2016-02-13T01:24:04.000000;81a62ce8-d9cf-471f-bcb3-e592953763c6;385.93;0.16656081;UNKNOWN
2016-02-13T01:24:04.000000;2016-02-13T01:24:04.000000;898cab1d-0784-4d6e-a454-be8190f43986;385.93;0.22081124;UNKNOWN
2016-02-13T01:24:04.000000;2016-02-13T01:24:04.000000;3da776e1-4e58-4bef-973f-0c14fd4e0610;385.93;0.5652003;UNKNOWN
2016-02-13T01:24:08.000000;2016-02-13T01:24:08.000000;f7b2c775-918d-4bd7-9011-b60ed9668a5d;385.93;0.02583022;UNKNOWN
2016-02-13T01:24:08.000000;2016-02-13T01:24:08.000000;72cdf627-58b8-424f-b955-8679ef564e6d;385.93;0.53973138;UNKNOWN
2016-02-13T01:24:08.000000;2016-02-13T01:24:08.000000;a0a73e17-71f4-46c2-a856-a836cb406042;385.93;0.35686901;UNKNOWN
2016-02-13T01:24:09.000000;2016-02-13T01:24:09.000000;8d0abf02-7339-4d8f-ac65-8b72c7d6758e;385.9;0.25;UNKNOWN
2016-02-13T01:24:10.000000;2016-02-13T01:24:10.000000;7f7b66ad-4d7c-4585-bef4-4f892cd076e5;385.93;0.10914009;UNKNOWN
2016-02-13T01:24:13.000000;2016-02-13T01:24:13.000000;3fc6c560-408e-4327-b79e-4c0b3d5d3717;385.92;0.17775206;UNKNOWN
2016-02-13T01:24:14.000000;2016-02-13T01:24:14.000000;92b948ce-f5c3-4f53-a6c1-94fb7f106193;385.92;0.07453362;UNKNOWN
2016-02-13T01:24:14.000000;2016-02-13T01:24:14.000000;e1b1bcd4-fc52-48fd-b942-8e021456e2d1;385.9;6.417;UNKNOWN
2016-02-13T01:24:16.000000;2016-02-13T01:24:16.000000;ce870a88-20a2-4d30-a343-1246d2b38cb9;385.9;0.1682;UNKNOWN
2016-02-13T01:24:17.000000;2016-02-13T01:24:17.000000;8e317311-7af0-402d-8025-6efa7d34e817;385.92;0.56648375;UNKNOWN
2016-02-13T01:24:17.000000;2016-02-13T01:24:17.000000;96d11875-c71e-4fe4-99d1-003d3dfc20dd;385.92;0.24359854;UNKNOWN
2016-02-13T01:24:17.000000;2016-02-13T01:24:17.000000;72c3916e-0932-4af1-afa2-cdb693ad0b1f;385.92;0.02392303;UNKNOWN
2016-02-13T01:24:18.000000;2016-02-13T01:24:18.000000;5f277bf0-1360-4cf3-a8bb-7b6ec08efc87;385.92;0.38924439;UNKNOWN
2016-02-13T01:24:20.000000;2016-02-13T01:24:20.000000;5e76ebcc-afcd-4f1b-9a9c-4af66953b69a;385.92;0.10982375;UNKNOWN
2016-02-13T01:24:23.000000;2016-02-13T01:24:23.000000;eb73bd4f-409c-42df-a8c4-8e97d4b8c28b;385.92;0.17707555;UNKNOWN
2016-02-13T01:24:24.000000;2016-02-13T01:24:24.000000;0cc49145-27e2-4a95-98c4-faadbac06622;385.9;1.05;UNKNOWN
2016-02-13T01:24:24.000000;2016-02-13T01:24:24.000000;5aacdc8a-9d57-4577-933e-490cf8135b22;385.92;0.06809841;UNKNOWN
2016-02-13T01:24:25.000000;2016-02-13T01:24:25.000000;926f4558-7d3e-4361-91bc-a1101b46b3b6;385.9;0.3619;UNKNOWN
2016-02-13T01:24:27.000000;2016-02-13T01:24:27.000000;dd767b19-edfe-4658-8f28-31d4df5beb1b;385.92;0.55293172;UNKNOWN
2016-02-13T01:24:27.000000;2016-02-13T01:24:27.000000;891c2703-5a77-42aa-a484-d2a60fc3dbae;385.92;0.02198942;UNKNOWN
2016-02-13T01:24:27.000000;2016-02-13T01:24:27.000000;8cd11283-2a7a-422e-a869-d7be1d4ddea2;385.92;0.23766832;UNKNOWN
2016-02-13T01:24:28.000000;2016-02-13T01:24:28.000000;27219cb2-1864-43f4-9461-ff54c0c7e743;385.92;0.39943448;UNKNOWN
2016-02-13T01:24:31.000000;2016-02-13T01:24:31.000000;eb0b0b27-b3d6-4aa4-8a3d-5eb889482741;385.91;0.11039555;UNKNOWN
2016-02-13T01:24:33.000000;2016-02-13T01:24:33.000000;41e71806-d45f-4696-8e81-179db0000094;385.91;0.18156467;UNKNOWN
2016-02-13T01:24:34.000000;2016-02-13T01:24:34.000000;a84bc82c-25e8-4325-87b7-9d9e48b9bc25;385.91;0.06788732;UNKNOWN
2016-02-13T01:24:36.000000;2016-02-13T01:24:36.000000;bb278061-4b6b-4529-bf27-3c0ca2a6d9fe;385.91;0.23346665;UNKNOWN
2016-02-13T01:24:36.000000;2016-02-13T01:24:36.000000;20022016-245f-4181-a73a-7bf889115365;385.91;0.60159446;UNKNOWN
2016-02-13T01:24:36.000000;2016-02-13T01:24:36.000000;9669f239-ce05-4d1c-8fd6-5a6ea98fa033;385.91;0.02640605;UNKNOWN
2016-02-13T01:24:38.000000;2016-02-13T01:24:38.000000;26cd0678-a951-4189-84a2-b5fbef8c65cf;385.91;0.40100903;UNKNOWN
2016-02-13T01:24:41.000000;2016-02-13T01:24:41.000000;6fecf5f1-51c7-4cce-8ff7-371c38d531ed;385.91;0.11385031;UNKNOWN
2016-02-13T01:24:42.000000;2016-02-13T01:24:42.000000;59719844-22ca-4971-8e2a-609d7ceb85e6;385.91;4.70832596;UNKNOWN
2016-02-13T01:24:47.000000;2016-02-13T01:24:47.000000;57bbba4e-cf7e-4a1d-b81b-640927774506;385.92;0.09;UNKNOWN
2016-02-13T01:24:52.000000;2016-02-13T01:24:52.000000;a05ed8ca-b008-415b-863e-a35484ebb0dc;385.92;0.01;UNKNOWN
2016-02-13T01:24:53.000000;2016-02-13T01:24:53.000000;2597f0ed-a4ad-4828-8c19-89dc7ea3de31;385.92;0.01;UNKNOWN
2016-02-13T01:24:59.000000;2016-02-13T01:24:59.000000;fbfdccba-68a2-4398-884a-1633d69571ca;385.91;0.055;UNKNOWN
2016-02-13T01:24:59.000000;2016-02-13T01:24:59.000000;4ddebac0-2218-44e8-bca6-b1e9fc382ca3;385.91;0.1;UNKNOWN
2016-02-13T01:25:02.000000;2016-02-13T01:25:02.000000;75a1bd92-a07e-4d09-ad62-b69dc6dfe322;385.92;3.01321963;UNKNOWN
2016-02-13T01:25:15.000000;2016-02-13T01:25:15.000000;bcdec8cb-2d4f-4269-abec-dc047b2b0408;385.92;0.18821209;UNKNOWN
2016-02-13T01:25:16.000000;2016-02-13T01:25:16.000000;68495ca9-85d3-4be0-83f1-13c3a709cf66;385.92;0.07857027;UNKNOWN
2016-02-13T01:25:17.000000;2016-02-13T01:25:17.000000;ea2890d1-6e93-4b01-80e1-725b51bdc7d7;385.92;0.01;UNKNOWN
2016-02-13T01:25:17.000000;2016-02-13T01:25:17.000000;47ec4af5-64dc-47b8-92bf-e1e6f5c96474;385.92;0.01;UNKNOWN
2016-02-13T01:25:18.000000;2016-02-13T01:25:18.000000;cfc83e94-d980-4607-9d90-2f9af71d580b;385.92;0.27248623;UNKNOWN
2016-02-13T01:25:18.000000;2016-02-13T01:25:18.000000;44830d65-2964-47da-be1e-071d38630f90;385.92;0.01;UNKNOWN
2016-02-13T01:25:18.000000;2016-02-13T01:25:18.000000;cb98b46a-9632-4163-8d3f-6a042010a31c;385.92;0.01;UNKNOWN
2016-02-13T01:25:18.000000;2016-02-13T01:25:18.000000;4fcc83e3-f4e3-4097-af31-c7d8cdab90ff;385.92;0.28625569;UNKNOWN
2016-02-13T01:25:18.000000;2016-02-13T01:25:18.000000;783e06ce-0a3d-4770-b6e9-15fe2025714e;385.92;0.33727998;UNKNOWN
2016-02-13T01:25:19.000000;2016-02-13T01:25:19.000000;b14e2ac5-c17d-4c06-9148-d4e4bafd165b;385.92;0.02242969;UNKNOWN
2016-02-13T01:25:19.000000;2016-02-13T01:25:19.000000;efd8431f-0ee0-4069-a83e-143a7bf93c8a;385.92;0.37721243;UNKNOWN
2016-02-13T01:25:22.000000;2016-02-13T01:25:22.000000;32348e08-f31e-4aca-a62e-e566484d24d0;385.92;0.1073434;UNKNOWN
2016-02-13T01:25:23.000000;2016-02-13T01:25:23.000000;31c9894e-3267-495f-9f57-196d14f25d60;385.92;0.18096031;UNKNOWN
2016-02-13T01:25:24.000000;2016-02-13T01:25:24.000000;8c452732-43c7-4ca0-b635-dbe37079ec33;385.92;0.07268608;UNKNOWN
2016-02-13T01:25:27.000000;2016-02-13T01:25:27.000000;0f8b622f-7bf8-47c1-a20b-65ae5f192429;385.92;0.02310897;UNKNOWN
2016-02-13T01:25:27.000000;2016-02-13T01:25:27.000000;6b996887-94fa-4e7e-adb7-c31bd10152a5;385.92;0.27281874;UNKNOWN
2016-02-13T01:25:27.000000;2016-02-13T01:25:27.000000;004720fd-f69e-4d08-ab16-b830e27a2072;385.92;0.5656394;UNKNOWN
2016-02-13T01:25:27.000000;2016-02-13T01:25:27.000000;dc2aedb2-e906-442e-8845-fbee7182d18f;385.92;0.37840585;UNKNOWN
2016-02-13T01:25:30.000000;2016-02-13T01:25:30.000000;16efa9c8-d0d5-4fa8-afe7-d714331bb499;385.91;1.4988;UNKNOWN
2016-02-13T01:25:30.000000;2016-02-13T01:25:30.000000;c22f72ac-fb30-4010-9ccd-c8cd87d483ed;385.92;0.12895473;UNKNOWN
2016-02-13T01:25:33.000000;2016-02-13T01:25:33.000000;2fbc1b69-0fc1-4769-b640-35cd4eb554fb;385.92;0.18461747;UNKNOWN
2016-02-13T01:25:34.000000;2016-02-13T01:25:34.000000;1bc18909-30b9-464c-9144-857a93a46623;385.92;0.06938005;UNKNOWN
2016-02-13T01:25:37.000000;2016-02-13T01:25:37.000000;3cb22a95-3894-480d-a7a2-400ee49f88fb;385.92;0.58783156;UNKNOWN
2016-02-13T01:25:37.000000;2016-02-13T01:25:37.000000;092f8bdd-2966-4749-af21-0006207a974f;385.92;0.23258722;UNKNOWN
2016-02-13T01:25:37.000000;2016-02-13T01:25:37.000000;025a8455-20a2-492b-8c6c-451fd7e6fd50;385.92;0.02516798;UNKNOWN
2016-02-13T01:25:38.000000;2016-02-13T01:25:38.000000;4bd1b1e2-bcdf-4393-95b8-2467296a30b1;385.92;0.3881901;UNKNOWN
2016-02-13T01:25:40.000000;2016-02-13T01:25:40.000000;41d6d17c-c7f8-4f34-87ba-7991b691da3c;385.92;0.11837598;UNKNOWN
2016-02-13T01:25:43.000000;2016-02-13T01:25:43.000000;fcd4d54c-d263-4f75-ba8c-41330d9498dc;385.92;0.19449953;UNKNOWN
2016-02-13T01:25:44.000000;2016-02-13T01:25:44.000000;c6a8c669-4ec9-4f72-9206-b7205eaef979;385.92;0.07476111;UNKNOWN
2016-02-13T01:25:47.000000;2016-02-13T01:25:47.000000;dd3c3184-7a6a-4e81-a242-de407479b977;385.92;0.23236421;UNKNOWN
2016-02-13T01:25:47.000000;2016-02-13T01:25:47.000000;7ad6c60e-7fa3-4877-a961-2202a6853a68;385.92;0.63324872;UNKNOWN
2016-02-13T01:25:47.000000;2016-02-13T01:25:47.000000;c33ab3ab-c6dc-4f6e-96fd-5fc441c48687;385.92;0.02703092;UNKNOWN
2016-02-13T01:25:48.000000;2016-02-13T01:25:48.000000;4a006cfb-4b65-4116-9319-952185ec7f56;385.92;0.39572336;UNKNOWN
2016-02-13T01:25:50.000000;2016-02-13T01:25:50.000000;7f52bcf1-cfd9-4600-a728-99bf3d42206d;385.92;0.11189134;UNKNOWN
2016-02-13T01:25:52.000000;2016-02-13T01:25:52.000000;bb7b10b6-8705-46f2-b752-7b60f1464d19;385.91;6.2927;UNKNOWN
2016-02-13T01:25:53.000000;2016-02-13T01:25:53.000000;f6efc085-9596-4da7-aaee-57af7332d9d4;385.92;0.18481303;UNKNOWN
2016-02-13T01:26:03.000000;2016-02-13T01:26:03.000000;35217660-ecf8-4c82-885f-3f5b257c67f9;385.96;0.20802496;UNKNOWN
2016-02-13T01:26:14.000000;2016-02-13T01:26:14.000000;3f7e9581-c820-4bfa-b19b-af9e9b572b4f;385.96;0.2071331;UNKNOWN
2016-02-13T01:26:23.000000;2016-02-13T01:26:23.000000;d7f4ea87-805b-4060-8cec-18a4d583bcd6;385.96;0.18017002;UNKNOWN
2016-02-13T01:26:25.000000;2016-02-13T01:26:25.000000;21ff0fc2-1caf-4b39-9d2e-f7553e12b923;385.96;0.07939276;UNKNOWN
2016-02-13T01:26:28.000000;2016-02-13T01:26:28.000000;91b6f096-68d0-4530-8db2-8537157e2071;385.96;0.23892595;UNKNOWN
2016-02-13T01:26:29.000000;2016-02-13T01:26:29.000000;d0224736-da87-4a26-9624-21fbb7a20f96;385.96;0.58275859;UNKNOWN
2016-02-13T01:26:29.000000;2016-02-13T01:26:29.000000;2e2c8b78-f4a6-4187-be9a-6a812615ec0f;385.96;0.35613032;UNKNOWN
2016-02-13T01:26:30.000000;2016-02-13T01:26:30.000000;fe760244-cd14-45b8-b3ae-4956358fdcb8;385.96;0.02334311;UNKNOWN
2016-02-13T01:26:32.000000;2016-02-13T01:26:32.000000;970b8524-6602-42b0-bca2-7c5231715ea9;385.96;0.12281996;UNKNOWN
2016-02-13T01:26:33.000000;2016-02-13T01:26:33.000000;4a4cd3e6-ce08-4b16-91ab-556e6afcc8ab;385.96;0.21392977;UNKNOWN
2016-02-13T01:26:34.000000;2016-02-13T01:26:34.000000;d2eec0ff-9eef-4424-a9bd-aece4cfc651e;385.96;0.0740275;UNKNOWN
2016-02-13T01:26:37.000000;2016-02-13T01:26:37.000000;29ac2d51-37a0-4e38-8874-da3bb17c1c3f;385.96;0.02685436;UNKNOWN
2016-02-13T01:26:37.000000;2016-02-13T01:26:37.000000;36cb6793-7bf3-4c79-8a2b-5b8ba2d72461;385.96;0.28150709;UNKNOWN
2016-02-13T01:26:37.000000;2016-02-13T01:26:37.000000;ae911bbc-50f7-48e1-ab02-927f90cce395;385.96;0.41579366;UNKNOWN
2016-02-13T01:26:37.000000;2016-02-13T01:26:37.000000;bd11d590-de5a-403a-96c2-2d231aab9d5f;385.96;0.66683447;UNKNOWN
2016-02-13T01:26:40.000000;2016-02-13T01:26:40.000000;413965be-b819-408d-8787-374d60137c06;385.96;0.12681257;UNKNOWN
2016-02-13T01:26:43.000000;2016-02-13T01:26:43.000000;a662bd95-128c-40d4-8201-f7f83bef6080;385.96;0.18911244;UNKNOWN
2016-02-13T01:26:44.000000;2016-02-13T01:26:44.000000;b5b6828b-20e4-44c2-8ed8-902b6c20bc69;385.96;0.07306921;UNKNOWN
2016-02-13T01:26:46.000000;2016-02-13T01:26:46.000000;598ca06d-e88d-48fa-910c-74249d0b7458;385.96;0.66303027;UNKNOWN
2016-02-13T01:26:46.000000;2016-02-13T01:26:46.000000;0ca3cf5c-070a-4104-8efc-3adda0c1eb6f;385.96;0.02740384;UNKNOWN
2016-02-13T01:26:47.000000;2016-02-13T01:26:47.000000;9cb4efa4-9e62-428a-889a-d8b375b2ee9f;385.96;0.26761187;UNKNOWN
2016-02-13T01:26:48.000000;2016-02-13T01:26:48.000000;ca817631-1936-45d0-8b0c-2309e6c87afe;385.96;0.40705602;UNKNOWN
2016-02-13T01:26:50.000000;2016-02-13T01:26:50.000000;80e099d5-7782-400e-a19d-1cf5a7c467ec;385.96;0.13444975;UNKNOWN
2016-02-13T01:26:53.000000;2016-02-13T01:26:53.000000;1e302f73-fef9-4347-ad5e-3090d246cf5c;385.96;0.17907974;UNKNOWN
2016-02-13T01:26:54.000000;2016-02-13T01:26:54.000000;c8249b9c-4832-41c3-bf9f-fdd408fa0a42;385.96;0.08691494;UNKNOWN
2016-02-13T01:26:55.000000;2016-02-13T01:26:55.000000;992477f3-a8d5-4ca7-8a35-65695c58174c;385.96;0.5497;UNKNOWN
2016-02-13T01:26:56.000000;2016-02-13T01:26:56.000000;b29bf0b1-30b6-4a1e-92d6-33fee4739014;385.96;0.62592134;UNKNOWN
2016-02-13T01:26:56.000000;2016-02-13T01:26:56.000000;4a709459-03d9-4276-9828-905b2b5fb66e;385.96;0.02757365;UNKNOWN
2016-02-13T01:26:56.000000;2016-02-13T01:26:56.000000;1eb8f1ff-0ebb-4c8d-b5db-8446e5346090;385.96;0.27731804;UNKNOWN
2016-02-13T01:26:57.000000;2016-02-13T01:26:57.000000;17aacd71-9913-4175-8b2b-5b7de8fc60a3;385.96;0.39031048;UNKNOWN
2016-02-13T01:27:03.000000;2016-02-13T01:27:03.000000;4b9df65a-de61-489b-9c0a-eb27894c4886;385.96;0.12381592;UNKNOWN
2016-02-13T01:27:03.000000;2016-02-13T01:27:03.000000;6f017b96-b764-47a9-a40b-1884642035a2;385.96;0.1952888;UNKNOWN
2016-02-13T01:27:04.000000;2016-02-13T01:27:04.000000;0c086aba-69cf-4cd3-a0c6-2f5bb078fa17;385.96;0.08495904;UNKNOWN
2016-02-13T01:27:06.000000;2016-02-13T01:27:06.000000;d5cafc40-094a-44b8-88e0-f93b67761893;385.96;0.24653531;UNKNOWN
2016-02-13T01:27:06.000000;2016-02-13T01:27:06.000000;3ca0e632-0a67-4abc-b79e-513e1f58c9bf;385.96;0.02608193;UNKNOWN
2016-02-13T01:27:07.000000;2016-02-13T01:27:07.000000;1dbca8d7-670b-4672-9700-aa002c2e6381;385.96;0.39970644;UNKNOWN
2016-02-13T01:27:07.000000;2016-02-13T01:27:07.000000;35081cc8-95cb-45dd-af85-96d217d4b75f;385.96;0.55753092;UNKNOWN
2016-02-13T01:27:10.000000;2016-02-13T01:27:10.000000;022679b8-b258-4613-97f5-ccc85c68919c;385.92;0.11811631;UNKNOWN
2016-02-13T01:27:14.000000;2016-02-13T01:27:14.000000;cd9c7783-6c8e-466f-adf3-c4efab6053a9;385.92;0.08648555;UNKNOWN
2016-02-13T01:27:15.000000;2016-02-13T01:27:15.000000;06ae1238-c3d6-44a7-a499-c97a2b2b61b9;385.92;0.20556875;UNKNOWN
2016-02-13T01:27:17.000000;2016-02-13T01:27:17.000000;c43bfc99-f4a1-4ed9-94dc-5903feabd9e6;385.92;0.27876299;UNKNOWN
2016-02-13T01:27:17.000000;2016-02-13T01:27:17.000000;24514fb8-d467-46b6-9464-34351cd402e2;385.92;0.02648597;UNKNOWN
2016-02-13T01:27:17.000000;2016-02-13T01:27:17.000000;bfd7db02-17bc-42ee-bd83-1c7fc0a1f2a6;385.92;0.41666286;UNKNOWN
2016-02-13T01:27:17.000000;2016-02-13T01:27:17.000000;65b1c11c-fae6-4d82-9d9d-af09933b1b52;385.92;0.6094061;UNKNOWN
2016-02-13T01:27:20.000000;2016-02-13T01:27:20.000000;f3a781b2-3c52-485a-9db0-a300fda75d8e;385.92;0.12580734;UNKNOWN
2016-02-13T01:27:23.000000;2016-02-13T01:27:23.000000;a816888e-3645-4993-a44b-39b38cd367c7;385.92;0.18723797;UNKNOWN
2016-02-13T01:27:25.000000;2016-02-13T01:27:25.000000;e87d64df-92a7-4378-8a9e-e10338eb6a4c;385.92;0.05;UNKNOWN
2016-02-13T01:27:25.000000;2016-02-13T01:27:25.000000;f3387c90-6a53-4c3b-bfa3-d4888497eda5;385.96;0.3529;UNKNOWN
2016-02-13T01:27:52.000000;2016-02-13T01:27:52.000000;7b8213e6-4428-4c2d-8e05-7b88517d3f53;385.96;0.3503;UNKNOWN
2016-02-13T01:27:55.000000;2016-02-13T01:27:55.000000;a5bced6d-567f-461f-85aa-ef73a95ff775;385.96;0.08199647;UNKNOWN
2016-02-13T01:27:58.000000;2016-02-13T01:27:58.000000;af85f6d5-b91c-46e5-a2f6-3885919636c5;385.96;0.28225116;UNKNOWN
2016-02-13T01:27:59.000000;2016-02-13T01:27:59.000000;614a615b-84d0-4705-84dc-c2cb0dcae518;385.96;0.58664194;UNKNOWN
2016-02-13T01:27:59.000000;2016-02-13T01:27:59.000000;5b25d739-398d-4f66-aea3-7a910d66ca07;385.96;0.39925432;UNKNOWN
2016-02-13T01:28:00.000000;2016-02-13T01:28:00.000000;9c16c745-7a57-41da-8846-bacd0ef52af7;385.96;0.02819168;UNKNOWN
2016-02-13T01:28:01.000000;2016-02-13T01:28:01.000000;a101a3d2-3958-4cf5-bb1f-bf5697d7153f;385.96;0.12444865;UNKNOWN
2016-02-13T01:28:05.000000;2016-02-13T01:28:05.000000;94fc38b4-af90-480d-a485-78ac29af272e;385.96;0.22484822;UNKNOWN
2016-02-13T01:28:05.000000;2016-02-13T01:28:05.000000;f56c680e-4e2f-4c6f-b0d0-e9aca6756970;385.96;0.07650339;UNKNOWN
2016-02-13T01:28:13.000000;2016-02-13T01:28:13.000000;c38c5782-9196-4181-b541-441291784d20;386.0;0.20344145;UNKNOWN
2016-02-13T01:28:14.000000;2016-02-13T01:28:14.000000;dc9db8ca-e132-4f27-9273-7b96391e0f11;385.98;0.07878626;UNKNOWN
2016-02-13T01:28:23.000000;2016-02-13T01:28:23.000000;a7a1053f-238b-4f80-9dce-e33b6a3ca12a;385.98;0.3775;UNKNOWN
2016-02-13T01:28:23.000000;2016-02-13T01:28:23.000000;c68a3c8e-2e95-4b43-ab1e-4eef428feb50;385.98;0.2064301;UNKNOWN
2016-02-13T01:28:24.000000;2016-02-13T01:28:24.000000;2b63834b-538d-4c8d-bd9f-87a23f006b95;385.98;0.08005985;UNKNOWN
2016-02-13T01:28:26.000000;2016-02-13T01:28:26.000000;780e2760-f9bb-44af-b553-d50cd8a1deea;385.98;3.7;UNKNOWN
2016-02-13T01:28:33.000000;2016-02-13T01:28:33.000000;e700d620-ca43-46fc-a9ae-1a7933a65ecb;385.98;0.20533965;UNKNOWN
2016-02-13T01:28:34.000000;2016-02-13T01:28:34.000000;59c1aa33-6711-4f2d-8093-7944819d1090;385.98;0.07943752;UNKNOWN
2016-02-13T01:28:38.000000;2016-02-13T01:28:38.000000;0d99eb12-7b00-47a2-aa89-8c9f624641e9;385.98;0.28806715;UNKNOWN
2016-02-13T01:28:39.000000;2016-02-13T01:28:39.000000;bae50475-4ca9-4c09-aafc-2645d5f17bd5;385.98;0.71865871;UNKNOWN
2016-02-13T01:28:39.000000;2016-02-13T01:28:39.000000;f8c8e631-8880-4f3c-b890-d97aec1ca9ea;385.98;0.4397175;UNKNOWN
2016-02-13T01:28:41.000000;2016-02-13T01:28:41.000000;5f9c1018-f543-4105-b1cd-efc1cba3425d;385.98;0.02880534;UNKNOWN
2016-02-13T01:28:42.000000;2016-02-13T01:28:42.000000;e7be20f1-80e1-4a2c-95b4-dd3bc3f3f486;385.98;0.14028414;UNKNOWN
2016-02-13T01:28:44.000000;2016-02-13T01:28:44.000000;0daaf4f5-7b4d-4f09-ac69-22791a205a85;385.98;0.20901697;UNKNOWN
2016-02-13T01:28:45.000000;2016-02-13T01:28:45.000000;36c07ecc-302d-4501-aee2-b9102dcdff23;385.98;0.08147516;UNKNOWN
2016-02-13T01:28:47.000000;2016-02-13T01:28:47.000000;3a480858-abd3-45d2-bd5b-0b4e7d104ef4;385.98;0.70108084;UNKNOWN
2016-02-13T01:28:47.000000;2016-02-13T01:28:47.000000;1604c465-b5e5-41f6-b8bd-8e3caa344112;385.98;0.25802597;UNKNOWN
2016-02-13T01:28:47.000000;2016-02-13T01:28:47.000000;4938a30e-d8af-4971-8d23-817402b92582;385.98;0.02702189;UNKNOWN
2016-02-13T01:28:48.000000;2016-02-13T01:28:48.000000;5135cabb-0d3f-4fd0-ac8e-0c100e37feee;385.98;0.42341461;UNKNOWN
2016-02-13T01:28:50.000000;2016-02-13T01:28:50.000000;0f3f10c3-e5d1-4655-859d-c02414807c16;385.98;0.13404109;UNKNOWN
2016-02-13T01:28:52.000000;2016-02-13T01:28:52.000000;724a30c9-5835-4aac-a180-78fc3dc32194;385.98;0.3775;UNKNOWN
2016-02-13T01:28:54.000000;2016-02-13T01:28:54.000000;3f6e6783-f302-4fe4-b2d6-1cc07bd96aaa;385.98;0.22674685;UNKNOWN
2016-02-13T01:28:54.000000;2016-02-13T01:28:54.000000;fa66dc35-0d11-42b8-aad3-c88eedc395e2;385.98;0.07792334;UNKNOWN
2016-02-13T01:28:57.000000;2016-02-13T01:28:57.000000;1681bf33-e252-4e98-a0d9-6781afb9423f;385.98;0.65241225;UNKNOWN
2016-02-13T01:28:57.000000;2016-02-13T01:28:57.000000;1287b9ed-298a-4ef7-96bd-f0dfba7ff2e8;385.98;0.40653406;UNKNOWN
2016-02-13T01:28:57.000000;2016-02-13T01:28:57.000000;8dfcb28e-2d0c-49be-b401-21259ebb1412;385.98;0.29943158;UNKNOWN
2016-02-13T01:28:57.000000;2016-02-13T01:28:57.000000;9eac388d-e03d-4bc2-ba92-bca4982e00a0;385.98;0.02768917;UNKNOWN
2016-02-13T01:29:05.000000;2016-02-13T01:29:05.000000;0d76f8a0-30da-4fc7-9eaa-236e14538b49;386.0;0.79655855;UNKNOWN
2016-02-13T01:29:05.000000;2016-02-13T01:29:05.000000;ff74afde-9e4f-4a08-a836-bde1fe52144b;386.0;0.20344145;UNKNOWN
2016-02-13T01:29:06.000000;2016-02-13T01:29:06.000000;387e981c-9581-4319-9747-4168d68f7977;386.0;0.0740296;UNKNOWN
2016-02-13T01:29:08.000000;2016-02-13T01:29:08.000000;6e7c1481-8ed0-4b0c-978d-42cbb655b8bc;386.0;0.46219307;UNKNOWN
2016-02-13T01:29:15.000000;2016-02-13T01:29:15.000000;ef9e8791-8bb9-435b-bd4a-216a477e3f02;385.98;0.16465368;UNKNOWN
2016-02-13T01:29:15.000000;2016-02-13T01:29:15.000000;8a8541d2-063b-40d6-895b-1738e3b613b3;385.98;0.30253276;UNKNOWN
2016-02-13T01:29:15.000000;2016-02-13T01:29:15.000000;ed10f84f-f3af-4e62-81be-44e22c98b3dd;385.98;0.2036641;UNKNOWN
2016-02-13T01:29:15.000000;2016-02-13T01:29:15.000000;028db033-c970-4bd5-ab08-76d11a97f55d;385.98;0.05351229;UNKNOWN
2016-02-13T01:29:15.000000;2016-02-13T01:29:15.000000;1c1c7596-c61b-4164-a95b-5292e1a985ff;385.98;0.07729279;UNKNOWN
2016-02-13T01:29:15.000000;2016-02-13T01:29:15.000000;392512c5-6f1b-4dfd-a6d7-9fc97cfe8558;385.98;0.13522072;UNKNOWN
2016-02-13T01:29:15.000000;2016-02-13T01:29:15.000000;e5722c7d-f178-4b43-a5b0-b41921f6c399;385.98;0.02527934;UNKNOWN
2016-02-13T01:29:18.000000;2016-02-13T01:29:18.000000;2b210b1f-b12f-4eb4-9a43-0f5970d8b0b8;385.97;0.4660253;UNKNOWN
2016-02-13T01:29:20.000000;2016-02-13T01:29:20.000000;abb3292c-2665-4d64-843f-466d2b4f2a14;385.97;0.13527031;UNKNOWN
2016-02-13T01:29:21.000000;2016-02-13T01:29:21.000000;1b835fb6-a152-46c9-9f23-c790d128bb90;385.97;0.3566;UNKNOWN
2016-02-13T01:29:23.000000;2016-02-13T01:29:23.000000;055c518f-fa09-477f-b9ee-590dd5d53a27;385.97;0.20948689;UNKNOWN
2016-02-13T01:29:24.000000;2016-02-13T01:29:24.000000;b2f2bf88-6586-42f6-97d4-1452c4fcc5c2;385.97;0.08490596;UNKNOWN
2016-02-13T01:29:25.000000;2016-02-13T01:29:25.000000;6f82bdf1-5d02-4a28-aecc-e5431d5308af;385.97;0.75;UNKNOWN
2016-02-13T01:29:26.000000;2016-02-13T01:29:26.000000;25db5af1-2718-4c1d-8b83-f5fb1f2a0b96;385.97;0.15586427;UNKNOWN
2016-02-13T01:29:27.000000;2016-02-13T01:29:27.000000;14a28060-7f88-419d-ab34-6fad28034ea2;385.97;0.29893371;UNKNOWN
2016-02-13T01:29:27.000000;2016-02-13T01:29:27.000000;f47b5019-e3eb-478e-9650-449cb1352347;385.97;0.02800806;UNKNOWN
2016-02-13T01:29:28.000000;2016-02-13T01:29:28.000000;17edc607-cb6d-42c2-acf9-786170d524be;385.97;0.41689701;UNKNOWN
2016-02-13T01:29:29.000000;2016-02-13T01:29:29.000000;c5bc56a1-12a9-4416-b056-e3064e12316b;385.97;0.67163685;UNKNOWN
2016-02-13T01:29:31.000000;2016-02-13T01:29:31.000000;5b5f11c5-d176-4cd9-ae5c-c06ecd9caf07;385.97;0.12886042;UNKNOWN
2016-02-13T01:29:33.000000;2016-02-13T01:29:33.000000;11cf65bc-600b-4e84-8125-bb0f54f933ed;385.97;0.21631591;UNKNOWN
2016-02-13T01:29:34.000000;2016-02-13T01:29:34.000000;a3affcde-332b-4135-80bf-730b07eac963;385.97;0.07886045;UNKNOWN
2016-02-13T01:29:36.000000;2016-02-13T01:29:36.000000;80e2a260-af6d-4384-a356-dee5e35b6b61;385.97;0.1475012;UNKNOWN
2016-02-13T01:29:36.000000;2016-02-13T01:29:36.000000;093ebdfb-bf19-42f5-ab8c-adb4353aa447;385.97;0.26036856;UNKNOWN
2016-02-13T01:29:37.000000;2016-02-13T01:29:37.000000;7a85dbc8-f19e-4ee9-99d9-1a9a27a523cb;385.97;0.59699382;UNKNOWN
2016-02-13T01:29:37.000000;2016-02-13T01:29:37.000000;a37ce37a-66da-4476-a9dd-1115845d8a3c;385.97;0.02766115;UNKNOWN
2016-02-13T01:29:38.000000;2016-02-13T01:29:38.000000;b79d5542-3627-42f6-998d-dfc3525e014e;385.97;0.442395;UNKNOWN
2016-02-13T01:29:42.000000;2016-02-13T01:29:42.000000;888870fd-efec-42d2-8703-e54d47674121;385.97;0.14302943;UNKNOWN
2016-02-13T01:29:44.000000;2016-02-13T01:29:44.000000;e7117185-3de9-4740-a944-787e13f99154;385.97;0.09112771;UNKNOWN
2016-02-13T01:29:44.000000;2016-02-13T01:29:44.000000;2f3cd605-8f9c-4483-988e-09c8bb0d30aa;385.97;0.21540558;UNKNOWN
2016-02-13T01:29:46.000000;2016-02-13T01:29:46.000000;560251c9-1000-4b51-89f8-ad7a10832a26;385.97;0.15421701;UNKNOWN
2016-02-13T01:29:46.000000;2016-02-13T01:29:46.000000;2c6b4fbd-7a5c-491f-a4e7-9d478596e392;385.97;0.66362331;UNKNOWN
2016-02-13T01:29:46.000000;2016-02-13T01:29:46.000000;4155ca12-d160-4c54-84ea-53959f234e2a;385.97;0.28961478;UNKNOWN
2016-02-13T01:29:47.000000;2016-02-13T01:29:47.000000;57aa8fcf-36d2-4ce8-9c07-ab737ed338a9;385.97;0.02709757;UNKNOWN
2016-02-13T01:29:47.000000;2016-02-13T01:29:47.000000;00f0d0f0-d96d-4db7-bd6b-c00a16cff5c5;385.97;0.47719719;UNKNOWN
2016-02-13T01:29:50.000000;2016-02-13T01:29:50.000000;abc8df62-b057-4d70-91d7-4d15f310a39a;385.97;0.3615;UNKNOWN
2016-02-13T01:29:51.000000;2016-02-13T01:29:51.000000;c0368e58-1c0a-4376-bfb2-f3afcf97abaf;385.97;0.15440442;UNKNOWN
2016-02-13T01:29:53.000000;2016-02-13T01:29:53.000000;0a0c28ca-ff90-4e63-a43c-2430c4150b0d;385.97;0.20833674;UNKNOWN
2016-02-13T01:29:54.000000;2016-02-13T01:29:54.000000;9259fde6-612e-4565-9dce-24ce32a4bbbe;385.97;0.08035332;UNKNOWN
2016-02-13T01:29:56.000000;2016-02-13T01:29:56.000000;8ece065c-fc20-49de-ae6c-8103b90ff9a4;385.97;0.16078221;UNKNOWN
2016-02-13T01:29:56.000000;2016-02-13T01:29:56.000000;7057836a-440d-4164-b275-0d10ff2a647e;385.97;0.2811918;UNKNOWN
2016-02-13T01:29:57.000000;2016-02-13T01:29:57.000000;0b6ba40f-0fa1-4f4f-b113-c0a1c9159e78;385.97;0.025519;UNKNOWN
2016-02-13T01:29:57.000000;2016-02-13T01:29:57.000000;ce83667e-d325-4575-99bc-9fc0b6f7f0d7;385.97;0.44210138;UNKNOWN
2016-02-13T01:29:57.000000;2016-02-13T01:29:57.000000;bcc0f45b-f8b5-44fa-9be0-9a3b918394f6;385.97;0.65998461;UNKNOWN
2016-02-13T01:30:02.000000;2016-02-13T01:30:02.000000;8b5a32c7-e912-47e1-a617-1178252d0e39;385.98;9.8103599;UNKNOWN
2016-02-13T01:30:08.000000;2016-02-13T01:30:08.000000;61ea54a2-6a6a-4b5c-8d07-a843df9d4783;385.98;0.42654629;UNKNOWN
2016-02-13T01:30:18.000000;2016-02-13T01:30:18.000000;6adec4cf-00f6-40d0-bb55-543723e6ac22;385.98;0.43278785;UNKNOWN
2016-02-13T01:30:20.000000;2016-02-13T01:30:20.000000;8d50f5bd-a2d9-431a-97d7-3a7d6c0ffa63;385.98;0.0329;UNKNOWN
2016-02-13T01:30:27.000000;2016-02-13T01:30:27.000000;66615815-32b3-4428-b53e-afd2c3a50a3e;385.98;0.41405284;UNKNOWN
2016-02-13T01:30:30.000000;2016-02-13T01:30:30.000000;e3fe14a5-42da-4dd0-9fa3-a28b2d5dc4eb;385.98;0.4352;UNKNOWN
2016-02-13T01:30:32.000000;2016-02-13T01:30:32.000000;cf3e673b-cbe6-47b5-b166-5afd4dde3971;385.98;0.15030937;UNKNOWN
2016-02-13T01:30:35.000000;2016-02-13T01:30:35.000000;ad5ff79e-14a4-4d50-85ca-061448c1d68c;385.98;0.25758783;UNKNOWN
2016-02-13T01:30:37.000000;2016-02-13T01:30:37.000000;2e6707bb-0e1b-410b-8a39-0d623da4e9c2;385.98;0.08999849;UNKNOWN
2016-02-13T01:30:37.000000;2016-02-13T01:30:37.000000;643af3fd-1f0e-4ff5-8e59-292805b5defb;385.98;0.45534506;UNKNOWN
2016-02-13T01:30:38.000000;2016-02-13T01:30:38.000000;eb74637b-904a-408b-9cde-9e7306369625;385.98;0.1796251;UNKNOWN
2016-02-13T01:30:39.000000;2016-02-13T01:30:39.000000;af679baf-3a92-4453-b619-e9d48d0635cf;385.98;0.26681134;UNKNOWN
2016-02-13T01:30:40.000000;2016-02-13T01:30:40.000000;79ad15fd-7060-42fe-99c6-83135769d6b4;385.98;0.03212354;UNKNOWN
2016-02-13T01:30:41.000000;2016-02-13T01:30:41.000000;3995e413-5cf4-4adf-936f-917be3b90c20;385.98;0.66499714;UNKNOWN
2016-02-13T01:30:41.000000;2016-02-13T01:30:41.000000;975921f1-5eb3-44d8-8f74-637ae06f29c9;385.98;0.16825924;UNKNOWN
2016-02-13T01:30:43.000000;2016-02-13T01:30:43.000000;6d3071cd-8658-4055-9810-d7b1f0440088;385.98;0.26655705;UNKNOWN
2016-02-13T01:30:44.000000;2016-02-13T01:30:44.000000;e50a9804-6c43-4e59-a98a-e1eced2bbafb;385.98;0.09594665;UNKNOWN
2016-02-13T01:30:46.000000;2016-02-13T01:30:46.000000;a68c6341-3508-40e4-8838-706c228121e2;385.98;0.03206917;UNKNOWN
2016-02-13T01:30:46.000000;2016-02-13T01:30:46.000000;19171405-8c1b-4517-8737-f233b80cc242;385.98;0.18202717;UNKNOWN
2016-02-13T01:30:46.000000;2016-02-13T01:30:46.000000;a20c5618-c3aa-4437-9c9b-6df86f1c7cb2;385.98;0.27418905;UNKNOWN
2016-02-13T01:30:47.000000;2016-02-13T01:30:47.000000;eca30ef5-181f-4121-b748-36fcce81dacb;385.98;0.49818138;UNKNOWN
2016-02-13T01:30:47.000000;2016-02-13T01:30:47.000000;dd77644c-eaf2-4cf4-9b74-a424def0caaa;385.98;0.70655018;UNKNOWN
2016-02-13T01:30:50.000000;2016-02-13T01:30:50.000000;e2ceeb01-1182-477c-b279-a06a124fd4a5;385.98;0.15573782;UNKNOWN
2016-02-13T01:30:54.000000;2016-02-13T01:30:54.000000;35b24cc0-9eff-4ebc-9c3b-dbe5311189de;385.98;0.24553321;UNKNOWN
2016-02-13T01:30:54.000000;2016-02-13T01:30:54.000000;29f914ef-dd61-4ce1-b26a-0b52e74ee45e;385.98;0.09704003;UNKNOWN
2016-02-13T01:30:56.000000;2016-02-13T01:30:56.000000;5cd72da8-cc5e-46c4-b1e8-dd559da1e0cd;385.98;0.0282848;UNKNOWN
2016-02-13T01:30:56.000000;2016-02-13T01:30:56.000000;54c303d4-c9c2-461d-b9ed-568844a51868;385.98;0.16953257;UNKNOWN
2016-02-13T01:30:57.000000;2016-02-13T01:30:57.000000;7c6bdd08-f2a2-44dd-b8f0-4a63bfc040e5;385.98;0.71879874;UNKNOWN
2016-02-13T01:30:57.000000;2016-02-13T01:30:57.000000;33ba080d-4b5c-42d9-8a69-265236d49f5f;385.98;0.48460656;UNKNOWN
2016-02-13T01:30:58.000000;2016-02-13T01:30:58.000000;e2f70171-fbe6-4c68-b749-98fd284a0882;385.98;0.28779699;UNKNOWN
2016-02-13T01:30:59.000000;2016-02-13T01:30:59.000000;2ebc8ad5-e76d-4219-a1e4-2d5f8b520925;385.97;0.68827388;UNKNOWN
2016-02-13T01:30:59.000000;2016-02-13T01:30:59.000000;481676c5-b112-4e04-8dba-497dbc01538a;385.98;0.3519;UNKNOWN
2016-02-13T01:30:59.000000;2016-02-13T01:30:59.000000;32ec55c2-3853-4ffa-a9cc-524bbd0dc587;385.97;2.55051429;UNKNOWN
2016-02-13T01:30:59.000000;2016-02-13T01:30:59.000000;c18b4c00-4798-43ae-ae40-7302dd12c02d;385.97;0.64774373;UNKNOWN
2016-02-13T01:30:59.000000;2016-02-13T01:30:59.000000;5fe8ed95-3395-4b77-a98f-83def252ddbf;385.97;1.1134681;UNKNOWN
2016-02-13T01:31:00.000000;2016-02-13T01:31:00.000000;3a1e4e4e-547d-431a-b4a1-d13ae330ec21;385.98;0.17409533;UNKNOWN
2016-02-13T01:31:03.000000;2016-02-13T01:31:03.000000;0835c3e2-b2cc-45b0-b667-06b09dbf9156;385.98;0.25140679;UNKNOWN
2016-02-13T01:31:04.000000;2016-02-13T01:31:04.000000;61c2ff79-f61b-43f8-aaf2-dbe53a52cda6;385.98;0.08943724;UNKNOWN
2016-02-13T01:31:06.000000;2016-02-13T01:31:06.000000;909930a0-75ed-4b6d-a84e-29033510658b;385.98;0.17703021;UNKNOWN
2016-02-13T01:31:07.000000;2016-02-13T01:31:07.000000;b8f960a0-5ad1-4556-b680-1140f2172e64;385.98;0.7469825;UNKNOWN
2016-02-13T01:31:07.000000;2016-02-13T01:31:07.000000;6526960c-321a-4320-9aea-d94c15281edc;385.98;0.30059451;UNKNOWN
2016-02-13T01:31:07.000000;2016-02-13T01:31:07.000000;4c9b16e3-8d88-4b8a-8c61-f3485ba44c24;385.98;0.02882333;UNKNOWN
2016-02-13T01:31:08.000000;2016-02-13T01:31:08.000000;31b3319b-8912-4905-a031-7ed8bc199ab2;385.98;0.11178092;UNKNOWN
2016-02-13T01:31:12.000000;2016-02-13T01:31:12.000000;33b3607d-c81a-4d69-9eda-3a4a648ab8e6;385.98;6.4559;UNKNOWN
2016-02-13T01:31:12.000000;2016-02-13T01:31:12.000000;75fa1d43-62db-44cd-aeb2-1e97c992f463;385.98;0.14749485;UNKNOWN
2016-02-13T01:31:12.000000;2016-02-13T01:31:12.000000;d8b02268-df3f-4313-8a19-65dba46c47a9;385.98;0.37521256;UNKNOWN
2016-02-13T01:31:13.000000;2016-02-13T01:31:13.000000;262737ae-6f7c-466a-8101-0a62606e2968;385.98;0.29757863;UNKNOWN
2016-02-13T01:31:14.000000;2016-02-13T01:31:14.000000;707b603d-00ee-4e1f-81f3-a497734cccbe;385.98;0.0944897;UNKNOWN
2016-02-13T01:31:16.000000;2016-02-13T01:31:16.000000;a703c2a0-3268-439b-adaa-2dd4e1b366ed;385.98;0.17592988;UNKNOWN
2016-02-13T01:31:18.000000;2016-02-13T01:31:18.000000;1933d94b-b703-4872-a2c8-d33fb0925b5a;385.98;0.44509305;UNKNOWN
2016-02-13T01:31:18.000000;2016-02-13T01:31:18.000000;68fe9733-ac16-4ebf-95ce-2d67cfed055a;385.98;0.65977002;UNKNOWN
2016-02-13T01:31:18.000000;2016-02-13T01:31:18.000000;ed76fc14-d51d-4ef2-9b4f-b67bd1fe9431;385.98;0.02980455;UNKNOWN
2016-02-13T01:31:18.000000;2016-02-13T01:31:18.000000;d784107e-7e0b-490f-8353-8a23d5a5148c;385.98;0.28646796;UNKNOWN
2016-02-13T01:31:20.000000;2016-02-13T01:31:20.000000;ea91db6e-d84e-4573-a6aa-27885428b5fa;385.98;0.16330055;UNKNOWN
2016-02-13T01:31:24.000000;2016-02-13T01:31:24.000000;984bb830-8cf7-4bf9-b734-fa90a82c73ec;385.98;0.29405235;UNKNOWN
2016-02-13T01:31:24.000000;2016-02-13T01:31:24.000000;3c3eb05d-c4e4-4243-900f-3352aba8396e;385.98;0.0870216;UNKNOWN
2016-02-13T01:31:26.000000;2016-02-13T01:31:26.000000;c64809e3-9cec-41d1-a5c3-2b6068fc9d09;385.98;0.03075665;UNKNOWN
2016-02-13T01:31:27.000000;2016-02-13T01:31:27.000000;97fd990e-b3d1-432f-b7d4-2f830a8a817a;385.98;0.31034923;UNKNOWN
2016-02-13T01:31:27.000000;2016-02-13T01:31:27.000000;fe471a9a-fab3-4077-bef2-7e82b1b52eef;385.98;0.16228383;UNKNOWN
2016-02-13T01:31:28.000000;2016-02-13T01:31:28.000000;a09c6af8-8274-4bfd-b563-613b5fffc410;385.98;0.49995669;UNKNOWN
2016-02-13T01:31:28.000000;2016-02-13T01:31:28.000000;d807a5cf-114b-4819-9077-a61d7619496f;385.98;0.76148832;UNKNOWN
2016-02-13T01:31:30.000000;2016-02-13T01:31:30.000000;4668f1c7-f99b-402e-9eca-74f9c79f400d;385.98;0.3601;UNKNOWN
2016-02-13T01:31:31.000000;2016-02-13T01:31:31.000000;63483ddc-f0f8-4904-8bcb-f975f46ac0ec;385.98;0.02064958;UNKNOWN
