time_exchange;time_coinpai;guid;price;base_amount;taker_side
2016-02-13T00:00:02.340000;2016-02-13T00:00:02.370000;73beb948-e1c0-4532-8c02-74e207e54162;382.05;0.00627519;BUY
2016-02-13T00:00:02.340000;2016-02-13T00:00:02.370000;e4387ec8-1c4d-4c9d-a22d-028627064669;382.05;0.03599481;BUY
2016-02-13T00:00:19.997000;2016-02-13T00:00:20.027000;76f2f952-9f34-4741-917a-479dda1c8cf1;382.05;0.01400519;BUY
2016-02-13T00:00:19.997000;2016-02-13T00:00:20.043000;2fc86161-7bbb-46c5-9e5a-58f2fe82732d;382.06;0.02378928;BUY
2016-02-13T00:00:32.397000;2016-02-13T00:00:32.433000;5961c314-fd60-4f95-adb0-b04230ac6c08;382.06;0.02621072;BUY
2016-02-13T00:00:32.397000;2016-02-13T00:00:32.450000;9c4640e4-6e80-4b7e-a61c-d80d264d548b;382.06;0.05;BUY
2016-02-13T00:00:32.397000;2016-02-13T00:00:32.450000;509e0cf3-e9d5-45f3-bd5e-fd9a06f2134e;382.06;0.05;BUY
2016-02-13T00:00:32.397000;2016-02-13T00:00:32.450000;04cb34bf-6ef2-48b5-bd49-4afb3b0b1c3b;382.06;0.18917831;BUY
2016-02-13T00:00:32.400000;2016-02-13T00:00:32.450000;9fb6cbd7-0d0b-4d1f-93a9-48a033b896a3;382.06;0.02916;BUY
2016-02-13T00:00:32.400000;2016-02-13T00:00:32.450000;ddd2e3d5-aab2-4557-9e08-d98fb038f5e8;382.07;0.01;BUY
2016-02-13T00:00:32.400000;2016-02-13T00:00:32.450000;904768d2-61ef-46fe-84d7-e23bb0341d26;382.08;0.01;BUY
2016-02-13T00:00:32.400000;2016-02-13T00:00:32.463000;eb3e8f62-1298-474e-a6ea-8040eb2e3006;382.08;0.05;BUY
2016-02-13T00:00:32.400000;2016-02-13T00:00:32.463000;3b02248a-1ee0-4af8-93cb-3774bee51491;382.09;0.05;BUY
2016-02-13T00:00:32.400000;2016-02-13T00:00:32.463000;0ebe8040-d75a-4b6d-b192-5b2ad34c7d65;382.09;0.05;BUY
2016-02-13T00:00:32.400000;2016-02-13T00:00:32.463000;a3caa889-8dbc-4f04-8160-c2b6022cc018;382.09;0.05;BUY
2016-02-13T00:00:32.400000;2016-02-13T00:00:32.480000;eb7be04b-1433-4fb0-bdf3-38e5be096045;382.1;0.01;BUY
2016-02-13T00:00:32.400000;2016-02-13T00:00:32.480000;01f927a0-38b5-459b-b2a9-f248d8d12812;382.1;0.1;BUY
2016-02-13T00:00:32.400000;2016-02-13T00:00:32.480000;471261a2-a5ae-4890-8083-db89e822e500;382.1;0.1;BUY
2016-02-13T00:00:32.400000;2016-02-13T00:00:32.480000;2ea9c86d-3567-478f-b1de-f905b6bb820c;382.1;0.1;BUY
2016-02-13T00:00:32.400000;2016-02-13T00:00:32.480000;c65c86e5-d400-4af8-87a6-6cf115e9a226;382.1;0.05;BUY
2016-02-13T00:00:32.400000;2016-02-13T00:00:32.480000;378b99ce-a520-4842-805d-27c112fcacad;382.1;0.05;BUY
2016-02-13T00:00:32.400000;2016-02-13T00:00:32.480000;521c682a-ac1d-40cf-ad0d-64693a0ce783;382.1;0.05;BUY
2016-02-13T00:00:32.400000;2016-02-13T00:00:32.480000;8836f189-0ba0-43c7-836c-685e02a35980;382.12;0.01;BUY
2016-02-13T00:00:32.400000;2016-02-13T00:00:32.480000;b3a5da06-d378-456f-ba62-b5a8239149dd;382.12;0.028;BUY
2016-02-13T00:00:32.400000;2016-02-13T00:00:32.480000;386bea35-f483-4559-9880-6e14e72e954d;382.12;0.02463;BUY
2016-02-13T00:00:32.400000;2016-02-13T00:00:32.527000;8b0b4ae3-1d00-4834-a58a-ca835f86958f;382.12;0.05;BUY
2016-02-13T00:00:32.403000;2016-02-13T00:00:32.527000;b7e63356-e3dc-480f-bad7-4b1913fba8ef;382.13;0.016;BUY
2016-02-13T00:00:32.403000;2016-02-13T00:00:32.527000;b1eb7301-4f03-4b79-8507-ded1340b1d8a;382.14;0.01796;BUY
2016-02-13T00:00:32.403000;2016-02-13T00:00:32.527000;01699df8-1c93-45f5-be9d-db35af938abf;382.15;0.01;BUY
2016-02-13T00:00:32.403000;2016-02-13T00:00:32.527000;1dfd79ee-c38a-4e31-8fd2-3d37def4dffc;382.15;0.00570097;BUY
2016-02-13T00:01:07.557000;2016-02-13T00:01:07.590000;4b7cde8a-67ae-484e-ac68-65630d3c1b23;382.16;0.05;BUY
2016-02-13T00:01:07.557000;2016-02-13T00:01:07.590000;bd97925e-9071-4c8f-abca-0bf6851094c4;382.16;0.01;BUY
2016-02-13T00:01:07.557000;2016-02-13T00:01:07.590000;69bf0af2-20b6-4cf2-ac69-9fd8c8e535b7;382.16;0.3032;BUY
2016-02-13T00:01:43.790000;2016-02-13T00:01:43.810000;87837aea-39da-45f7-8a9d-6b77bcb1b3cf;382.16;0.26207;BUY
2016-02-13T00:02:32.490000;2016-02-13T00:02:32.513000;9d4a4372-d7b3-4072-b0c7-d6bd99ac9a10;382.16;1.57724;BUY
2016-02-13T00:03:02.513000;2016-02-13T00:03:02.527000;b6fbdaa5-c58c-4d5e-90a2-8169cf48dedb;382.16;2.5922;BUY
2016-02-13T00:03:32.183000;2016-02-13T00:03:32.200000;d4f3e871-a26b-45df-92f4-0a1115a1c6fb;382.16;1.05529;BUY
2016-02-13T00:03:32.183000;2016-02-13T00:03:32.230000;4643942e-5086-4842-8a6a-39b4fbaf42ec;382.17;0.01;BUY
2016-02-13T00:03:32.183000;2016-02-13T00:03:32.230000;a11b1159-23b3-410e-b690-97bac38b88cb;382.17;0.08;BUY
2016-02-13T00:03:32.183000;2016-02-13T00:03:32.230000;96be8e0b-51df-4977-9a74-67b352f4e58c;382.18;0.05;BUY
2016-02-13T00:03:32.183000;2016-02-13T00:03:32.230000;3dd8edd2-1fd8-4833-af64-2b814c537b99;382.18;0.05;BUY
2016-02-13T00:03:32.183000;2016-02-13T00:03:32.310000;15672ef7-7a0a-4e09-be85-a477502cc289;382.19;0.20097;BUY
2016-02-13T00:04:48.757000;2016-02-13T00:04:48.810000;cbef64df-ffae-44dd-943e-ffa77db5a15f;382.18;0.012;SELL
2016-02-13T00:04:48.757000;2016-02-13T00:04:48.823000;c752d129-72e7-4ce0-a5e9-d1dd4b77a5ee;382.17;0.013;SELL
2016-02-13T00:04:48.757000;2016-02-13T00:04:48.823000;fc7a34ac-c249-4a75-ad6e-3ab22bc61a0e;382.16;0.013;SELL
2016-02-13T00:04:48.757000;2016-02-13T00:04:48.823000;f486ce9d-1b37-4fea-afe3-96237a273239;382.15;0.711;SELL
2016-02-13T00:04:48.807000;2016-02-13T00:04:48.857000;abad0f0e-4e05-4b3d-8db7-6f612424eeea;382.15;0.037844;SELL
2016-02-13T00:05:02.830000;2016-02-13T00:05:02.870000;0c3852c2-1da7-4a0f-9b80-4fe0cf40b3eb;382.17;0.012;SELL
2016-02-13T00:05:02.830000;2016-02-13T00:05:02.903000;681950ac-2661-4692-a08d-5d8a8ab6dba1;382.16;0.012;SELL
2016-02-13T00:05:02.830000;2016-02-13T00:05:02.903000;7974ad4d-a9c1-41fd-86e1-eff25a4c6629;382.15;1.251156;SELL
2016-02-13T00:05:02.830000;2016-02-13T00:05:02.903000;d996a61a-ef41-4355-8940-4b35f1020377;382.12;0.01;SELL
2016-02-13T00:05:02.830000;2016-02-13T00:05:02.903000;4e46394b-14ec-474b-9fce-85384ddbe718;382.12;0.13;SELL
2016-02-13T00:05:02.830000;2016-02-13T00:05:02.917000;59543ef8-86c4-4790-a6da-11d9bc229faf;382.11;0.01;SELL
2016-02-13T00:05:02.830000;2016-02-13T00:05:02.917000;be153c01-a9a6-4814-9ab8-c99efeddfb6d;382.11;0.108;SELL
2016-02-13T00:05:02.830000;2016-02-13T00:05:02.917000;99824b55-4e28-4a2b-ac28-3205a77d4695;382.06;0.104;SELL
2016-02-13T00:05:02.830000;2016-02-13T00:05:02.917000;a80ee313-77ae-4e3e-b3ec-cd0132f5cc53;382.05;0.011;SELL
2016-02-13T00:05:02.830000;2016-02-13T00:05:02.933000;ae7a55a6-7286-41b8-bf07-cfb7a2dd8e94;382.04;0.011;SELL
2016-02-13T00:05:02.833000;2016-02-13T00:05:02.933000;926ada6b-0a15-4f8a-8c5a-cad92ff4cd4a;382.02;0.01;SELL
2016-02-13T00:05:02.833000;2016-02-13T00:05:02.933000;8abdefb3-aaa3-4584-9c8c-7dc12fcb362d;382.01;0.01;SELL
2016-02-13T00:05:02.833000;2016-02-13T00:05:02.933000;4a278eb6-0696-47a2-a1bb-b050d5373421;382.01;0.021;SELL
2016-02-13T00:05:02.833000;2016-02-13T00:05:02.933000;e7eefa7e-f7d9-4c10-bf6d-efb82a77ca37;382.01;0.3333;SELL
2016-02-13T00:05:02.833000;2016-02-13T00:05:02.933000;b3c1a911-9a92-4a8c-bc91-255cb903578e;382.01;0.115;SELL
2016-02-13T00:05:02.833000;2016-02-13T00:05:02.933000;2852b5d1-ae82-45eb-9d48-25df6f3dbb92;382.0;0.01;SELL
2016-02-13T00:05:02.833000;2016-02-13T00:05:02.933000;4d93a32d-4d51-4986-95c0-a7eac160e83e;381.99;0.011;SELL
2016-02-13T00:05:02.833000;2016-02-13T00:05:02.933000;44f61a90-948d-456e-a617-263ba237545e;381.99;0.434484;SELL
2016-02-13T00:05:34.543000;2016-02-13T00:05:34.590000;7032c322-312b-48d3-90d8-a3e3a23f7c70;382.1;0.037;BUY
2016-02-13T00:05:34.543000;2016-02-13T00:05:34.607000;96164f89-5aea-455f-a3d4-ad549e48cc83;382.14;0.01;BUY
2016-02-13T00:05:34.543000;2016-02-13T00:05:34.607000;e36389de-fcb1-46ab-9470-e511786e1cbd;382.14;0.01;BUY
2016-02-13T00:05:34.543000;2016-02-13T00:05:34.607000;264c9fe8-8495-4055-b56d-f59624e1b18a;382.15;0.01;BUY
2016-02-13T00:05:34.543000;2016-02-13T00:05:34.607000;71aebff6-1216-4992-8030-a2d592a25131;382.15;0.01;BUY
2016-02-13T00:05:34.547000;2016-02-13T00:05:34.700000;06a134e6-8ac9-4c66-a2f1-b56d2e86e5a4;382.15;0.072;BUY
2016-02-13T00:05:34.547000;2016-02-13T00:05:34.700000;4de9c987-dfce-41ee-b357-833a444f6efc;382.16;0.01;BUY
2016-02-13T00:05:34.547000;2016-02-13T00:05:34.700000;0b0b0a1e-6889-45d1-9e65-727bd7b1156d;382.17;0.01;BUY
2016-02-13T00:05:34.547000;2016-02-13T00:05:34.700000;b695129b-5343-4a31-8d6c-f02278a58c57;382.17;0.01;BUY
2016-02-13T00:05:34.547000;2016-02-13T00:05:34.700000;6f5dde45-dec4-4466-ac7c-6cf5d03b48e4;382.17;0.27;BUY
2016-02-13T00:05:34.547000;2016-02-13T00:05:34.700000;7ae53013-a686-46cd-9713-29c5356ac7ad;382.18;0.01;BUY
2016-02-13T00:05:34.547000;2016-02-13T00:05:34.700000;d485e855-34ad-4727-8be9-c59d07cbcb1e;382.18;0.01;BUY
2016-02-13T00:05:34.547000;2016-02-13T00:05:34.700000;8c0f57d9-f4c6-40e4-a5de-900ca42a5ab2;382.19;0.38153;BUY
2016-02-13T00:05:34.547000;2016-02-13T00:05:34.700000;58b535fb-8db2-4c1b-9943-edc4b34260e8;382.19;0.05;BUY
2016-02-13T00:05:34.547000;2016-02-13T00:05:34.700000;bf6f05b8-eddb-4a3a-bf50-007614da2afb;382.19;0.02364;BUY
2016-02-13T00:06:02.800000;2016-02-13T00:06:02.840000;71111516-8835-4aee-9920-5507eff54931;382.18;0.01;BUY
2016-02-13T00:06:02.800000;2016-02-13T00:06:02.857000;b755d42f-da02-4230-9b29-1b9608eae9fc;382.18;0.118;BUY
2016-02-13T00:06:02.800000;2016-02-13T00:06:02.857000;6a1e6c77-5b19-4740-953b-dd4d660f8994;382.19;0.02636;BUY
2016-02-13T00:06:02.800000;2016-02-13T00:06:02.857000;aa5c9630-aa9a-48af-8c1a-29174cf4724a;382.2;0.015;BUY
2016-02-13T00:06:02.800000;2016-02-13T00:06:02.857000;8133299f-a03f-47a4-a66d-5cffd9bb93be;382.2;0.1;BUY
2016-02-13T00:06:02.800000;2016-02-13T00:06:02.950000;cdedc95b-82cf-4913-bff9-1139841371bd;382.2;0.1;BUY
2016-02-13T00:06:02.800000;2016-02-13T00:06:02.950000;c43373cf-da04-4da1-a612-583993be527c;382.2;0.02615;BUY
2016-02-13T00:06:32.390000;2016-02-13T00:06:32.433000;dd44027e-97ba-4b77-ae95-11abd222dfaf;382.2;0.07385;BUY
2016-02-13T00:06:32.390000;2016-02-13T00:06:32.450000;36923400-8dff-42d0-8871-74a7108f98b6;382.2;0.084;BUY
2016-02-13T00:06:32.390000;2016-02-13T00:06:32.450000;dbfa2698-48a9-47c0-a288-f742b8c231ee;382.21;0.0105;BUY
2016-02-13T00:06:32.390000;2016-02-13T00:06:32.450000;0c23d8f6-0a15-42b9-8890-107318722a33;382.21;0.0105;BUY
2016-02-13T00:06:32.390000;2016-02-13T00:06:32.450000;73ab91c9-9e74-4ec5-aba9-9139fa9a9bb0;382.21;0.01;BUY
2016-02-13T00:06:32.390000;2016-02-13T00:06:32.543000;adae0702-9ca9-4435-b917-3c08f43c4828;382.21;0.01;BUY
2016-02-13T00:06:32.390000;2016-02-13T00:06:32.543000;f4c5f8c7-125d-4800-aa07-a44cf9248873;382.21;0.01;BUY
2016-02-13T00:06:32.390000;2016-02-13T00:06:32.543000;8d7a6df9-1d93-45bc-8038-9c03ba33da35;382.21;0.05;BUY
2016-02-13T00:06:32.390000;2016-02-13T00:06:32.543000;217b5b17-2ebe-461e-8363-28aae2a88c29;382.22;0.05;BUY
2016-02-13T00:06:32.390000;2016-02-13T00:06:32.543000;e8751a7b-0cfc-4f06-9041-050a27fbf5d6;382.23;0.22;BUY
2016-02-13T00:06:32.390000;2016-02-13T00:06:32.543000;15d90c04-4112-46a9-9475-5af82ea5475a;382.24;0.05;BUY
2016-02-13T00:06:32.390000;2016-02-13T00:06:32.543000;7232d954-967f-4b95-a3b0-296c7adba479;382.24;0.3333;BUY
2016-02-13T00:06:32.390000;2016-02-13T00:06:32.543000;88e9ca5f-3c21-4b11-b0e2-591654d619d5;382.24;0.09055;BUY
2016-02-13T00:06:36.710000;2016-02-13T00:06:36.747000;d0c89761-448f-4ba2-8b09-418e0006efb4;382.19;0.0105;SELL
2016-02-13T00:07:07.240000;2016-02-13T00:07:07.277000;ed8662f1-b40c-48e7-b190-3f7b46771334;382.22;0.0105;SELL
2016-02-13T00:07:09.590000;2016-02-13T00:07:09.637000;4aabecbf-00ec-4c2e-89f7-6abe667f19c0;382.23;0.0105;BUY
2016-02-13T00:07:09.590000;2016-02-13T00:07:09.653000;98b8c7e0-afdb-41d2-92ae-1d2e808aec0f;382.23;0.096;BUY
2016-02-13T00:07:09.590000;2016-02-13T00:07:09.653000;42885ec1-e652-4251-9e7e-b86c6283e2d3;382.26;0.01;BUY
2016-02-13T00:07:09.590000;2016-02-13T00:07:09.653000;5998c586-8cff-445f-adf8-3ef4e032f3fd;382.26;0.105;BUY
2016-02-13T00:07:09.590000;2016-02-13T00:07:09.653000;613d0b85-c7c2-4125-b69e-1e53145d87ac;382.27;0.05;BUY
2016-02-13T00:07:09.590000;2016-02-13T00:07:09.653000;680a0ba9-3be1-4452-9bde-e9a1aa842e8f;382.28;0.09414;BUY
2016-02-13T00:07:37.987000;2016-02-13T00:07:38.043000;1393931e-8bae-4793-a7e4-0b9bdfecfe11;382.26;0.013;SELL
2016-02-13T00:07:37.987000;2016-02-13T00:07:38.043000;24c458fb-6793-4416-a7bf-4d1558b669f0;382.25;0.013;SELL
2016-02-13T00:07:37.987000;2016-02-13T00:07:38.043000;8c1d4baf-829b-4560-8ab1-b4d71b10c443;382.24;0.013;SELL
2016-02-13T00:07:37.987000;2016-02-13T00:07:38.043000;0d0e2510-006f-4c89-b5af-d916924688af;382.23;0.013;SELL
2016-02-13T00:07:37.987000;2016-02-13T00:07:38.043000;003b6a52-3125-4941-b559-af8768ecd8fe;382.22;0.0025;SELL
2016-02-13T00:07:37.987000;2016-02-13T00:07:38.073000;72d50d50-2a2b-42c1-be8f-2ad04216dc9b;382.22;0.2;SELL
2016-02-13T00:07:37.990000;2016-02-13T00:07:38.090000;1814d6aa-5cb8-4497-a0a1-d109e55f63dd;382.21;0.013;SELL
2016-02-13T00:07:37.990000;2016-02-13T00:07:38.090000;bead3fca-6a62-4753-a89f-4026abdfe370;382.2;0.013;SELL
2016-02-13T00:07:37.990000;2016-02-13T00:07:38.090000;2b2e005e-2f6a-48d8-88ad-db1ed46c373a;382.19;0.0015;SELL
2016-02-13T00:07:37.990000;2016-02-13T00:07:38.090000;ae9626ec-dd47-4c39-866f-fec379b0f155;382.18;0.012;SELL
2016-02-13T00:07:37.990000;2016-02-13T00:07:38.090000;fc1e64be-e060-4019-9ced-a1c99fb43cb1;382.18;0.089;SELL
2016-02-13T00:07:37.990000;2016-02-13T00:07:38.090000;c553a592-1fde-4b34-b587-ba32aaa0ad64;382.17;0.012;SELL
2016-02-13T00:07:37.990000;2016-02-13T00:07:38.090000;a91be709-901b-4256-a293-418e87f3c2a6;382.16;0.012;SELL
2016-02-13T00:07:37.990000;2016-02-13T00:07:38.107000;61a73918-0457-4bfe-8958-0f333da41907;382.15;0.012;SELL
2016-02-13T00:07:37.990000;2016-02-13T00:07:38.107000;5f34430e-725f-4db7-b303-86b70f28a5fa;382.14;0.012;SELL
2016-02-13T00:07:37.990000;2016-02-13T00:07:38.107000;748bf26b-3167-486e-96b2-42b9d23bc64e;382.13;0.012;SELL
2016-02-13T00:07:37.990000;2016-02-13T00:07:38.107000;2148542e-eb46-417c-82b8-4928bc42a03d;382.13;0.101;SELL
2016-02-13T00:07:37.990000;2016-02-13T00:07:38.107000;7a984ac9-025e-4cac-b11f-0bdebef0df92;382.12;0.012;SELL
2016-02-13T00:07:37.993000;2016-02-13T00:07:38.107000;f0ba7df3-bcf5-4ef1-9bd2-d2b86364131c;382.12;0.01;SELL
2016-02-13T00:07:37.993000;2016-02-13T00:07:38.107000;6a184d4d-3ff5-4468-bd94-77bd9909212b;382.11;0.012;SELL
2016-02-13T00:07:37.993000;2016-02-13T00:07:38.120000;9341c21f-48db-4de4-9bf3-05698841cfa7;382.11;0.44;SELL
2016-02-13T00:07:37.993000;2016-02-13T00:07:38.120000;7a24120a-bee2-44db-8ea5-387cfc2f8893;382.1;0.01;SELL
2016-02-13T00:07:37.993000;2016-02-13T00:07:38.120000;d518e0bf-43e1-449a-bbbb-8e55513694bb;382.1;0.88;SELL
2016-02-13T00:07:37.993000;2016-02-13T00:07:38.120000;9fd5ecfd-f214-40f5-b412-26badabd48e5;382.09;0.012;SELL
2016-02-13T00:07:37.993000;2016-02-13T00:07:38.120000;28901f38-7874-465c-97be-4ed8b3c6ff4b;382.09;1.54;SELL
2016-02-13T00:07:37.993000;2016-02-13T00:07:38.120000;e2a2473c-0e57-477d-aafd-641e7686a110;382.08;0.012;SELL
2016-02-13T00:07:37.993000;2016-02-13T00:07:38.120000;966f6ce2-acf0-40d5-a403-340107b4f31f;382.08;1.24979;SELL
2016-02-13T00:08:02.977000;2016-02-13T00:08:03.013000;7a82a83f-e941-486c-a2be-68cd001b96e3;382.2;0.05;BUY
2016-02-13T00:08:02.977000;2016-02-13T00:08:03.027000;9a3abaca-5c77-4a5e-97dc-91731eae7e92;382.21;0.05;BUY
2016-02-13T00:08:02.977000;2016-02-13T00:08:03.027000;c9ce1d30-8427-4a2b-97ee-6fa7aea12133;382.21;0.06999;BUY
2016-02-13T00:08:33.087000;2016-02-13T00:08:33.137000;3a583788-f5ed-4fa6-b7b7-ddf797fdc39f;382.2;0.013;SELL
2016-02-13T00:08:33.087000;2016-02-13T00:08:33.153000;efd2eb3f-4bcc-43cb-929e-22c1e2a3b8b5;382.19;0.013;SELL
2016-02-13T00:08:33.087000;2016-02-13T00:08:33.153000;b5929ed6-f1b4-4ff7-ad48-d36f343f67be;382.18;0.013;SELL
2016-02-13T00:08:33.087000;2016-02-13T00:08:33.153000;f9641201-fb6b-467d-82f7-cf5aa8280ee9;382.17;0.013;SELL
2016-02-13T00:08:33.087000;2016-02-13T00:08:33.213000;7d4aa36b-fe45-49af-ace6-8bc08fd31622;382.16;0.012;SELL
2016-02-13T00:08:33.087000;2016-02-13T00:08:33.213000;d0187c3a-7464-456e-89db-47bd459a2b69;382.15;0.012;SELL
2016-02-13T00:08:33.087000;2016-02-13T00:08:33.213000;93c9ee91-ea2c-4ed4-b8c1-d00b6fe63a8a;382.15;0.12;SELL
2016-02-13T00:08:33.087000;2016-02-13T00:08:33.213000;837504af-b10f-47ed-a29e-1d55b10d9224;382.14;0.012;SELL
2016-02-13T00:08:33.087000;2016-02-13T00:08:33.213000;2f366313-9d4e-4f11-94ba-3e44e22ffa6b;382.13;0.01;SELL
2016-02-13T00:08:33.087000;2016-02-13T00:08:33.213000;9884d873-c8f2-43e1-81cd-ea4cf36d9e49;382.12;0.01;SELL
2016-02-13T00:08:33.087000;2016-02-13T00:08:33.213000;d4a80c4a-9f8d-416b-9135-3f7488b6686d;382.11;0.01;SELL
2016-02-13T00:08:33.087000;2016-02-13T00:08:33.213000;6015f7ba-ffec-4096-9245-4f36c5740631;382.1;0.01;SELL
2016-02-13T00:08:33.087000;2016-02-13T00:08:33.213000;93119bdb-899d-4d5c-a24f-4ef5ee9b67bd;382.1;0.3333;SELL
2016-02-13T00:08:33.087000;2016-02-13T00:08:33.213000;2f382da4-b60f-4f41-b951-b7fbc881cb70;382.1;0.101;SELL
2016-02-13T00:08:33.087000;2016-02-13T00:08:33.213000;d62691e3-66f2-4117-a6ce-5c51d37927b3;382.08;0.66;SELL
2016-02-13T00:08:33.087000;2016-02-13T00:08:33.213000;18c75ea1-d3b2-4e04-92f5-7007418540f9;382.07;0.012;SELL
2016-02-13T00:08:33.090000;2016-02-13T00:08:33.213000;15886d24-d41c-49bc-bf46-965c2483da98;382.07;0.02;SELL
2016-02-13T00:08:33.090000;2016-02-13T00:08:33.213000;9c3b7455-5cf2-41ff-83bb-4f325656af68;382.07;1.32;SELL
2016-02-13T00:08:33.090000;2016-02-13T00:08:33.213000;b3728970-0d5b-4fcc-b672-581517a584f5;382.06;0.012;SELL
2016-02-13T00:08:33.090000;2016-02-13T00:08:33.230000;d80a03d0-7f59-4f63-b044-02c2c051d447;382.06;1.2919;SELL
2016-02-13T00:09:02.547000;2016-02-13T00:09:02.590000;057a0e7e-bdd7-42a9-87f8-9bacb9ce8fbe;382.22;0.01;BUY
2016-02-13T00:09:02.547000;2016-02-13T00:09:02.607000;a83b58a4-eda2-4f4b-b654-cafbaa59959d;382.22;0.084;BUY
2016-02-13T00:09:02.547000;2016-02-13T00:09:02.620000;9b4d7f82-c9a6-4a34-944b-96a1c9b11ec8;382.23;0.01;BUY
2016-02-13T00:09:02.547000;2016-02-13T00:09:02.620000;453934af-0894-4f2d-ac05-a389f6e10720;382.24;0.01;BUY
2016-02-13T00:09:02.550000;2016-02-13T00:09:02.620000;e0362377-c9a4-4133-a0ab-a073eb3c5f26;382.24;0.27;BUY
2016-02-13T00:09:02.550000;2016-02-13T00:09:02.620000;86e7c430-2a4c-423a-876c-b31a0945ca01;382.25;0.01;BUY
2016-02-13T00:09:02.550000;2016-02-13T00:09:02.620000;f8d5a277-53a8-4d0b-a9a6-6434147f1708;382.25;0.014;BUY
2016-02-13T00:09:02.550000;2016-02-13T00:09:02.620000;3226f908-ac0c-48ee-a618-03c3ce78443a;382.27;0.0105;BUY
2016-02-13T00:09:02.550000;2016-02-13T00:09:02.620000;356bdc4b-7bba-4ea7-880f-fc701a836499;382.27;0.097;BUY
2016-02-13T00:09:02.550000;2016-02-13T00:09:02.620000;593a1c3d-be92-4e9f-9e36-fbb4e23a8056;382.28;0.40586;BUY
2016-02-13T00:09:02.550000;2016-02-13T00:09:02.620000;4a4a3c79-3bfc-4184-810e-a291a2ba3382;382.29;0.01;BUY
2016-02-13T00:09:02.550000;2016-02-13T00:09:02.620000;77bdd8b9-a191-4781-84b7-e5eb477ffbe8;382.3;0.01;BUY
2016-02-13T00:09:02.550000;2016-02-13T00:09:02.620000;7c9e80b4-6631-4b24-9fd9-f583681502c5;382.3;0.1;BUY
2016-02-13T00:09:02.550000;2016-02-13T00:09:02.620000;a1e0d2e6-0a11-44bf-88af-5737b4a97894;382.3;0.1;BUY
2016-02-13T00:09:02.550000;2016-02-13T00:09:02.683000;12e7c651-9838-463e-b226-1ebb73bf6492;382.3;0.1;BUY
2016-02-13T00:09:02.550000;2016-02-13T00:09:02.683000;41a5182f-2ce6-4dfa-bb50-9fef7e24ca8a;382.3;0.1;BUY
2016-02-13T00:09:02.550000;2016-02-13T00:09:02.683000;12b40216-af55-4565-b516-984b9b3dce2c;382.3;0.05;BUY
2016-02-13T00:09:02.550000;2016-02-13T00:09:02.683000;4a12934f-9be1-4e16-a15c-1d30c904a96f;382.3;0.05;BUY
2016-02-13T00:09:02.550000;2016-02-13T00:09:02.683000;dda95123-5cc5-42a0-a00b-02f51b187d77;382.3;0.05;BUY
2016-02-13T00:09:02.550000;2016-02-13T00:09:02.683000;95a3e2f5-7994-41b3-b8f4-f76b3b67130a;382.3;0.05;BUY
2016-02-13T00:09:02.550000;2016-02-13T00:09:02.683000;002b0129-9b17-4c31-9188-a8b092c5cc03;382.3;0.01;BUY
2016-02-13T00:09:02.550000;2016-02-13T00:09:02.683000;2f41f7ea-b415-4c5b-a4b4-288dd7283503;382.3;0.01;BUY
2016-02-13T00:09:02.553000;2016-02-13T00:09:02.700000;93d3c164-c8d0-43de-b504-c52bef795254;382.31;0.05;BUY
2016-02-13T00:09:02.553000;2016-02-13T00:09:02.700000;7291bbde-b6d9-4be9-bf7a-ec5050d95565;382.31;0.05;BUY
2016-02-13T00:09:02.553000;2016-02-13T00:09:02.700000;5a1ffc3a-89cd-438a-a660-6e4e5b25b645;382.31;0.05;BUY
2016-02-13T00:09:02.553000;2016-02-13T00:09:02.700000;479469fc-0c7e-49de-ac45-07f98d5b0d9c;382.32;0.05;BUY
2016-02-13T00:09:02.553000;2016-02-13T00:09:02.700000;23073920-82fd-4a45-add2-601c6eaaed87;382.32;0.05;BUY
2016-02-13T00:09:02.553000;2016-02-13T00:09:02.700000;1e2101b6-a492-4db2-8bea-4c465f2c2df3;382.32;0.05;BUY
2016-02-13T00:09:02.553000;2016-02-13T00:09:02.700000;7a6610aa-0d48-4329-aabf-caf2c6361d83;382.32;0.05;BUY
2016-02-13T00:09:02.553000;2016-02-13T00:09:02.700000;3062f421-59fa-4f10-9c09-605daf9c5c36;382.32;0.125;BUY
2016-02-13T00:09:02.553000;2016-02-13T00:09:02.700000;5d2f0ec3-1111-454e-8711-fdf4559a3980;382.34;0.05;BUY
2016-02-13T00:09:02.553000;2016-02-13T00:09:02.700000;179cf9ba-eb91-43ea-a069-f739a0222a63;382.34;0.05;BUY
2016-02-13T00:09:02.553000;2016-02-13T00:09:02.700000;697985e4-0b8f-479b-a222-0e8780b2ad6e;382.34;0.05;BUY
2016-02-13T00:09:02.553000;2016-02-13T00:09:02.700000;e491c1d0-cdd3-480a-b169-9d7f479044a2;382.34;0.05;BUY
2016-02-13T00:09:02.553000;2016-02-13T00:09:02.700000;b78bb992-2a73-40e6-b815-9759ef95180c;382.34;0.05;BUY
2016-02-13T00:09:02.553000;2016-02-13T00:09:02.700000;1a89fb2f-769a-463d-9ff2-83477cbae851;382.35;0.05;BUY
2016-02-13T00:09:02.553000;2016-02-13T00:09:02.700000;31c4c5ab-98c4-4f11-8d89-703554fa574b;382.35;0.05;BUY
2016-02-13T00:09:02.553000;2016-02-13T00:09:02.700000;b1e45d92-f0fe-47fd-8c8c-43d82026e0e7;382.35;0.05;BUY
2016-02-13T00:09:02.553000;2016-02-13T00:09:02.700000;1aa67910-d576-47c0-b34e-543ba2cb08a1;382.36;0.05;BUY
2016-02-13T00:09:02.557000;2016-02-13T00:09:02.700000;92df3f9f-cddd-44ab-b34c-60d3df1583c7;382.36;0.05;BUY
2016-02-13T00:09:02.557000;2016-02-13T00:09:02.700000;a5301f96-a874-40ef-96d9-34b8c4ffaa20;382.36;0.05;BUY
2016-02-13T00:09:02.557000;2016-02-13T00:09:02.700000;cf08c0d8-1d45-46d1-a35d-317c7f418e88;382.36;0.05;BUY
2016-02-13T00:09:02.557000;2016-02-13T00:09:02.700000;a1309f83-514a-4a9f-b155-23303fd4ee8b;382.36;0.3333;BUY
2016-02-13T00:09:02.557000;2016-02-13T00:09:02.713000;05f18225-e111-42bd-8ed8-cef9995cdf9e;382.37;0.12;BUY
2016-02-13T00:09:02.557000;2016-02-13T00:09:02.730000;aed9ba7a-2abf-40c1-8844-2cf0407847cc;382.37;0.22;BUY
2016-02-13T00:09:02.557000;2016-02-13T00:09:02.730000;63f36d08-ec90-4fc9-8c62-2b0d48fde9de;382.38;0.01;BUY
2016-02-13T00:09:02.557000;2016-02-13T00:09:02.730000;07d9b163-95ad-49f1-b31c-bdb35cf4368e;382.38;0.05;BUY
2016-02-13T00:09:02.557000;2016-02-13T00:09:02.730000;00a6edb5-a088-4fea-bd71-443a26c363e1;382.38;0.05;BUY
2016-02-13T00:09:02.557000;2016-02-13T00:09:02.730000;32699f70-d053-48ef-8365-d557b88a22bc;382.38;0.05;BUY
2016-02-13T00:09:02.557000;2016-02-13T00:09:02.730000;083a1825-81a9-494f-b301-a98854979b32;382.38;1.08325;BUY
2016-02-13T00:09:32.787000;2016-02-13T00:09:32.823000;607e2786-d63b-46b5-b004-64fccec5d270;382.33;0.01;BUY
2016-02-13T00:09:32.787000;2016-02-13T00:09:32.840000;19a17174-b058-4a30-ab88-b1169dd0b443;382.33;0.00167;BUY
2016-02-13T00:10:02.797000;2016-02-13T00:10:02.823000;854937ed-2841-455a-b2d4-561ec384f848;382.33;0.00833;BUY
2016-02-13T00:10:02.797000;2016-02-13T00:10:02.857000;54f2483b-b7b7-4a31-93d5-fff9e501afbe;382.34;0.01;BUY
2016-02-13T00:10:02.797000;2016-02-13T00:10:02.857000;acd497e1-6ade-43fd-b2eb-0ce9a469433b;382.35;0.01;BUY
2016-02-13T00:10:02.797000;2016-02-13T00:10:02.857000;5737dc64-50b1-4cca-bd97-e33742c377ac;382.35;0.01;BUY
2016-02-13T00:10:02.797000;2016-02-13T00:10:02.857000;7d3f7472-ebc2-443a-834c-26caac9fba6d;382.35;0.094;BUY
2016-02-13T00:10:02.797000;2016-02-13T00:10:02.933000;d58da3ea-592f-4a0e-80d4-0000b2407d43;382.37;0.01;BUY
2016-02-13T00:10:02.797000;2016-02-13T00:10:02.933000;bbce8314-c050-460d-ad10-2a6845a44f51;382.39;0.05;BUY
2016-02-13T00:10:02.797000;2016-02-13T00:10:02.933000;f9c55a19-debb-434e-825d-7e6b47208467;382.39;0.16751;BUY
2016-02-13T00:10:35.123000;2016-02-13T00:10:35.153000;b452792c-c61c-4425-aead-674b8c0a0969;382.36;0.07959;BUY
2016-02-13T00:11:02.440000;2016-02-13T00:11:02.463000;f5bfd265-627b-409d-9695-8a2c504e4301;382.36;0.02253;BUY
2016-02-13T00:12:02.267000;2016-02-13T00:12:02.310000;0b2875bd-1749-4acc-88c6-2255232354e0;382.35;0.01;SELL
2016-02-13T00:12:02.267000;2016-02-13T00:12:02.310000;c1295ef8-961b-4ff8-82c5-3d8698b4c07e;382.34;0.05145;SELL
2016-02-13T00:12:15.753000;2016-02-13T00:12:15.777000;4212f58e-15ee-471e-9ac8-aaa6cea50474;382.35;0.07;BUY
2016-02-13T00:12:32.213000;2016-02-13T00:12:32.247000;27e3b005-a58c-463f-9e70-f8b0652bca59;382.34;0.016;SELL
2016-02-13T00:12:32.213000;2016-02-13T00:12:32.247000;4da83a3c-9370-4598-bf7c-07067a4679ba;382.33;0.01;SELL
2016-02-13T00:12:32.213000;2016-02-13T00:12:32.247000;9d4d7f6a-8b45-4d2e-bc71-910332486803;382.32;0.017;SELL
2016-02-13T00:12:32.213000;2016-02-13T00:12:32.247000;96213655-6cf0-4aa4-8985-e39c4b62a531;382.32;0.47873;SELL
2016-02-13T00:12:36.207000;2016-02-13T00:12:36.230000;6e918859-d1d8-4b69-a774-06ff923c53b5;382.35;0.095;BUY
2016-02-13T00:13:02.240000;2016-02-13T00:13:02.263000;8dfb3260-8559-4c1c-8ed7-ff1ceb83bdad;382.33;0.53887;BUY
2016-02-13T00:13:32.160000;2016-02-13T00:13:32.183000;9a8d6a89-d843-477d-8e61-6138aa03d089;382.32;0.9986;SELL
2016-02-13T00:14:04.750000;2016-02-13T00:14:04.777000;950d4146-f608-4fe9-b7c0-357acb0e289b;382.32;0.20897;SELL
2016-02-13T00:14:31.777000;2016-02-13T00:14:31.793000;0e64e8cb-7153-4c76-a143-d4a121244f68;382.33;1.002;BUY
2016-02-13T00:15:03.253000;2016-02-13T00:15:03.277000;1d226861-0309-465b-942c-19c4573c0fe9;382.38;0.01;BUY
2016-02-13T00:15:03.253000;2016-02-13T00:15:03.293000;81c8409e-eaae-4f86-a302-425ff32a224e;382.39;1.89249;BUY
2016-02-13T00:15:03.253000;2016-02-13T00:15:03.293000;5c5f79e5-52ca-4835-90db-db8b1cb4c4a2;382.4;0.1;BUY
2016-02-13T00:15:03.253000;2016-02-13T00:15:03.293000;fef6064c-5599-44ec-aa9d-12ac82c73d4d;382.4;0.1;BUY
2016-02-13T00:15:03.253000;2016-02-13T00:15:03.293000;64926ee2-1098-49f9-8438-887a3cb838ba;382.4;0.1;BUY
2016-02-13T00:15:03.253000;2016-02-13T00:15:03.293000;f6a3c8f5-f5f2-4fc0-9af9-bd5825f3b717;382.4;0.01;BUY
2016-02-13T00:15:03.253000;2016-02-13T00:15:03.310000;a7f5488c-3c07-49ab-adad-5fa304f94e7a;382.4;0.03863192;BUY
2016-02-13T00:15:03.253000;2016-02-13T00:15:03.310000;00a732e8-d938-4565-a846-c2d748149d53;382.4;0.74670808;BUY
2016-02-13T00:15:32.087000;2016-02-13T00:15:32.120000;9643beb7-3533-479a-9d9b-05cf0515bb66;382.39;0.01;BUY
2016-02-13T00:15:32.087000;2016-02-13T00:15:32.137000;1343594f-f367-40fe-b294-21ffc224ee64;382.39;0.01;BUY
2016-02-13T00:15:32.090000;2016-02-13T00:15:32.137000;5fa64a99-5527-4905-baf0-e542234eb21f;382.41;0.03;BUY
2016-02-13T00:15:32.090000;2016-02-13T00:15:32.137000;c4b7c920-174a-480f-854e-f2a867f6e1e5;382.41;0.05;BUY
2016-02-13T00:15:32.090000;2016-02-13T00:15:32.137000;09162861-e818-4c28-9235-f642d43571d9;382.43;0.01;BUY
2016-02-13T00:15:32.090000;2016-02-13T00:15:32.217000;ec016409-9603-4442-a527-9379d961aa0d;382.44;0.05;BUY
2016-02-13T00:15:32.090000;2016-02-13T00:15:32.217000;730461ae-ef63-4e89-a21a-4d035bfc9841;382.46;0.0105;BUY
2016-02-13T00:15:32.090000;2016-02-13T00:15:32.217000;2ebd12f8-f904-4630-909c-6a711416de7d;382.47;2.49;BUY
2016-02-13T00:15:32.090000;2016-02-13T00:15:32.217000;e3c1f835-a117-4024-b837-00b608690069;382.47;0.076;BUY
2016-02-13T00:15:32.090000;2016-02-13T00:15:32.217000;86a2526c-fe26-4504-95b2-82c157129b3a;382.48;3.0;BUY
2016-02-13T00:15:32.090000;2016-02-13T00:15:32.217000;0c2a2510-71d1-47aa-8f1b-13327959bdf7;382.48;0.05;BUY
2016-02-13T00:15:32.090000;2016-02-13T00:15:32.230000;38d70868-61b2-455c-972f-642a8f67b372;382.48;0.033;BUY
2016-02-13T00:15:32.090000;2016-02-13T00:15:32.230000;719e49e7-c6ed-4db5-b33f-1224f5958c8e;382.5;0.01;BUY
2016-02-13T00:15:32.090000;2016-02-13T00:15:32.230000;09c007d6-faa9-4587-9878-29d4de0f0c53;382.5;0.18027468;BUY
2016-02-13T00:15:32.090000;2016-02-13T00:15:32.230000;8ac9223d-8c01-4233-a5d6-9ab8c08c7cb1;382.5;0.1;BUY
2016-02-13T00:15:32.090000;2016-02-13T00:15:32.230000;e962ef44-5bec-45d9-98b2-4f9349e5859d;382.5;0.1;BUY
2016-02-13T00:15:32.090000;2016-02-13T00:15:32.230000;047645f4-72af-463b-8a27-3fffe60faba4;382.5;0.1;BUY
2016-02-13T00:15:32.090000;2016-02-13T00:15:32.230000;f330146b-4780-4b3d-9572-e1774e740036;382.5;2.235;BUY
2016-02-13T00:15:32.090000;2016-02-13T00:15:32.230000;aacb8082-5b48-44fe-93ca-f2c955a2c7d9;382.52;0.129;BUY
2016-02-13T00:15:32.093000;2016-02-13T00:15:32.230000;ec415bac-d72f-4a72-971e-b16b8ba8ec47;382.53;0.38266106;BUY
2016-02-13T00:15:32.093000;2016-02-13T00:15:32.230000;dd543705-97b0-45df-8d59-924b57e0b40a;382.53;0.01;BUY
2016-02-13T00:15:32.093000;2016-02-13T00:15:32.230000;43e92d5d-b6a0-4797-b3d8-bf3dc3410f1e;382.55;0.075;BUY
2016-02-13T00:15:32.093000;2016-02-13T00:15:32.230000;abaeba69-9c6f-4d51-9f94-8c7a88ea7d78;382.56;0.01;BUY
2016-02-13T00:15:32.093000;2016-02-13T00:15:32.230000;d0fcbad6-bacd-454f-a147-da7972b67d62;382.6;0.01;BUY
2016-02-13T00:15:32.093000;2016-02-13T00:15:32.230000;3ffcdd5d-734c-414d-b5ea-73e749832ac5;382.6;0.1;BUY
2016-02-13T00:15:32.093000;2016-02-13T00:15:32.230000;349840c5-7e87-4874-824f-4dee8e9a1b39;382.6;0.1;BUY
2016-02-13T00:15:32.093000;2016-02-13T00:15:32.230000;1010bd07-665e-428e-9199-d954ca63117b;382.6;0.1;BUY
2016-02-13T00:15:32.093000;2016-02-13T00:15:32.230000;7a40f2b6-9053-4469-8aa9-b899f17d675e;382.6;1.943;BUY
2016-02-13T00:15:32.093000;2016-02-13T00:15:32.230000;89a1c68a-3beb-4a80-8470-150859151acb;382.6;0.086;BUY
2016-02-13T00:15:32.093000;2016-02-13T00:15:32.230000;0f398975-3eb8-4de6-91bc-395a41bff185;382.62;0.02;BUY
2016-02-13T00:15:32.093000;2016-02-13T00:15:32.230000;f12f93f1-232d-4597-b96e-cdee5f8fb646;382.65;0.121;BUY
2016-02-13T00:15:32.093000;2016-02-13T00:15:32.230000;97953c2c-591c-495d-98e9-1a2dbb37f614;382.69;2.86;BUY
2016-02-13T00:15:32.093000;2016-02-13T00:15:32.230000;e52d9214-afd6-42a0-adc1-b441acf57fad;382.7;0.01;BUY
2016-02-13T00:15:32.093000;2016-02-13T00:15:32.230000;f0abbf70-bf5d-45b5-9f11-b24c8f111fed;382.7;0.01;BUY
2016-02-13T00:15:32.093000;2016-02-13T00:15:32.230000;cc77d0a8-90f1-4415-a6a8-aa2cef871cd2;382.7;0.1;BUY
2016-02-13T00:15:32.093000;2016-02-13T00:15:32.230000;05eebdf5-58d8-4e50-be7e-b45628a90c36;382.7;0.1;BUY
2016-02-13T00:15:32.093000;2016-02-13T00:15:32.230000;7eda0752-c392-49e9-b4fd-3ebe42fff0cb;382.7;0.1;BUY
2016-02-13T00:15:32.097000;2016-02-13T00:15:32.230000;3bf2bd88-d0ac-4449-911c-b54d188c4469;382.7;0.77246426;BUY
2016-02-13T00:16:01.810000;2016-02-13T00:16:01.823000;d5571a73-d77c-48f5-9fdf-720df1d0d90f;382.57;0.01;BUY
2016-02-13T00:16:01.810000;2016-02-13T00:16:01.857000;27667753-2857-453b-b7e3-330c24d11085;382.57;0.096;BUY
2016-02-13T00:16:01.810000;2016-02-13T00:16:01.857000;997545ce-819b-426c-b2cc-ef4e12f8491f;382.58;0.01;BUY
2016-02-13T00:16:01.810000;2016-02-13T00:16:01.857000;95634a5e-bd50-4644-a2f4-cb2f180f021a;382.58;0.01;BUY
2016-02-13T00:16:01.810000;2016-02-13T00:16:01.857000;659a577b-5180-406d-bcc2-036c0de0117f;382.59;0.01;BUY
2016-02-13T00:16:01.810000;2016-02-13T00:16:01.933000;f3feb745-7ca5-4250-b8b6-15babb0a9d55;382.59;0.01;BUY
2016-02-13T00:16:01.810000;2016-02-13T00:16:01.933000;60a0b98c-b4c3-4a6d-8bc7-d675931d4998;382.6;0.01;BUY
2016-02-13T00:16:01.810000;2016-02-13T00:16:01.933000;e6a82366-9af8-47e5-b28f-6e781c243ca0;382.61;0.15626;BUY
2016-02-13T00:16:31.587000;2016-02-13T00:16:31.607000;46783993-af21-4e39-a504-86c8dedfcdd2;382.58;0.439;BUY
2016-02-13T00:16:31.587000;2016-02-13T00:16:31.637000;b19c61c7-4a75-4517-9588-5a2987ecf3f9;382.63;0.28;BUY
2016-02-13T00:16:31.587000;2016-02-13T00:16:31.653000;e2611d3c-b3e3-4600-b700-1017f999042f;382.68;0.01;BUY
2016-02-13T00:16:31.587000;2016-02-13T00:16:31.653000;12c45828-ea96-4ba9-aea1-0ac5c412babb;382.68;0.16963;BUY
2016-02-13T00:17:32.617000;2016-02-13T00:17:32.637000;595df4bf-092c-43e3-a1d1-95bd0168bbdd;382.69;0.01;BUY
2016-02-13T00:17:32.617000;2016-02-13T00:17:32.653000;1fc9907e-ac15-452e-90c2-47dddf22ff44;382.69;0.01;BUY
2016-02-13T00:17:32.617000;2016-02-13T00:17:32.653000;5c18c093-0745-495b-a126-107bd08667d9;382.71;0.0105;BUY
2016-02-13T00:17:32.617000;2016-02-13T00:17:32.653000;c16e5324-8766-40e1-bb45-caea70c5d6e6;382.77;0.087;BUY
2016-02-13T00:17:32.617000;2016-02-13T00:17:32.700000;670e8769-bacd-4d1e-88c9-061928414163;382.79;0.2;BUY
2016-02-13T00:17:32.617000;2016-02-13T00:17:32.717000;9ab32c8e-cadd-48c6-a216-39a7f34adce7;382.8;0.1;BUY
2016-02-13T00:17:32.617000;2016-02-13T00:17:32.717000;2794979f-a74f-45a5-b793-801aa005dd92;382.8;0.1;BUY
2016-02-13T00:17:32.617000;2016-02-13T00:17:32.717000;767d5914-425a-4527-a951-b79451df3374;382.8;0.09617;BUY
2016-02-13T00:17:49.003000;2016-02-13T00:17:49.027000;a9de6423-a869-49c6-8599-97e034bfeb52;382.8;0.00383;BUY
2016-02-13T00:17:49.003000;2016-02-13T00:17:49.027000;98b053a8-9493-4892-9241-a6d3b4f476c2;382.82;0.01;BUY
2016-02-13T00:17:49.003000;2016-02-13T00:17:49.043000;fff714fc-68da-4fdb-8636-39d4e94b6aea;382.86;0.01;BUY
2016-02-13T00:17:49.003000;2016-02-13T00:17:49.043000;1e2e6682-5f56-402d-a80a-42debc26e1d3;382.86;0.105;BUY
2016-02-13T00:17:49.003000;2016-02-13T00:17:49.043000;d4a98d2b-8b22-4a83-afeb-659437265587;382.89;0.11;BUY
2016-02-13T00:17:49.003000;2016-02-13T00:17:49.060000;42d9168f-0e20-4773-8f3e-4b8b63425bf9;382.9;0.01;BUY
2016-02-13T00:17:49.003000;2016-02-13T00:17:49.060000;5b374cae-09ee-4837-9851-82e79fd9a058;382.9;0.1;BUY
2016-02-13T00:17:49.003000;2016-02-13T00:17:49.060000;395bbf18-7288-4b43-8a00-2e202cd2a5ed;382.9;0.1;BUY
2016-02-13T00:17:49.003000;2016-02-13T00:17:49.060000;11a14eeb-d70b-4dc1-8370-7b5def4923e5;382.9;0.1;BUY
2016-02-13T00:17:49.003000;2016-02-13T00:17:49.060000;7566974e-5a35-4549-8c29-83e2dbdb043d;382.91;2.0;BUY
2016-02-13T00:17:49.007000;2016-02-13T00:17:49.060000;b316b1d2-f3e7-43e6-9a1c-88fea7d0fb9a;382.93;0.01;BUY
2016-02-13T00:17:49.007000;2016-02-13T00:17:49.060000;d2774afc-3ec4-4d2f-9302-739e75f94628;382.94;0.01;BUY
2016-02-13T00:17:49.007000;2016-02-13T00:17:49.060000;b84877f5-dbf2-41e8-87ef-3b1ac0acc273;382.94;0.01;BUY
2016-02-13T00:17:49.007000;2016-02-13T00:17:49.060000;e81b1a77-7e73-42a7-9ef0-de83dad13586;382.95;0.01;BUY
2016-02-13T00:17:49.007000;2016-02-13T00:17:49.060000;9d4df951-b967-4857-89be-6234b96aa1bd;382.95;0.084;BUY
2016-02-13T00:17:49.007000;2016-02-13T00:17:49.060000;7d737b23-9834-4382-8d06-5231d4309d2e;382.96;0.0105;BUY
2016-02-13T00:17:49.007000;2016-02-13T00:17:49.060000;81926630-3490-46f5-b4b1-6af636b9b88d;382.97;0.3;BUY
2016-02-13T00:17:49.007000;2016-02-13T00:17:49.060000;6218cd43-3934-4fe1-b5f1-dff0fbb57d1e;382.97;0.25;BUY
2016-02-13T00:17:49.007000;2016-02-13T00:17:49.060000;d98dab60-aeec-4e6e-8358-135eb56b5f3c;382.98;0.02;BUY
2016-02-13T00:17:49.007000;2016-02-13T00:17:49.073000;25fec6bf-ec58-4486-a113-6184d44eaec4;383.0;0.01004;BUY
2016-02-13T00:17:49.007000;2016-02-13T00:17:49.073000;ef143b35-2eef-4536-bf7c-5c2fe198b4bb;383.0;0.1;BUY
2016-02-13T00:17:49.007000;2016-02-13T00:17:49.073000;f36fdd79-f9d9-477e-a8aa-a28698756912;383.0;0.01;BUY
2016-02-13T00:17:49.007000;2016-02-13T00:17:49.073000;46ba86fd-7996-4a91-8ce0-5bb0a4c7ed35;383.0;0.125;BUY
2016-02-13T00:17:49.007000;2016-02-13T00:17:49.073000;6ca03970-5bb1-44c4-80f5-6d2fea4883ab;383.0;0.1;BUY
2016-02-13T00:17:49.007000;2016-02-13T00:17:49.073000;e134c768-94c9-402c-892b-a073534ed930;383.0;0.07163;BUY
2016-02-13T00:18:04.440000;2016-02-13T00:18:04.450000;4fcc9715-20a4-4064-a3f3-4e228b0e5654;382.95;0.632;BUY
2016-02-13T00:18:04.440000;2016-02-13T00:18:04.467000;cc6cafc6-7ad1-4902-8bf9-b2c24d36632a;382.99;0.90333;BUY
2016-02-13T00:18:33.407000;2016-02-13T00:18:33.417000;943b7987-2cc6-4527-a76f-9a7f123108c9;382.94;0.01;SELL
2016-02-13T00:18:33.407000;2016-02-13T00:18:33.433000;aa150ab7-0e87-48da-b35c-ecefdcee341c;382.94;4.00155;SELL
2016-02-13T00:19:01.097000;2016-02-13T00:19:01.167000;1d68c4e3-d450-4581-8f1a-bc7c7587ceb8;382.94;0.4084;SELL
2016-02-13T00:19:39.197000;2016-02-13T00:19:39.243000;c3565ecc-7327-4b32-ab56-e8a1d047bd4d;382.99;0.01;BUY
2016-02-13T00:19:39.197000;2016-02-13T00:19:39.277000;5c9aff92-e3d4-480d-b0aa-935250e9b6fe;382.99;0.118;BUY
2016-02-13T00:20:19.213000;2016-02-13T00:20:19.260000;e04f39fd-9b9c-4da6-8fc3-f29d260dc2cc;383.0;0.02837;BUY
2016-02-13T00:20:19.213000;2016-02-13T00:20:19.277000;1d42c872-f4ed-44d9-8c3b-2b773effd059;383.0;0.1;BUY
2016-02-13T00:20:19.213000;2016-02-13T00:20:19.277000;59338063-3f57-476a-86d7-9e7004685f5f;383.0;0.02563;BUY
2016-02-13T00:20:19.230000;2016-02-13T00:20:19.307000;474031cc-6a28-43cb-9317-891a54ca935d;383.0;0.07437;BUY
2016-02-13T00:20:19.230000;2016-02-13T00:20:19.307000;71910fba-4214-427f-97a1-9a75a77be376;383.0;0.01;BUY
2016-02-13T00:20:19.230000;2016-02-13T00:20:19.323000;7652ca85-9b47-4cbc-a816-9b1116191d89;383.03;0.56243;BUY
2016-02-13T00:20:19.243000;2016-02-13T00:20:19.323000;a883ac22-51fe-4f38-bf3f-696161922121;383.03;0.44;BUY
2016-02-13T00:20:19.250000;2016-02-13T00:20:19.323000;911127c5-f899-44b1-baac-91ba18b04f59;383.03;0.253196;BUY
2016-02-13T00:20:19.797000;2016-02-13T00:20:19.853000;e281d853-97dc-4033-b773-0ab12cc025a8;383.03;0.41;BUY
2016-02-13T00:20:19.807000;2016-02-13T00:20:19.883000;fc72efe6-0073-418a-bd03-a86e2a569043;383.03;0.032;BUY
2016-02-13T00:20:39.107000;2016-02-13T00:20:39.150000;d0727d40-dfc1-42eb-b51d-c0dbf7c1ac0f;383.1;0.01;BUY
2016-02-13T00:20:39.107000;2016-02-13T00:20:39.167000;2a6a4401-df83-4707-9e35-df21bf4be669;383.1;0.08;BUY
2016-02-13T00:20:51.433000;2016-02-13T00:20:51.493000;9cfd4423-ecd5-4543-9430-a30bc03cc939;383.1;0.02;BUY
2016-02-13T00:20:51.433000;2016-02-13T00:20:51.493000;27f99007-3475-4545-9c90-fd839c32e803;383.1;0.1;BUY
2016-02-13T00:20:51.433000;2016-02-13T00:20:51.493000;46c336df-e1f7-49a7-862f-5d698bdeb402;383.1;0.08;BUY
2016-02-13T00:20:51.450000;2016-02-13T00:20:51.510000;bdb61abd-ace1-4d58-b72d-eb6e8a493052;383.1;0.016;BUY
2016-02-13T00:20:51.460000;2016-02-13T00:20:51.510000;ae91c1dc-8411-45e2-a004-6e9a4e5a1600;383.1;0.004;BUY
2016-02-13T00:20:51.460000;2016-02-13T00:20:51.510000;a50ab6cd-fa3f-4346-8f62-23ae529d1652;383.12;0.01;BUY
2016-02-13T00:20:51.460000;2016-02-13T00:20:51.510000;031827b6-4e38-4483-b6f5-2b8b62d7dc8a;383.16;0.4;BUY
2016-02-13T00:21:02.407000;2016-02-13T00:21:02.463000;0c6321f8-6c45-46be-bfa8-34bae4ffac43;383.16;0.06168276;BUY
2016-02-13T00:21:02.407000;2016-02-13T00:21:02.463000;12712ef7-5ee6-41ae-96b7-fce37de3aa9a;383.2;0.04831724;BUY
2016-02-13T00:21:19.350000;2016-02-13T00:21:19.400000;341826d7-a486-4e4f-b58c-7a6710176fbb;383.2;0.05168276;BUY
2016-02-13T00:21:19.350000;2016-02-13T00:21:19.400000;456febb6-ef54-4d7a-9b03-134f062f9b72;383.2;0.1;BUY
2016-02-13T00:21:19.350000;2016-02-13T00:21:19.400000;1911f23b-19dd-4e58-8be2-bd76ddddfd35;383.2;0.1;BUY
2016-02-13T00:21:19.350000;2016-02-13T00:21:19.430000;cb9b25de-3480-4696-b7c8-91a39b6af241;383.21;0.0105;BUY
2016-02-13T00:21:19.350000;2016-02-13T00:21:19.430000;9563f94b-f007-4c9e-8a48-c4e0223168c9;383.23;0.25;BUY
2016-02-13T00:21:19.350000;2016-02-13T00:21:19.430000;a0982819-d6a6-4e56-8417-717717363714;383.3;0.01;BUY
2016-02-13T00:21:19.350000;2016-02-13T00:21:19.430000;d9cb6ffb-3c4c-4816-9720-541d2c7f1030;383.3;0.1;BUY
2016-02-13T00:21:19.350000;2016-02-13T00:21:19.430000;ccf09264-4fd0-4ef7-88ff-57256ac01fe8;383.3;0.00781724;BUY
2016-02-13T00:22:00.593000;2016-02-13T00:22:00.633000;3d0f074b-2a53-4d38-a1df-5d6cf5595b99;383.3;0.09218276;BUY
2016-02-13T00:22:00.593000;2016-02-13T00:22:00.667000;28656a52-7816-405d-bcc7-017fd942c2a3;383.3;0.1;BUY
2016-02-13T00:22:00.597000;2016-02-13T00:22:00.667000;4aa15f3d-5962-47fc-8101-f20887864c67;383.33;0.125;BUY
2016-02-13T00:22:00.597000;2016-02-13T00:22:00.667000;acae9343-75bc-4083-b3a1-5bc8efa683b1;383.34;0.01;BUY
2016-02-13T00:22:00.597000;2016-02-13T00:22:00.667000;94ccb2d5-6ea7-4abe-874e-af9dd0c692c3;383.35;0.01;BUY
2016-02-13T00:22:00.597000;2016-02-13T00:22:00.667000;0c59134c-001a-4c4e-aba2-dcaa7b06d27b;383.36;0.01;BUY
2016-02-13T00:22:00.597000;2016-02-13T00:22:00.680000;5a3a8e1d-87b8-45b9-8226-5ab61fa27bc2;383.37;0.01;BUY
2016-02-13T00:22:00.597000;2016-02-13T00:22:00.680000;2d46678f-379e-45a7-a223-bbdfbe33b0fc;383.38;0.04;BUY
2016-02-13T00:22:00.597000;2016-02-13T00:22:00.680000;0ee03cce-76ac-44a0-baa0-a7b8e099e6ed;383.4;0.1;BUY
2016-02-13T00:22:00.597000;2016-02-13T00:22:00.680000;d1aafef3-7442-4baf-a345-392ed39a59ea;383.4;0.1;BUY
2016-02-13T00:22:00.597000;2016-02-13T00:22:00.680000;54e170bf-b0bd-4322-bb58-53876f3d32b2;383.4;0.03281724;BUY
2016-02-13T00:23:10.303000;2016-02-13T00:23:10.353000;4425a9d9-b936-4762-828f-8943cffbef3b;383.4;0.06718276;BUY
2016-02-13T00:23:10.303000;2016-02-13T00:23:10.370000;e3a6d3c7-caf2-47bb-8859-b103619f94bd;383.49;0.03;BUY
2016-02-13T00:23:10.303000;2016-02-13T00:23:10.370000;24c7d70d-d0f9-4681-94d7-c89e6d54c2a8;383.5;0.12181054;BUY
2016-02-13T00:23:10.303000;2016-02-13T00:23:10.370000;db389d47-da22-4919-bc17-23643dcc5d18;383.5;0.01;BUY
2016-02-13T00:23:10.303000;2016-02-13T00:23:10.370000;a7aff8a0-1182-422b-a0ca-0f5c46aa57b6;383.5;0.125;BUY
2016-02-13T00:23:10.303000;2016-02-13T00:23:10.370000;6f75fb3c-3e04-4ad5-944d-b2511483d07d;383.5;0.1;BUY
2016-02-13T00:23:10.303000;2016-02-13T00:23:10.383000;e801c699-e6b3-4520-a359-9e209384ddcb;383.5;0.1;BUY
2016-02-13T00:23:10.307000;2016-02-13T00:23:10.383000;a5080a9f-b1a7-4a51-9297-b849cdb8676b;383.5;0.1;BUY
2016-02-13T00:23:10.307000;2016-02-13T00:23:10.383000;53fa5449-f198-4d99-aca5-e4c0a0d567e1;383.53;0.01;BUY
2016-02-13T00:23:10.307000;2016-02-13T00:23:10.383000;47bc7f8e-5eec-4804-86f5-d0a4d73f584b;383.53;0.01;BUY
2016-02-13T00:23:10.307000;2016-02-13T00:23:10.383000;47bd1670-74f1-4af3-ad5d-674c8a3efafb;383.57;0.1;BUY
2016-02-13T00:23:10.307000;2016-02-13T00:23:10.383000;8e1ecdf8-dcbe-46c9-90ac-ac4100b18dd2;383.6;0.1;BUY
2016-02-13T00:23:10.307000;2016-02-13T00:23:10.383000;4bfa5dbc-4fc9-4b1b-8ec9-c7ebe16a6a11;383.6;0.1;BUY
2016-02-13T00:23:10.307000;2016-02-13T00:23:10.400000;5654ddcc-c6c2-436a-ae11-c97723040b3b;383.6;0.1;BUY
2016-02-13T00:23:10.307000;2016-02-13T00:23:10.400000;02fd28b6-f0d1-41cb-b19c-5253adc7756c;383.61;0.5;BUY
2016-02-13T00:23:10.307000;2016-02-13T00:23:10.447000;8645f2a7-4c9b-495c-b703-c52c93dcbd1f;383.65;1.0;BUY
2016-02-13T00:23:10.307000;2016-02-13T00:23:10.463000;c79e13bc-bb74-473a-9819-ce0baef1468a;383.66;1.32;BUY
2016-02-13T00:23:10.307000;2016-02-13T00:23:10.463000;60402204-d231-449c-b148-f9a50f4133ed;383.67;0.1060067;BUY
2016-02-13T00:23:47.750000;2016-02-13T00:23:47.790000;95638451-153a-4f12-9277-3a98e82245e4;383.51;0.10004;SELL
2016-02-13T00:27:04.893000;2016-02-13T00:27:04.947000;1bf0d123-75bb-42da-a8ce-040bd23cc16f;383.66;0.02;SELL
2016-02-13T00:27:04.893000;2016-02-13T00:27:04.980000;fb5b26af-4702-4e42-90a9-7e244bffe4a1;383.64;0.025;SELL
2016-02-13T00:27:04.893000;2016-02-13T00:27:04.980000;16fa88c1-042c-4c4a-bd20-f70c9af14233;383.64;0.519;SELL
2016-02-13T00:27:04.893000;2016-02-13T00:27:04.980000;6475713e-d1fa-4401-8179-db0b1bee0eac;383.63;0.025;SELL
2016-02-13T00:27:04.893000;2016-02-13T00:27:04.980000;5dfa037c-ee0e-4ba6-afaa-54eb018b17ef;383.62;0.025;SELL
2016-02-13T00:27:04.893000;2016-02-13T00:27:04.980000;4721b2b8-e0d3-45dc-b04b-767fb70a0533;383.61;0.026;SELL
2016-02-13T00:27:04.893000;2016-02-13T00:27:04.993000;1edb73dc-0fcd-44c2-8ae2-ae21c0f5e3bc;383.6;0.026;SELL
2016-02-13T00:27:04.893000;2016-02-13T00:27:04.993000;3f2743f7-b35e-4be7-91d8-03aacf2aa551;383.59;0.026;SELL
2016-02-13T00:27:04.893000;2016-02-13T00:27:04.993000;cf84f62d-2152-41eb-be3e-eae893f5ac18;383.58;0.026;SELL
2016-02-13T00:27:04.893000;2016-02-13T00:27:05.010000;6c42b461-0104-44e6-aae4-973b40f17c7c;383.57;0.026;SELL
2016-02-13T00:27:04.893000;2016-02-13T00:27:05.010000;ee9e3aef-f333-4b5c-a4c3-d1f013b23826;383.56;0.026;SELL
2016-02-13T00:27:04.893000;2016-02-13T00:27:05.010000;00cfa1e2-02c2-4de5-992d-e613122d3293;383.55;0.026;SELL
2016-02-13T00:27:04.893000;2016-02-13T00:27:05.010000;207ecece-a0cc-4482-9b62-7120ccf017b0;383.54;0.026;SELL
2016-02-13T00:27:04.893000;2016-02-13T00:27:05.010000;67ece582-1a53-4847-a226-ad01e98101dd;383.53;0.026;SELL
2016-02-13T00:27:04.893000;2016-02-13T00:27:05.010000;50f311b9-7641-4666-be66-897e348212af;383.51;0.01;SELL
2016-02-13T00:27:04.893000;2016-02-13T00:27:05.010000;d04ec247-96f6-4a57-a452-c745e93e8a9f;383.49;0.027;SELL
2016-02-13T00:27:04.897000;2016-02-13T00:27:05.010000;a27c9290-4bd4-44af-bd9e-c0884be60518;383.49;0.137;SELL
2016-02-13T00:27:04.897000;2016-02-13T00:27:05.010000;45c0acef-d74d-4b78-a671-9054f66ed4b6;383.48;0.027;SELL
2016-02-13T00:27:04.897000;2016-02-13T00:27:05.010000;71082539-1a46-41c6-81d0-51a65daa2d58;383.47;0.027;SELL
2016-02-13T00:27:04.897000;2016-02-13T00:27:05.010000;3e6f442a-1c03-4691-9d0d-2dca42952808;383.46;0.885;SELL
2016-02-13T00:27:04.897000;2016-02-13T00:27:05.027000;c922ca1b-3807-43c7-a5a3-6471c1bd311f;383.43;0.38;SELL
2016-02-13T00:27:04.897000;2016-02-13T00:27:05.027000;6a66f993-cca1-4dd0-8f81-0b71678d9e61;383.42;0.027;SELL
2016-02-13T00:27:04.897000;2016-02-13T00:27:05.027000;97d6ec2a-1402-4137-985e-1138ee211e73;383.41;0.027;SELL
2016-02-13T00:27:04.897000;2016-02-13T00:27:05.027000;2961390f-e6d0-4daf-b54c-590df57faa70;383.41;0.898;SELL
2016-02-13T00:27:04.897000;2016-02-13T00:27:05.027000;026fba4d-5462-42eb-a335-8fc0b34c235a;383.4;0.027;SELL
2016-02-13T00:27:04.897000;2016-02-13T00:27:05.057000;f8b7e4ec-1a98-4803-b595-9b860769c367;383.39;0.027;SELL
2016-02-13T00:27:04.897000;2016-02-13T00:27:05.057000;53626faa-6f88-40d0-a900-a5151227f567;383.38;0.027;SELL
2016-02-13T00:27:04.897000;2016-02-13T00:27:05.057000;c21dc95e-c6da-4410-831c-12550ff4e8c8;383.37;0.027;SELL
2016-02-13T00:27:04.897000;2016-02-13T00:27:05.057000;045a69c7-610a-43b6-b0bb-9a3cb966d0c4;383.36;0.028;SELL
2016-02-13T00:27:04.897000;2016-02-13T00:27:05.057000;42a3a10c-5f3e-457e-bff9-446874103c06;383.36;0.851;SELL
2016-02-13T00:27:04.897000;2016-02-13T00:27:05.057000;05a02cd6-db6c-41a7-a653-159cc8ef4a9e;383.35;0.028;SELL
2016-02-13T00:27:04.897000;2016-02-13T00:27:05.057000;85b309c1-b225-47ca-a8d1-60eabb69ba2a;383.35;0.01;SELL
2016-02-13T00:27:04.897000;2016-02-13T00:27:05.057000;b0511367-d3fc-49f1-aefd-7019217c6bb1;383.35;0.025;SELL
2016-02-13T00:27:04.897000;2016-02-13T00:27:05.057000;05ef8f5e-91f2-4320-97b3-62f235a77b2d;383.35;0.025;SELL
2016-02-13T00:27:04.897000;2016-02-13T00:27:05.057000;ecfb9d02-e832-48ac-92ee-90a29c319cb5;383.35;0.025;SELL
2016-02-13T00:27:04.897000;2016-02-13T00:27:05.057000;95e0a626-65fe-48af-a0b6-708a83b3cea1;383.34;0.028;SELL
2016-02-13T00:27:04.897000;2016-02-13T00:27:05.057000;15920582-48f5-4c59-a64a-2a283d968ea9;383.34;0.024;SELL
2016-02-13T00:27:04.897000;2016-02-13T00:27:05.057000;87778571-6704-47dd-85df-a45c91b6e76f;383.33;0.028;SELL
2016-02-13T00:27:04.897000;2016-02-13T00:27:05.057000;1930ff79-841f-4332-9a40-bd41e07d2dbf;383.33;0.022;SELL
2016-02-13T00:27:04.897000;2016-02-13T00:27:05.057000;f4a84a5c-f8c2-4399-a994-540090ba5924;383.33;0.025;SELL
2016-02-13T00:27:04.900000;2016-02-13T00:27:05.057000;9cf5ef3f-da2d-40e4-8b66-ee1a0a44b777;383.33;0.025;SELL
2016-02-13T00:27:04.900000;2016-02-13T00:27:05.057000;84f7112a-9b76-46e8-bb80-5d9e3076f643;383.33;0.024;SELL
2016-02-13T00:27:04.900000;2016-02-13T00:27:05.057000;dbf92a6b-afa4-4c30-8248-4d3abe782951;383.33;0.024;SELL
2016-02-13T00:27:04.900000;2016-02-13T00:27:05.087000;198fbb60-b8df-4f83-8d3b-d84c81d8ee40;383.32;0.028;SELL
2016-02-13T00:27:04.900000;2016-02-13T00:27:05.087000;b8c5f054-5c14-48ce-9f18-1c14b3ba2937;383.32;0.024;SELL
2016-02-13T00:27:04.900000;2016-02-13T00:27:05.087000;033c9253-e8d0-49c6-8717-7517dee6fd72;383.32;0.024;SELL
2016-02-13T00:27:04.900000;2016-02-13T00:27:05.087000;89b1bcb1-6e1d-4091-b75f-d12f5162834d;383.31;0.025;SELL
2016-02-13T00:27:04.900000;2016-02-13T00:27:05.087000;ce84888d-e661-4fb6-bc7d-aef7752d1fd9;383.31;0.025;SELL
2016-02-13T00:27:04.900000;2016-02-13T00:27:05.087000;567a481e-c5cf-4493-8c1b-aa799a6a8b6e;383.31;0.024;SELL
2016-02-13T00:27:04.900000;2016-02-13T00:27:05.103000;a47e09ed-3bdc-4a75-a6ed-a597a094d433;383.31;0.851;SELL
2016-02-13T00:27:04.900000;2016-02-13T00:27:05.103000;267adbd9-ebf6-40e9-9154-b956f7c1096d;383.31;0.024;SELL
2016-02-13T00:27:04.900000;2016-02-13T00:27:05.103000;28a50664-1fe8-4dec-9194-c93dec68cea7;383.3;0.024;SELL
2016-02-13T00:27:04.900000;2016-02-13T00:27:05.103000;8e82d36c-da88-479e-b77c-584c98b4a7a5;383.3;0.024;SELL
2016-02-13T00:27:04.900000;2016-02-13T00:27:05.103000;224510fb-3e3a-405a-8605-26a950c78a32;383.29;0.028;SELL
2016-02-13T00:27:04.900000;2016-02-13T00:27:05.103000;4cd18728-33d1-4fef-b3e7-3521a97d1c80;383.29;0.024;SELL
2016-02-13T00:27:04.900000;2016-02-13T00:27:05.103000;3a879cea-4e86-4bfc-b0c4-ba108bf72730;383.29;0.024;SELL
2016-02-13T00:27:04.900000;2016-02-13T00:27:05.120000;6e1823cc-8ff4-417b-845b-0149ff35d685;383.28;0.029;SELL
2016-02-13T00:27:04.900000;2016-02-13T00:27:05.120000;19630b9e-1212-4701-ba02-9074eeabcd83;383.27;0.029;SELL
2016-02-13T00:27:04.900000;2016-02-13T00:27:05.120000;d6c0092e-7a36-4329-84b9-a985f5792547;383.26;0.029;SELL
2016-02-13T00:27:04.900000;2016-02-13T00:27:05.120000;50f1d57f-aba9-4cd2-996a-069f58913987;383.26;0.897;SELL
2016-02-13T00:27:04.900000;2016-02-13T00:27:05.150000;dcaf81c5-d896-4343-852d-dc70efa8ba76;383.25;0.0115;SELL
2016-02-13T00:27:04.900000;2016-02-13T00:27:05.150000;d5086978-f704-4b8b-b1ba-20638fae8e00;383.24;0.01;SELL
2016-02-13T00:27:04.900000;2016-02-13T00:27:05.150000;162e764e-e229-4ed5-a65f-59f4cb875a9c;383.23;0.01;SELL
2016-02-13T00:27:04.900000;2016-02-13T00:27:05.150000;6e7e3585-e46a-45f6-997a-1fe220b89c55;383.23;0.01;SELL
2016-02-13T00:27:04.903000;2016-02-13T00:27:05.150000;311c37e7-aba3-4db6-b0ad-d6f7cfbaf30d;383.22;0.01;SELL
2016-02-13T00:27:04.903000;2016-02-13T00:27:05.150000;4a27348b-f795-4541-a5b7-3aa186f50239;383.22;0.01;SELL
2016-02-13T00:27:04.903000;2016-02-13T00:27:05.150000;621ca2bc-9148-4958-9413-dfaafaee4758;383.21;0.01;SELL
2016-02-13T00:27:04.903000;2016-02-13T00:27:05.150000;7402eccd-023f-429d-b7f8-01b3c7b10a9b;383.21;0.88;SELL
2016-02-13T00:27:04.903000;2016-02-13T00:27:05.150000;d7d814af-37d1-4c0f-aa92-9791ef3882cf;383.2;0.01;SELL
2016-02-13T00:27:04.903000;2016-02-13T00:27:05.150000;3ad26f45-13cb-415e-9455-39902e517158;383.19;0.029;SELL
2016-02-13T00:27:04.903000;2016-02-13T00:27:05.150000;e5b40897-f796-49b5-9881-ffdac87178eb;383.18;0.029;SELL
2016-02-13T00:27:04.903000;2016-02-13T00:27:05.150000;d9e4cf95-0144-4752-adec-fa137e42bd69;383.17;0.88;SELL
2016-02-13T00:27:04.903000;2016-02-13T00:27:05.150000;4b1732eb-1872-49f4-af8f-cac76169c907;383.16;0.01;SELL
2016-02-13T00:27:04.903000;2016-02-13T00:27:05.150000;6a13ffdc-2ba3-4dcf-bf4f-76187af3be40;383.16;0.874;SELL
2016-02-13T00:27:04.903000;2016-02-13T00:27:05.150000;7df18fa9-7560-4e8c-8702-49b22ba93cfd;383.15;0.01;SELL
2016-02-13T00:27:04.903000;2016-02-13T00:27:05.167000;329df525-4577-4eb3-a591-95c69da1cf99;383.15;0.66;SELL
2016-02-13T00:27:04.903000;2016-02-13T00:27:05.183000;76b3ae96-4219-4d38-8af7-b6a3d890281f;383.14;0.027;SELL
2016-02-13T00:27:04.903000;2016-02-13T00:27:05.183000;cfc6bb75-7701-44f9-a8d9-d0924e40227c;383.13;0.66;SELL
2016-02-13T00:27:04.903000;2016-02-13T00:27:05.183000;c9405dbc-02d4-4dad-b8c5-3f7e4e5bd49f;383.12;0.029;SELL
2016-02-13T00:27:04.903000;2016-02-13T00:27:05.183000;6e9d0ebe-69f5-4adc-b4a5-81f3382a6bc4;383.12;0.66;SELL
2016-02-13T00:27:04.903000;2016-02-13T00:27:05.183000;0363c27b-f38d-44f7-8175-040416531c54;383.11;0.01;SELL
2016-02-13T00:27:04.903000;2016-02-13T00:27:05.183000;d6ef74c2-d9eb-4e1b-8dd3-879f249f5414;383.11;0.029;SELL
2016-02-13T00:27:04.903000;2016-02-13T00:27:05.183000;37b9145e-6350-489a-9d2b-a7e39a717a9d;383.11;0.846;SELL
2016-02-13T00:27:04.903000;2016-02-13T00:27:05.183000;ceb15253-04c0-4778-99e5-6996f33ba248;383.11;1.32;SELL
2016-02-13T00:27:04.903000;2016-02-13T00:27:05.183000;ef7236fb-2b41-4752-a50d-abca0e22f2ca;383.1;0.01;SELL
2016-02-13T00:27:04.903000;2016-02-13T00:27:05.183000;ca49d2f7-8e83-4825-a37c-57ac46153aa3;383.1;0.01;SELL
2016-02-13T00:27:04.903000;2016-02-13T00:27:05.183000;83e76072-d2d5-48b2-804c-210d1233f012;383.1;0.029;SELL
2016-02-13T00:27:04.903000;2016-02-13T00:27:05.183000;186fffb1-e2cc-48b4-a18f-88cb9b6b9aef;383.07;2.42;SELL
2016-02-13T00:27:04.907000;2016-02-13T00:27:05.183000;78785e38-6e80-497d-abff-8dee74c23fe6;383.06;0.854;SELL
2016-02-13T00:27:04.907000;2016-02-13T00:27:05.183000;1cf0fc5e-2170-4bd2-9d54-08df01300c49;383.06;1.54;SELL
2016-02-13T00:27:04.907000;2016-02-13T00:27:05.183000;4cde46b1-fb44-411c-ad38-2621a57e5079;383.05;0.028;SELL
2016-02-13T00:27:04.907000;2016-02-13T00:27:05.183000;ec641fa3-3ede-44a0-be7c-349514cfffbc;383.04;2.2;SELL
2016-02-13T00:27:04.907000;2016-02-13T00:27:05.197000;46bb28fe-328c-4d21-bb14-37e287e6f8f6;383.03;0.01;SELL
2016-02-13T00:27:04.907000;2016-02-13T00:27:05.197000;bf13da5d-3937-47dd-920c-7a8681c9e6db;383.03;0.028;SELL
2016-02-13T00:27:04.907000;2016-02-13T00:27:05.197000;400b6bf6-ad1b-4395-a46a-1001148dd0d0;383.03;4.18;SELL
2016-02-13T00:27:04.907000;2016-02-13T00:27:05.197000;f43ea494-5971-45d4-987d-d98d183b50f5;383.02;4.0;SELL
2016-02-13T00:27:04.907000;2016-02-13T00:27:05.197000;608715fc-960d-43d8-8e1d-406a5edaec4c;383.01;0.796;SELL
2016-02-13T00:27:04.907000;2016-02-13T00:27:05.197000;462aa0c3-e240-49c4-9a65-6a6c0a6df62a;383.0;0.0115;SELL
2016-02-13T00:27:04.907000;2016-02-13T00:27:05.197000;ea1c40c7-e602-4030-8563-247033a466ef;383.0;2.28;SELL
2016-02-13T00:27:04.907000;2016-02-13T00:27:05.213000;619fe1b0-8e73-494b-9568-5bcb2c789c81;382.99;0.013;SELL
2016-02-13T00:27:04.907000;2016-02-13T00:27:05.213000;a1079c71-742d-4bb3-9fe2-0dc778ce8147;382.97;0.013;SELL
2016-02-13T00:27:04.907000;2016-02-13T00:27:05.213000;a2bfc42b-567a-436a-be07-25e8ac0c3bb9;382.96;0.013;SELL
2016-02-13T00:27:04.907000;2016-02-13T00:27:05.213000;b8fbf8c3-c64a-4aee-93ea-5192c4e9af48;382.96;0.029;SELL
2016-02-13T00:27:04.907000;2016-02-13T00:27:05.213000;36bef5ff-8d6e-4e16-a1c7-a812f466ae07;382.96;0.771;SELL
2016-02-13T00:27:04.907000;2016-02-13T00:27:05.213000;5d3a1e27-0ba7-4ed5-b696-96a2a1177319;382.95;0.01;SELL
2016-02-13T00:27:04.907000;2016-02-13T00:27:05.213000;9fdf1e4b-504b-4e8c-a3e9-f88a83c11dd6;382.95;0.014;SELL
2016-02-13T00:27:04.907000;2016-02-13T00:27:05.213000;76f10e26-2c45-489c-ba50-2ba68e25737b;382.93;0.01;SELL
2016-02-13T00:27:04.907000;2016-02-13T00:27:05.243000;3857de38-aa83-4efd-ba5b-cd082865eaca;382.92;0.01;SELL
2016-02-13T00:27:04.907000;2016-02-13T00:27:05.243000;e4e89e41-21ed-48fc-a31b-41f2afed3491;382.91;0.01;SELL
2016-02-13T00:27:04.907000;2016-02-13T00:27:05.243000;def33138-3afe-4f32-916a-7641fb64cdb0;382.9;0.01;SELL
2016-02-13T00:27:04.910000;2016-02-13T00:27:05.243000;4e6fe487-f825-4e49-b12a-92bebd7db5f3;382.9;0.014;SELL
2016-02-13T00:27:04.910000;2016-02-13T00:27:05.243000;715f1fc0-ca15-4001-937a-e59d1879947b;382.9;0.01;SELL
2016-02-13T00:27:04.910000;2016-02-13T00:27:05.243000;8eac691b-1442-4ef9-977b-27f717c8986d;382.89;0.01;SELL
2016-02-13T00:27:04.910000;2016-02-13T00:27:05.243000;70ffecf0-91bd-447b-b9c8-4c3ccc465e1c;382.89;0.01;SELL
2016-02-13T00:27:04.910000;2016-02-13T00:27:05.243000;5612304a-9bbe-461f-bb26-e05c83cef91d;382.89;0.014;SELL
2016-02-13T00:27:04.910000;2016-02-13T00:27:05.243000;df3cb0aa-a7ad-4e21-9883-195ae51e40d3;382.88;0.01;SELL
2016-02-13T00:27:04.910000;2016-02-13T00:27:05.243000;5a4aa9cc-f49e-49d3-87de-5179823bc343;382.88;0.01;SELL
2016-02-13T00:27:04.910000;2016-02-13T00:27:05.243000;3b48e280-c384-4493-bd6a-db0b41154e63;382.88;0.014;SELL
2016-02-13T00:27:04.910000;2016-02-13T00:27:05.260000;5426e2fb-e8ff-4687-8c0b-f86c050b65fb;382.87;0.01;SELL
2016-02-13T00:27:04.910000;2016-02-13T00:27:05.260000;2517277e-7c34-4ad3-a022-36a74550d3c9;382.86;0.01;SELL
2016-02-13T00:27:04.910000;2016-02-13T00:27:05.260000;e1ea7137-5370-41cc-ba81-a0ff8246e096;382.86;0.03;SELL
2016-02-13T00:27:04.910000;2016-02-13T00:27:05.260000;5a19b140-fa27-4e3f-9fd0-aafb59c18904;382.85;0.01;SELL
2016-02-13T00:27:04.910000;2016-02-13T00:27:05.260000;28ba0d3d-d0f2-4cbf-81ed-bb36717bc763;382.84;0.01;SELL
2016-02-13T00:27:04.910000;2016-02-13T00:27:05.260000;ed8fefc3-1c32-491c-a295-44af82c86a08;382.84;2.075;SELL
2016-02-13T00:27:04.910000;2016-02-13T00:27:05.260000;70540c5d-871c-4b54-8bc9-b2689f2c5969;382.84;0.03;SELL
2016-02-13T00:27:04.910000;2016-02-13T00:27:05.260000;eba7c5fd-7283-4640-941e-c7fba2a34788;382.83;0.01;SELL
2016-02-13T00:27:04.910000;2016-02-13T00:27:05.260000;d06b2553-523a-44b3-8f42-5e73f432f92d;382.82;0.01;SELL
2016-02-13T00:27:04.910000;2016-02-13T00:27:05.260000;35b2edcb-eda0-41c0-a8ea-3f402997fb82;382.82;0.01;SELL
2016-02-13T00:27:04.910000;2016-02-13T00:27:05.277000;cc0fed2b-685f-47bf-956a-5e1b92df317b;382.82;0.03;SELL
2016-02-13T00:27:04.910000;2016-02-13T00:27:05.277000;ea11ac42-5fa8-4d8b-9ae7-159b0c57f510;382.81;0.01;SELL
2016-02-13T00:27:04.910000;2016-02-13T00:27:05.277000;d65b9e05-8710-4c28-b177-22111fa0d3ff;382.81;0.01;SELL
2016-02-13T00:27:04.910000;2016-02-13T00:27:05.277000;3be9d529-6460-48ef-9e20-b9ddbfd554d9;382.8;0.01;SELL
2016-02-13T00:27:04.910000;2016-02-13T00:27:05.277000;c7894c9b-cea7-4d3e-bbcc-260441bd203b;382.74;0.01;SELL
2016-02-13T00:27:04.910000;2016-02-13T00:27:05.277000;96e6fde0-2820-4cf4-9b4d-d9fd6bb2fe8c;382.74;1.945;SELL
2016-02-13T00:27:04.910000;2016-02-13T00:27:05.277000;2c0b386a-c06a-40ee-a9c0-ab92add77209;382.72;0.01;SELL
2016-02-13T00:27:04.913000;2016-02-13T00:27:05.277000;17fb03b6-697f-499d-bf0d-8073ee6e63f9;382.72;0.01;SELL
2016-02-13T00:27:04.913000;2016-02-13T00:27:05.277000;178c4310-56bf-4ec9-9cf1-595ee69a3e24;382.71;0.01;SELL
2016-02-13T00:27:04.913000;2016-02-13T00:27:05.277000;c86be667-3c2f-4aab-aee3-4867c3408fa9;382.71;0.01;SELL
2016-02-13T00:27:04.913000;2016-02-13T00:27:05.290000;b47397f9-1126-4f43-a8e0-ce3c3d1b14c6;382.71;0.01;SELL
2016-02-13T00:27:04.913000;2016-02-13T00:27:05.290000;6c1d7bbd-48b5-48d4-b4bf-ba2841cd0ed5;382.7;0.01;SELL
2016-02-13T00:27:04.913000;2016-02-13T00:27:05.290000;9b55d9ae-419a-4d12-a7df-26f514657d0f;382.69;0.01;SELL
2016-02-13T00:27:04.913000;2016-02-13T00:27:05.290000;35f2a5b9-8e82-4ac5-abf3-a7d110ed07e6;382.64;0.01;SELL
2016-02-13T00:27:04.913000;2016-02-13T00:27:05.290000;4592aa33-2e24-4035-8c79-32f610b75f31;382.64;0.02;SELL
2016-02-13T00:27:04.913000;2016-02-13T00:27:05.290000;d7bab2e3-e87b-40ae-a534-6bef2235ae1c;382.63;0.01;SELL
2016-02-13T00:27:04.913000;2016-02-13T00:27:05.290000;3f47d4f6-032a-4eac-8119-e902235ad747;382.62;0.01;SELL
2016-02-13T00:27:04.913000;2016-02-13T00:27:05.307000;e6090520-1160-495b-9e3e-4d3a613ed7ae;382.62;2.212;SELL
2016-02-13T00:27:04.913000;2016-02-13T00:27:05.307000;96f2283d-344a-4722-9abe-290b66b9529c;382.62;0.02;SELL
2016-02-13T00:27:04.913000;2016-02-13T00:27:05.307000;ed38247d-5576-4e36-986b-c950d56a17cc;382.61;0.01;SELL
2016-02-13T00:27:04.913000;2016-02-13T00:27:05.307000;d912a19d-75a6-4b9d-8488-b0098da3a4d0;382.6;0.01;SELL
2016-02-13T00:27:04.913000;2016-02-13T00:27:05.307000;335b3330-3c02-4ab7-a7c1-8cefa92bcbff;382.6;0.02;SELL
2016-02-13T00:27:04.913000;2016-02-13T00:27:05.307000;ad50c715-06b3-4955-9a2d-8e05c583de09;382.59;0.01;SELL
2016-02-13T00:27:04.913000;2016-02-13T00:27:05.307000;5dd95fe9-ccfa-4a29-8731-92acc3efec05;382.59;0.01;SELL
2016-02-13T00:27:04.913000;2016-02-13T00:27:05.307000;02cec0c6-1776-4fde-8aaf-07ac284ef68f;382.58;0.01;SELL
2016-02-13T00:27:04.913000;2016-02-13T00:27:05.307000;2179dfaf-a557-402a-96ec-61aa013aec46;382.58;0.01;SELL
2016-02-13T00:27:04.913000;2016-02-13T00:27:05.307000;05a8781f-9877-428e-a173-724c8fce9cdd;382.52;0.01;SELL
2016-02-13T00:27:04.913000;2016-02-13T00:27:05.307000;06405d5f-d8a6-45c8-98b5-59a47df228a7;382.51;0.01;SELL
2016-02-13T00:27:04.913000;2016-02-13T00:27:05.307000;d6f3401e-4a29-445c-bb90-340cd7a40d56;382.51;0.01;SELL
2016-02-13T00:27:04.913000;2016-02-13T00:27:05.323000;7e7eccd7-59fb-4089-a6f9-f3cd42abba57;382.51;2.1;SELL
2016-02-13T00:27:04.913000;2016-02-13T00:27:05.337000;a0cb6b8e-fd1d-45d7-9f39-ae688b877153;382.5;0.01;SELL
2016-02-13T00:27:04.913000;2016-02-13T00:27:05.337000;d4549cc4-2a6d-4c40-9018-8617ce203723;382.49;0.01;SELL
2016-02-13T00:27:04.917000;2016-02-13T00:27:05.337000;f7b9a188-b276-4bd1-9cbe-82d213380aed;382.48;0.01;SELL
2016-02-13T00:27:04.917000;2016-02-13T00:27:05.337000;9d647510-4f9c-4943-8a3a-de4f5044d794;382.48;0.01;SELL
2016-02-13T00:27:04.917000;2016-02-13T00:27:05.337000;ec856160-66b3-4f18-b960-53b10a3b59e7;382.47;0.01;SELL
2016-02-13T00:27:04.917000;2016-02-13T00:27:05.337000;cf356f9b-b9d0-4566-8a10-2b83f1469cbb;382.46;0.01;SELL
2016-02-13T00:27:04.917000;2016-02-13T00:27:05.337000;2a490874-3a69-4905-b5bb-e7c839907d33;382.45;0.01;SELL
2016-02-13T00:27:04.917000;2016-02-13T00:27:05.337000;2c7cfa9e-28e0-4f3f-801c-41a373a24733;382.44;0.01;SELL
2016-02-13T00:27:04.917000;2016-02-13T00:27:05.337000;2ce42723-6646-46f8-99d3-e7521bd6cc5d;382.43;0.01;SELL
2016-02-13T00:27:04.917000;2016-02-13T00:27:05.337000;7472820a-46ea-4b89-9d25-9cb43b4631e2;382.42;0.01;SELL
2016-02-13T00:27:04.917000;2016-02-13T00:27:05.337000;4a0b8d4d-3596-4bee-ac90-1c67672e8fee;382.41;0.01;SELL
2016-02-13T00:27:04.917000;2016-02-13T00:27:05.337000;3c50dc0c-8bfb-47b8-95c8-b9b956fa12bc;382.41;2.375;SELL
2016-02-13T00:27:04.917000;2016-02-13T00:27:05.337000;af434ca3-fc4a-4856-b5de-1157ad6b53b4;382.4;0.01;SELL
2016-02-13T00:27:04.917000;2016-02-13T00:27:05.337000;a0577703-e8c5-47ad-b231-bf37ca819f0e;382.4;0.01;SELL
2016-02-13T00:27:04.917000;2016-02-13T00:27:05.337000;71d1224a-b7be-421c-8336-c4fda3eb4347;382.39;0.01;SELL
2016-02-13T00:27:04.917000;2016-02-13T00:27:05.337000;eee1374c-21ba-44dd-9887-a107217d1721;382.39;0.01;SELL
2016-02-13T00:27:04.920000;2016-02-13T00:27:05.353000;0178af5e-6ea0-454e-8f8b-9faf0b7113b7;382.35;0.01;SELL
2016-02-13T00:27:04.920000;2016-02-13T00:27:05.370000;6544fa4b-678c-4539-9bfa-485a1005fd50;382.34;0.01;SELL
2016-02-13T00:27:04.920000;2016-02-13T00:27:05.370000;4c2da79f-af09-49e7-a7cf-059d3b324c6e;382.29;2.477;SELL
2016-02-13T00:27:04.920000;2016-02-13T00:27:05.370000;baf7c05c-6bd8-4da7-abf3-e982841d9e27;382.29;0.01;SELL
2016-02-13T00:27:04.920000;2016-02-13T00:27:05.370000;fb3da002-801b-4917-a836-d1ea4a35712a;382.25;0.01;SELL
2016-02-13T00:27:04.920000;2016-02-13T00:27:05.370000;97e9bc3c-34a7-4c69-837b-7ce727a88160;382.25;0.01;SELL
2016-02-13T00:27:04.920000;2016-02-13T00:27:05.370000;c760ba19-97f0-4ffb-8449-614bf2dfb370;382.24;0.01;SELL
2016-02-13T00:27:04.920000;2016-02-13T00:27:05.370000;2ea0e688-c2f4-4850-a58b-a79e63679576;382.23;0.01;SELL
2016-02-13T00:27:04.920000;2016-02-13T00:27:05.370000;42062f8a-2dde-47e8-8a73-cfda2e332e85;382.23;0.01;SELL
2016-02-13T00:27:04.920000;2016-02-13T00:27:05.370000;46dba24e-789d-4813-96f3-873ad1af8e09;382.22;0.01;SELL
2016-02-13T00:27:04.920000;2016-02-13T00:27:05.370000;52d87709-2116-4b8c-8207-fcfd1cadadb5;382.18;2.315;SELL
2016-02-13T00:27:04.920000;2016-02-13T00:27:05.370000;2cb93913-fe0a-4964-9909-1b8631abd2df;382.1;0.659;SELL
2016-02-13T00:27:14.713000;2016-02-13T00:27:14.743000;1bf9ab78-a069-46fb-a909-68c7c77b40b8;383.47;0.01;SELL
2016-02-13T00:27:14.713000;2016-02-13T00:27:14.760000;1e6cce55-1e9c-4542-be10-e46c065eb967;383.47;0.01;SELL
2016-02-13T00:27:14.713000;2016-02-13T00:27:14.760000;0339a07d-4302-43c1-8317-ef65d793dd36;383.46;0.01;SELL
2016-02-13T00:27:14.713000;2016-02-13T00:27:14.760000;0bd86f04-39d7-4876-9563-515b7439cff4;383.45;0.01;SELL
2016-02-13T00:27:17.103000;2016-02-13T00:27:17.133000;ae5cc382-3f28-4ed4-9982-cd64d185d262;383.44;0.01;SELL
2016-02-13T00:27:17.103000;2016-02-13T00:27:17.150000;494e4d8a-a929-44c5-805d-96a5559c5060;383.44;0.01;SELL
2016-02-13T00:27:17.103000;2016-02-13T00:27:17.150000;27a0c8c7-c048-4308-97d3-efb684bda6a2;383.43;0.01;SELL
2016-02-13T00:27:22.893000;2016-02-13T00:27:22.933000;fff44e77-29b7-4a39-a25c-74de49f895b3;383.34;0.01;SELL
2016-02-13T00:27:22.893000;2016-02-13T00:27:22.933000;0f7957f0-154a-4f0a-83eb-079cea3e4f87;383.33;0.01;SELL
2016-02-13T00:27:22.893000;2016-02-13T00:27:22.933000;587fdf76-ebc8-49c5-ac9e-6d8294c397a4;383.33;0.01;SELL
2016-02-13T00:27:28.553000;2016-02-13T00:27:28.587000;09f1c164-6e32-4e2a-ad67-e72a8fdee09a;383.33;0.0299;BUY
2016-02-13T00:27:28.560000;2016-02-13T00:27:28.603000;816b4830-821a-4614-936e-26e140a5a7e6;383.33;0.01367;BUY
2016-02-13T00:27:28.567000;2016-02-13T00:27:28.603000;96116d85-514c-4f11-86b8-55b486c9201c;383.33;0.20643;BUY
2016-02-13T00:27:28.567000;2016-02-13T00:27:28.603000;991b013a-d99a-42ea-b675-e99d19a05350;383.33;0.35651;BUY
2016-02-13T00:27:28.583000;2016-02-13T00:27:28.620000;c0cd6864-8886-4b4a-ad94-4f80f3c05a17;383.33;0.01638;BUY
2016-02-13T00:27:28.597000;2016-02-13T00:27:28.633000;b51e3251-2d54-4a7c-bf86-868f88439e8f;383.33;0.012;BUY
2016-02-13T00:27:28.623000;2016-02-13T00:27:28.650000;d3b985c2-1fc5-4e4c-9385-d682495daf87;383.33;0.29311;BUY
2016-02-13T00:27:31.930000;2016-02-13T00:27:31.963000;2e9bb53c-13eb-4765-a2cb-4e98db56b024;383.32;0.01;SELL
2016-02-13T00:27:31.930000;2016-02-13T00:27:31.993000;93c02621-def9-40c5-9e33-06facfe481b8;383.31;0.01;SELL
2016-02-13T00:27:31.930000;2016-02-13T00:27:31.993000;a61bce46-f535-49f8-be14-6dd66d17ef9c;383.3;0.01;SELL
2016-02-13T00:27:31.930000;2016-02-13T00:27:31.993000;e2ee9b6f-ce34-42bd-b338-d97494b585f0;383.29;0.02;SELL
2016-02-13T00:27:31.930000;2016-02-13T00:27:31.993000;a1e77e99-8d23-4545-b9fe-745adcb6c5bd;383.27;0.01;SELL
2016-02-13T00:27:31.930000;2016-02-13T00:27:32.010000;fbe285f7-dfda-495d-81c5-340dcac5e962;383.2;0.128;SELL
2016-02-13T00:27:31.930000;2016-02-13T00:27:32.010000;d51cc705-9b7d-4f1a-bbe9-4aa33d5690b3;383.16;0.52;SELL
2016-02-13T00:27:31.930000;2016-02-13T00:27:32.010000;4674b32b-3ddc-4102-87b0-ff0b227ea65e;383.12;0.109;SELL
2016-02-13T00:27:31.930000;2016-02-13T00:27:32.010000;ebdcddc9-a40b-490b-9b29-26969400463e;383.1;0.01;SELL
2016-02-13T00:27:31.930000;2016-02-13T00:27:32.010000;dd6ac74d-fb66-446d-bf26-b2b182c0074c;383.07;0.109;SELL
2016-02-13T00:27:31.930000;2016-02-13T00:27:32.010000;9cbe0a25-8494-4a4c-912a-7f4a3dc13a57;383.04;0.01;SELL
2016-02-13T00:27:31.930000;2016-02-13T00:27:32.010000;86633068-e133-4898-9a40-bb8c270f186f;382.97;1.0;SELL
2016-02-13T00:27:31.930000;2016-02-13T00:27:32.010000;d32d571f-eddb-45ca-bf2b-d9dada7000a0;382.96;0.01;SELL
2016-02-13T00:27:31.933000;2016-02-13T00:27:32.010000;34d68dd4-7d01-48bc-a0f7-e354f6da3abd;382.96;2.61;SELL
2016-02-13T00:27:31.933000;2016-02-13T00:27:32.010000;9c88af87-393c-41f2-a836-bf26988b040e;382.94;0.023;SELL
2016-02-13T00:27:31.933000;2016-02-13T00:27:32.010000;cb0643ed-a4f7-44df-89c9-2776c908bb57;382.92;0.023;SELL
2016-02-13T00:27:31.933000;2016-02-13T00:27:32.010000;5b2ec304-5ab7-49fc-a05c-f1beaf0bf77a;382.9;0.023;SELL
2016-02-13T00:27:31.933000;2016-02-13T00:27:32.010000;5a544bb6-9cd1-4a98-ae35-b9ba2c567550;382.71;0.66;SELL
2016-02-13T00:27:31.933000;2016-02-13T00:27:32.027000;baa644fe-5bfb-41dc-9be6-7a82b12abf11;382.7;0.01;SELL
2016-02-13T00:27:31.933000;2016-02-13T00:27:32.027000;4baac068-9287-42b7-9c14-2428957d7d0d;382.62;2.0;SELL
2016-02-13T00:27:31.933000;2016-02-13T00:27:32.027000;c94a552e-870f-4f57-ac75-dd7755f4bac1;382.61;1.98;SELL
2016-02-13T00:27:31.933000;2016-02-13T00:27:32.027000;faddd817-6623-4085-a6af-82b9ad634b21;382.53;1.98;SELL
2016-02-13T00:27:31.933000;2016-02-13T00:27:32.057000;54250345-dc39-44b6-9bc4-b09d6702e1a9;382.52;0.01;SELL
2016-02-13T00:27:31.933000;2016-02-13T00:27:32.073000;0544ba94-98ab-4ec4-89b2-73da360f3588;382.33;5.5;SELL
2016-02-13T00:27:31.933000;2016-02-13T00:27:32.073000;02e6b3ec-cbe2-4a4d-b12d-57ba5be994b8;382.32;0.01;SELL
2016-02-13T00:27:31.933000;2016-02-13T00:27:32.073000;af588694-1b32-4e4f-86b6-06602db5f777;382.31;0.19165;SELL
2016-02-13T00:28:02.173000;2016-02-13T00:28:02.213000;4e975087-3713-461e-95cf-dd1dbc9c128d;383.11;0.01;SELL
2016-02-13T00:28:02.173000;2016-02-13T00:28:02.213000;969a4489-ab12-4c26-bdf2-80d29c850b14;383.11;0.01;SELL
2016-02-13T00:28:02.173000;2016-02-13T00:28:02.213000;a8418a9c-b91d-4803-b580-1a4483469350;383.11;0.083;SELL
2016-02-13T00:28:02.177000;2016-02-13T00:28:02.230000;bb0e1c4a-b89b-426e-aac4-cd331c66b119;383.1;0.01;SELL
2016-02-13T00:28:02.177000;2016-02-13T00:28:02.230000;d8e0fea6-4cd2-4d9a-8670-534d56b8871f;383.09;0.01;SELL
2016-02-13T00:28:02.177000;2016-02-13T00:28:02.260000;38183cbd-1a9a-48d6-9182-9fe5075070c1;383.08;0.01;SELL
2016-02-13T00:28:02.177000;2016-02-13T00:28:02.260000;b6f2f075-219f-4b37-a9f9-771c4f9f9d42;383.06;0.125;SELL
2016-02-13T00:28:02.177000;2016-02-13T00:28:02.260000;e15e1a3b-0628-4af1-85d5-251822a77443;383.01;0.072;SELL
2016-02-13T00:28:02.177000;2016-02-13T00:28:02.260000;c27ae7aa-c3b2-4e9d-a23a-39be4e58bfc5;383.0;0.085;SELL
2016-02-13T00:28:02.177000;2016-02-13T00:28:02.260000;e09b6816-9f5c-43cf-884c-eb907288f7b7;382.95;0.081;SELL
2016-02-13T00:28:02.177000;2016-02-13T00:28:02.260000;e1a1f981-9ef0-4aef-8b02-63fbebc113ea;382.92;0.02;SELL
2016-02-13T00:28:02.177000;2016-02-13T00:28:02.260000;e0dc6666-81f0-4fd4-a153-b71be0c52cea;382.9;0.01;SELL
2016-02-13T00:28:02.177000;2016-02-13T00:28:02.260000;7b54a125-981d-4ffe-bb99-53c6351e8091;382.9;0.104;SELL
2016-02-13T00:28:02.177000;2016-02-13T00:28:02.260000;89896239-c95d-4903-b326-b96d248b4269;382.85;0.119;SELL
2016-02-13T00:28:02.177000;2016-02-13T00:28:02.260000;2eea139e-df42-425b-b8ab-3b426ac20d68;382.8;0.127;SELL
2016-02-13T00:28:02.177000;2016-02-13T00:28:02.277000;8528673b-6b0e-4358-b312-588ebcefbe9f;382.79;0.023;SELL
2016-02-13T00:28:02.177000;2016-02-13T00:28:02.277000;dba361ac-2fc4-4aa2-983c-1222650475b8;382.77;0.023;SELL
2016-02-13T00:28:02.177000;2016-02-13T00:28:02.277000;bac460d9-4027-4abb-943c-1273d3f6b992;382.74;0.023;SELL
2016-02-13T00:28:02.177000;2016-02-13T00:28:02.277000;c814885c-1475-4328-8e55-06a7685bb841;382.68;0.01;SELL
2016-02-13T00:28:02.177000;2016-02-13T00:28:02.277000;728e900e-3da8-4fdd-a8eb-479c3868879f;382.67;0.01;SELL
2016-02-13T00:28:02.177000;2016-02-13T00:28:02.277000;2a921439-369b-4942-98d0-698a643b0b53;382.58;1.32;SELL
2016-02-13T00:28:02.177000;2016-02-13T00:28:02.277000;76d7353d-bf6f-4137-885b-75539b40d15a;382.57;0.023;SELL
2016-02-13T00:28:02.177000;2016-02-13T00:28:02.277000;c22cfdfd-ebcd-4677-a25c-72fd87b30b9c;382.57;0.2938;SELL
2016-02-13T00:28:24.450000;2016-02-13T00:28:24.493000;4589da81-ff51-4191-91c3-721d2c6f53fb;382.93;0.13608986;BUY
2016-02-13T00:28:32.137000;2016-02-13T00:28:32.167000;831e6c89-6c2c-4f78-a3e0-6a923999c5bc;382.93;0.11391014;BUY
2016-02-13T00:28:32.137000;2016-02-13T00:28:32.183000;14ba62ea-2f25-48e6-bf22-a43d6e28d3fe;382.93;0.94669986;BUY
2016-02-13T00:28:34.830000;2016-02-13T00:28:34.853000;11162cc1-509c-42d0-8bc7-626fb4a21d12;382.93;0.2096;BUY
2016-02-13T00:28:34.850000;2016-02-13T00:28:34.883000;b803aa95-9345-4195-a99c-a0cc1e2f0128;382.93;0.0404;BUY
2016-02-13T00:28:34.850000;2016-02-13T00:28:34.883000;8697468a-a08b-46d9-896f-d19a28c622e1;382.93;0.4216;BUY
2016-02-13T00:28:34.853000;2016-02-13T00:28:34.883000;4c988a7d-10c4-4662-b611-5410460746fe;382.93;0.4884;BUY
2016-02-13T00:29:32.130000;2016-02-13T00:29:32.150000;c2d7b305-b54d-4e4a-af90-44a93fa4b858;382.93;0.25;BUY
2016-02-13T00:29:32.130000;2016-02-13T00:29:32.183000;4fd12c55-fb55-472d-bb23-c07fda21cc76;382.93;0.16253;BUY
2016-02-13T00:30:39.867000;2016-02-13T00:30:39.900000;39ea15ed-edc2-4e62-b82e-49fab88df6d1;382.93;0.25;BUY
2016-02-13T00:30:39.867000;2016-02-13T00:30:39.900000;e9e5c42c-16b8-4978-a6f5-0946f3418f75;382.99;0.49734;BUY
2016-02-13T00:31:02.257000;2016-02-13T00:31:02.277000;b557ad8c-ad87-431c-8c27-ec13cb92b16a;382.95;0.25;BUY
2016-02-13T00:31:02.257000;2016-02-13T00:31:02.290000;9fc03d83-0a41-4f0b-9c29-42ba7a60da57;382.96;0.22;BUY
2016-02-13T00:31:02.257000;2016-02-13T00:31:02.290000;9262fb0e-f812-4705-9290-ac7ab99ae207;382.97;0.01;BUY
2016-02-13T00:31:02.257000;2016-02-13T00:31:02.290000;ba5e1ee3-7c66-425c-9097-8dcdb2516e72;382.97;0.01;BUY
2016-02-13T00:31:02.257000;2016-02-13T00:31:02.290000;3b0c129a-d348-4fca-b005-bc1438e8928e;383.01;0.48796;BUY
2016-02-13T00:31:31.940000;2016-02-13T00:31:31.980000;fb2695a4-eb09-44e7-83b1-4ffb742d7a80;382.99;0.01;BUY
2016-02-13T00:31:31.940000;2016-02-13T00:31:31.993000;0620337f-e2fa-4b6a-a66f-c9da35a2227c;382.99;0.25;BUY
2016-02-13T00:31:31.940000;2016-02-13T00:31:31.993000;341979f9-b2f6-40de-907e-7790e2743f13;382.99;0.31;BUY
2016-02-13T00:31:31.940000;2016-02-13T00:31:31.993000;7aad3804-17f8-4ce5-a85e-1041c936048b;382.99;0.378;BUY
2016-02-13T00:31:31.940000;2016-02-13T00:31:31.993000;7c5f9069-10fd-45b9-869a-16ec5588a582;383.02;0.44;BUY
2016-02-13T00:31:31.943000;2016-02-13T00:31:31.993000;934df0b2-d73d-4507-8408-cb7e4e5ccf7d;383.03;0.01;BUY
2016-02-13T00:31:31.943000;2016-02-13T00:31:32.010000;493dc637-6eb0-4c62-b437-188338525eb1;383.03;0.44;BUY
2016-02-13T00:31:31.943000;2016-02-13T00:31:32.010000;42d88758-e33b-4510-bf91-d19022087851;383.04;0.01;BUY
2016-02-13T00:31:31.943000;2016-02-13T00:31:32.010000;28e6fdf6-89e2-451c-ba0b-99dd73fc7f1f;383.04;0.01;BUY
2016-02-13T00:31:31.943000;2016-02-13T00:31:32.010000;7a0fed18-e2ee-4d96-99ca-c85dc8d7a1e0;383.04;0.35;BUY
2016-02-13T00:31:31.943000;2016-02-13T00:31:32.010000;e017f6cc-e92b-4ee6-b440-495949256135;383.05;0.88;BUY
2016-02-13T00:31:31.943000;2016-02-13T00:31:32.027000;82baf88b-ea67-4b01-a867-145af525461a;383.06;0.042;BUY
2016-02-13T00:31:31.943000;2016-02-13T00:31:32.027000;d6f13d9c-3475-4bf4-a590-7a20c3b34e4d;383.06;0.83347;BUY
2016-02-13T00:32:02.460000;2016-02-13T00:32:02.493000;6ab3a0dd-6c89-4c3e-b723-8572d0d9067a;383.02;2.34999;BUY
2016-02-13T00:32:19.217000;2016-02-13T00:32:19.243000;b379c574-cb50-4b1d-b524-6250ce8f99ae;383.01;0.02;SELL
2016-02-13T00:32:19.217000;2016-02-13T00:32:19.260000;e9a3ccc1-e2e0-40a7-aa85-d1f0d7b01b3a;383.0;0.01;SELL
2016-02-13T00:32:19.217000;2016-02-13T00:32:19.260000;cf77093c-9112-4d5a-bda2-d1d94d5b9420;383.0;0.02;SELL
2016-02-13T00:32:19.217000;2016-02-13T00:32:19.260000;ce9909b2-fcba-415b-b0cd-20a50f0cb07e;383.0;0.01;SELL
2016-02-13T00:32:31.970000;2016-02-13T00:32:31.993000;21868ef9-c095-442d-b7ec-fb84c482bf37;382.99;0.01;SELL
2016-02-13T00:32:31.970000;2016-02-13T00:32:32.010000;6c9ef24f-2119-4713-9fab-ad79de998b27;382.99;0.02;SELL
2016-02-13T00:32:31.970000;2016-02-13T00:32:32.010000;e055a88f-5ac4-47cb-a599-438014865353;382.98;0.02;SELL
2016-02-13T00:32:31.970000;2016-02-13T00:32:32.010000;58f23e45-c955-4305-8c6b-6fab23e74c88;382.97;0.02;SELL
2016-02-13T00:32:31.970000;2016-02-13T00:32:32.027000;f5b3ccc1-595c-4e49-a1dd-8011a664944c;382.96;0.02;SELL
2016-02-13T00:32:31.970000;2016-02-13T00:32:32.027000;fa76e957-874c-498a-83dc-1c00a5baac35;382.95;0.01;SELL
2016-02-13T00:32:31.970000;2016-02-13T00:32:32.027000;6fb7d16d-d4a9-46ca-969b-9686ecff100d;382.94;0.021;SELL
2016-02-13T00:32:31.970000;2016-02-13T00:32:32.027000;bbee756d-d697-42d8-95bc-5184395dd762;382.93;0.01;SELL
2016-02-13T00:32:31.970000;2016-02-13T00:32:32.027000;67aed59c-0bf6-488a-a6f3-8aaf2a72ed82;382.93;0.01;SELL
2016-02-13T00:32:31.970000;2016-02-13T00:32:32.027000;d452cd1d-ba3b-42da-b6fb-76e306cdc827;382.92;0.01;SELL
2016-02-13T00:32:31.970000;2016-02-13T00:32:32.027000;e70c089d-c1ee-4d4e-8e63-a0fa0468dfa3;382.91;0.01;SELL
2016-02-13T00:32:31.970000;2016-02-13T00:32:32.027000;fbf2ec8c-3328-47dd-b0b5-2c9fd805cfe9;382.9;0.01;SELL
2016-02-13T00:32:31.970000;2016-02-13T00:32:32.027000;cba1436f-a854-4a5d-bc96-741cf19e9acc;382.9;0.01;SELL
2016-02-13T00:32:31.973000;2016-02-13T00:32:32.057000;c78df3ca-c783-4702-9ffb-30c6d088f7f8;382.89;0.01;SELL
2016-02-13T00:32:31.973000;2016-02-13T00:32:32.057000;ef2e29d4-b9c1-482b-ba59-03b273cc516c;382.83;0.13179;SELL
2016-02-13T00:33:02.330000;2016-02-13T00:33:02.353000;fb585a5c-cc1f-45eb-888d-3cc9750f8547;382.87;0.47161;BUY
2016-02-13T00:33:33.673000;2016-02-13T00:33:33.697000;9af6fb1b-125b-41f4-a29f-87dd3fa60b47;382.87;0.25;BUY
2016-02-13T00:33:33.673000;2016-02-13T00:33:33.713000;9afcbc40-6f69-420f-a234-c3c3bf2181e0;382.87;0.06151;BUY
2016-02-13T00:34:11.280000;2016-02-13T00:34:11.307000;55f6fb2d-9ca9-4685-9043-5aecfcac9461;382.89;0.18142;BUY
2016-02-13T00:34:29.517000;2016-02-13T00:34:29.597000;70aa7b63-b64b-48c5-9ea3-74156b4c6c5c;382.89;0.01875;BUY
2016-02-13T00:34:29.523000;2016-02-13T00:34:29.613000;5449cd45-3714-43fb-bbde-ca643c209b90;382.89;0.020505;BUY
2016-02-13T00:34:31.717000;2016-02-13T00:34:31.800000;14a63690-d556-416a-ae64-19ea02eef067;382.89;0.029325;BUY
2016-02-13T00:34:31.717000;2016-02-13T00:34:31.817000;7587b9ad-c8dc-4325-a251-d2d4dee90d70;382.9;0.01;BUY
2016-02-13T00:34:31.717000;2016-02-13T00:34:31.817000;c2fdc1e5-0c85-48ef-9b56-8c4328e911ca;382.91;0.01;BUY
2016-02-13T00:34:31.717000;2016-02-13T00:34:31.817000;9f5bf783-c72c-4755-96ac-aa3512f612ca;382.92;0.01;BUY
2016-02-13T00:34:31.717000;2016-02-13T00:34:31.817000;a40fc578-76a0-473a-8915-65ce83a830b1;382.92;0.01;BUY
2016-02-13T00:34:31.717000;2016-02-13T00:34:31.817000;fb4860c5-4502-4beb-84df-d3e121909937;382.93;0.01;BUY
2016-02-13T00:34:31.717000;2016-02-13T00:34:31.833000;796e4007-5cc6-43b2-9472-86f2e43b923f;382.98;0.01;BUY
2016-02-13T00:34:31.720000;2016-02-13T00:34:31.833000;0da79e19-c608-42bb-9ede-9d6973196035;382.99;0.01;BUY
2016-02-13T00:34:31.720000;2016-02-13T00:34:31.833000;0d9f2907-cb5b-400c-8269-fd8f3cc86588;382.99;0.01;BUY
2016-02-13T00:34:31.720000;2016-02-13T00:34:31.833000;4bb3ac17-c301-4e65-a412-f10028a41ba0;383.0;0.01;BUY
2016-02-13T00:34:31.720000;2016-02-13T00:34:31.833000;43b1002c-239e-4f18-8907-1e24e88c23c5;383.03;0.045695;BUY
2016-02-13T00:35:04.490000;2016-02-13T00:35:04.613000;b917b949-0d03-4e19-99ca-d2e8ff6bcb77;382.97;0.018;SELL
2016-02-13T00:35:04.490000;2016-02-13T00:35:04.613000;bd0eeb58-61c2-48c0-a643-7a8771fce189;382.97;0.113;SELL
2016-02-13T00:35:04.490000;2016-02-13T00:35:04.613000;585e012f-9a04-4bc0-b33b-090dfbc82776;382.97;0.3;SELL
2016-02-13T00:35:04.490000;2016-02-13T00:35:04.630000;5400b59d-4f72-4c09-bd5e-231f54e41610;382.96;0.018;SELL
2016-02-13T00:35:04.493000;2016-02-13T00:35:04.630000;0aab0876-335b-4e08-bb63-2fc21dfaad54;382.93;0.01;SELL
2016-02-13T00:35:04.493000;2016-02-13T00:35:04.630000;bad22220-c4e3-4869-9735-d94659d792ee;382.93;0.01;SELL
2016-02-13T00:35:04.493000;2016-02-13T00:35:04.630000;73ca2a33-5a6a-424f-b71b-4256cb4924b6;382.92;0.01;SELL
2016-02-13T00:35:04.493000;2016-02-13T00:35:04.630000;57603847-49c2-4bc1-b8ad-be172c1023bb;382.92;0.01;SELL
2016-02-13T00:35:04.493000;2016-02-13T00:35:04.630000;2f60dace-cf79-4904-b760-c2f4c037f90b;382.92;0.13;SELL
2016-02-13T00:35:04.493000;2016-02-13T00:35:04.630000;61f6fe98-bc24-417c-9b45-f190b3cb0f2b;382.91;0.01;SELL
2016-02-13T00:35:04.493000;2016-02-13T00:35:04.630000;7a16fd6b-513e-40e4-83b3-9431612d6d90;382.91;0.018;SELL
2016-02-13T00:35:04.493000;2016-02-13T00:35:04.630000;edc51346-5e04-4bfa-aee0-6bfccbf27fd2;382.9;0.01;SELL
2016-02-13T00:35:04.493000;2016-02-13T00:35:04.630000;2db7da5b-7d9b-4684-8288-1b5e26df3cb9;382.9;0.018;SELL
2016-02-13T00:35:04.493000;2016-02-13T00:35:04.630000;1ef2f094-7f33-4aac-8d0a-8740a2687917;382.89;0.01;SELL
2016-02-13T00:35:04.493000;2016-02-13T00:35:04.630000;0600a9c2-ca60-4dbe-959b-fee591752a86;382.89;0.01;SELL
2016-02-13T00:35:04.493000;2016-02-13T00:35:04.630000;cf856d96-d8f2-4159-a000-4f6799e33ce2;382.89;0.018;SELL
2016-02-13T00:35:04.493000;2016-02-13T00:35:04.630000;031dd273-154c-48d6-a025-fe85e6d29978;382.88;0.019;SELL
2016-02-13T00:35:04.493000;2016-02-13T00:35:04.643000;5776d056-60b0-460c-8ff7-b3cd1f61bede;382.87;0.019;SELL
2016-02-13T00:35:04.493000;2016-02-13T00:35:04.643000;bd1c7db9-5837-4a80-aa19-a1808b414885;382.87;0.112;SELL
2016-02-13T00:35:04.493000;2016-02-13T00:35:04.643000;39664450-b7fd-41c8-98d6-d01db5433898;382.86;0.01;SELL
2016-02-13T00:35:04.493000;2016-02-13T00:35:04.643000;743cfbe2-114a-4999-8153-0bf5e53097fd;382.85;0.01;SELL
2016-02-13T00:35:04.493000;2016-02-13T00:35:04.643000;a1966d69-231d-4f77-9549-e59b0872c6fc;382.84;0.01;SELL
2016-02-13T00:35:04.497000;2016-02-13T00:35:04.643000;de6bba8b-b6a8-40a9-a261-440287493558;382.84;0.01;SELL
2016-02-13T00:35:04.497000;2016-02-13T00:35:04.643000;1d1517c2-bd81-4c3f-8b7a-58cb3b20e836;382.83;0.01;SELL
2016-02-13T00:35:04.497000;2016-02-13T00:35:04.643000;8581225c-014e-4d32-9596-230b1eb1534d;382.82;0.01;SELL
2016-02-13T00:35:04.497000;2016-02-13T00:35:04.660000;fe0acc56-1c89-4ac2-a43c-d9f970179c72;382.82;0.121;SELL
2016-02-13T00:35:04.497000;2016-02-13T00:35:04.660000;148f9dd1-7411-44c2-b199-af6a298562c6;382.82;0.24773;SELL
2016-02-13T00:35:32.183000;2016-02-13T00:35:32.270000;3cfa190e-35bb-4099-a584-b78a8654c926;382.91;0.029;BUY
2016-02-13T00:35:32.183000;2016-02-13T00:35:32.283000;11cc3e1c-e0d3-4037-b40a-4e9124488a23;382.91;0.6053;BUY
2016-02-13T00:36:02.493000;2016-02-13T00:36:02.583000;e6765309-389d-412c-8e2d-4ed9d95f4bc2;382.91;0.0147;BUY
2016-02-13T00:36:02.493000;2016-02-13T00:36:02.597000;2afec9c2-6032-4747-b74f-c495bbb10e81;382.92;0.01;BUY
2016-02-13T00:36:02.493000;2016-02-13T00:36:02.597000;ef491ef9-a36b-4d60-8efc-97f9737543fa;382.93;0.01;BUY
2016-02-13T00:36:02.493000;2016-02-13T00:36:02.597000;59b6ed54-e321-491e-87f9-a2d2fb8e4efc;382.93;0.01;BUY
2016-02-13T00:36:02.493000;2016-02-13T00:36:02.597000;5edc8c8a-f97f-4503-9e30-fe7390c22682;382.93;0.25;BUY
2016-02-13T00:36:02.493000;2016-02-13T00:36:02.597000;e304be2e-6c89-488a-8df7-bafd41be3ad5;382.94;0.01;BUY
2016-02-13T00:36:02.497000;2016-02-13T00:36:02.597000;7734cb9f-afd6-4f89-94f5-553d331911d1;382.94;0.01;BUY
2016-02-13T00:36:02.497000;2016-02-13T00:36:02.613000;b6f6d1d5-1dd8-480a-82a2-0a5833b0ee3b;382.95;0.01;BUY
2016-02-13T00:36:02.497000;2016-02-13T00:36:02.630000;b21dd1ad-13ad-4f35-8087-6bb7f241a426;382.96;0.01;BUY
2016-02-13T00:36:02.497000;2016-02-13T00:36:02.630000;042f400d-b192-4d37-9aee-c741bbbfafbc;382.96;0.01;BUY
2016-02-13T00:36:02.497000;2016-02-13T00:36:02.630000;bc1553a6-6306-48c6-84ee-afdeb0584b6a;382.97;0.01;BUY
2016-02-13T00:36:02.497000;2016-02-13T00:36:02.630000;ec8aa99f-05e0-4061-9cc2-5c52233d0461;382.97;0.01;BUY
2016-02-13T00:36:02.497000;2016-02-13T00:36:02.630000;bb5beb28-fd3a-4ed8-8be4-67ff5a92a057;382.98;0.01;BUY
2016-02-13T00:36:02.497000;2016-02-13T00:36:02.630000;38bcf978-de7d-4d5a-b5e4-ed408e1464ed;382.98;0.01;BUY
2016-02-13T00:36:02.497000;2016-02-13T00:36:02.630000;36c01ccc-8090-4624-9663-e1136ad1ebb7;382.99;0.01;BUY
2016-02-13T00:36:02.497000;2016-02-13T00:36:02.630000;f34aaf18-2305-462d-a31f-85901dc3bf86;383.0;0.01;BUY
2016-02-13T00:36:02.497000;2016-02-13T00:36:02.630000;70d8fcfb-f8f0-4da3-82a7-fb4b4e516765;383.01;0.01;BUY
2016-02-13T00:36:02.497000;2016-02-13T00:36:02.630000;e41b9753-9055-4ee8-a40d-12c36ca926d7;383.02;0.01;BUY
2016-02-13T00:36:02.497000;2016-02-13T00:36:02.630000;64b8d44b-a17b-4ff5-bb3e-41b240423930;383.03;0.01;BUY
2016-02-13T00:36:02.497000;2016-02-13T00:36:02.630000;056e8727-1471-4ef2-8af9-85cb293a374b;383.03;0.01;BUY
2016-02-13T00:36:02.497000;2016-02-13T00:36:02.643000;006e7ffc-e363-4503-841a-54272db26c72;383.03;0.097;BUY
2016-02-13T00:36:02.497000;2016-02-13T00:36:02.643000;6ed291ae-3fc4-4caa-a81f-9a495a79e53c;383.04;0.01;BUY
2016-02-13T00:36:02.497000;2016-02-13T00:36:02.643000;b8ae8a94-4c4a-4c37-94a4-b4a5eefc0b8f;383.05;0.01;BUY
2016-02-13T00:36:02.497000;2016-02-13T00:36:02.643000;dc7e1c57-2d72-4bdd-ab81-415559c855bc;383.07;0.01;BUY
2016-02-13T00:36:02.497000;2016-02-13T00:36:02.643000;83db7deb-6563-42d7-9bfe-2d042ddd623e;383.08;0.079;BUY
2016-02-13T00:36:02.497000;2016-02-13T00:36:02.643000;b54467f3-19b6-487a-960c-1a81d80e26e8;383.11;0.01;BUY
2016-02-13T00:36:02.500000;2016-02-13T00:36:02.677000;4a34ea3b-b60a-4bea-bfe5-91cb0ab47ce7;383.11;0.01;BUY
2016-02-13T00:36:02.500000;2016-02-13T00:36:02.690000;f306eb84-6f11-4866-8f41-1fe150178d89;383.12;0.01;BUY
2016-02-13T00:36:02.500000;2016-02-13T00:36:02.690000;5bbee053-3a26-492f-89b1-413bfddd4efd;383.12;0.22;BUY
2016-02-13T00:36:02.500000;2016-02-13T00:36:02.690000;0233063a-ab31-4b01-bd57-8cac5402b3a2;383.13;0.02752;BUY
2016-02-13T00:36:17.767000;2016-02-13T00:36:17.847000;f371f3eb-32c2-44bf-8254-abd183a709ed;383.03;0.01;BUY
2016-02-13T00:36:17.767000;2016-02-13T00:36:17.863000;3057ba37-fee4-4932-8ea8-d3a73046f4aa;383.03;0.01;BUY
2016-02-13T00:36:17.767000;2016-02-13T00:36:17.863000;d748353e-19f7-409b-ac83-3d6db2a5d220;383.04;0.01;BUY
2016-02-13T00:36:17.767000;2016-02-13T00:36:17.863000;f24cc621-c4c8-4f83-b9c9-58c19c2b8b31;383.05;0.01;BUY
2016-02-13T00:36:17.770000;2016-02-13T00:36:17.863000;9a40bea6-3d15-4f9b-940a-8071dff8c9ef;383.05;0.1184;BUY
2016-02-13T00:36:33.437000;2016-02-13T00:36:33.520000;8d7db296-c1d5-4693-b416-3cf78109f375;383.05;0.1316;BUY
2016-02-13T00:36:33.437000;2016-02-13T00:36:33.537000;d2ddec84-7c69-4b06-b647-35d6123fd2f0;383.06;0.01;BUY
2016-02-13T00:36:33.437000;2016-02-13T00:36:33.537000;9d68f710-d130-49c8-b7ce-7899a4c1e79b;383.07;0.01;BUY
2016-02-13T00:36:33.437000;2016-02-13T00:36:33.537000;080f49dc-f830-4c22-8295-72c6fca74be7;383.08;0.01;BUY
2016-02-13T00:36:33.437000;2016-02-13T00:36:33.537000;3e6240bd-e8ef-4095-ac1c-b044bc7bbf88;383.08;0.01;BUY
2016-02-13T00:36:33.437000;2016-02-13T00:36:33.537000;3ff8721c-5c0a-44f3-8536-289d01a7055e;383.09;0.01;BUY
2016-02-13T00:36:33.437000;2016-02-13T00:36:33.537000;23edec11-bbfe-4a20-8fc0-7765b4afa282;383.1;0.01;BUY
2016-02-13T00:36:33.437000;2016-02-13T00:36:33.550000;56f3d9fd-fbcb-44cb-8c21-ae744c0fe868;383.1;0.01;BUY
2016-02-13T00:36:33.437000;2016-02-13T00:36:33.550000;417775e1-866b-47bf-9db8-bd9aace98444;383.1;0.118;BUY
2016-02-13T00:36:33.437000;2016-02-13T00:36:33.567000;c51039ea-167e-47d6-8069-d2818fff19aa;383.11;0.01;BUY
2016-02-13T00:36:33.440000;2016-02-13T00:36:33.567000;8ceace61-61cf-46ef-9f2c-b21db93ce492;383.12;0.01;BUY
2016-02-13T00:36:33.440000;2016-02-13T00:36:33.567000;a9c6de47-6464-4469-87a4-bbb4b271c5ae;383.13;0.02248;BUY
2016-02-13T00:36:33.440000;2016-02-13T00:36:33.567000;2e346536-d537-44b1-b53d-02a490fe8f22;383.15;0.01;BUY
2016-02-13T00:36:33.440000;2016-02-13T00:36:33.567000;f1dceabb-c29d-4f0d-a92f-c4e446c9e026;383.15;0.09;BUY
2016-02-13T00:36:33.440000;2016-02-13T00:36:33.583000;99fb8c87-ca2e-4567-a0b0-bc49f0949139;383.16;0.05;BUY
2016-02-13T00:36:33.440000;2016-02-13T00:36:33.583000;9e7275ea-ede6-499a-99ee-5eb99fb5d84e;383.17;0.31;BUY
2016-02-13T00:36:33.440000;2016-02-13T00:36:33.583000;a5090c82-a9a3-43e2-b462-3c82e0971acb;383.2;0.098;BUY
2016-02-13T00:36:33.440000;2016-02-13T00:36:33.583000;e37acd45-7653-4785-bc13-93b3a7d7335e;383.23;0.05;BUY
2016-02-13T00:36:33.440000;2016-02-13T00:36:33.583000;02458fcb-8a68-49d6-86e2-af4cd6e90866;383.25;0.01;BUY
2016-02-13T00:36:33.440000;2016-02-13T00:36:33.583000;3053969c-eac7-416a-87e1-10a4c0393fd5;383.25;0.01;BUY
2016-02-13T00:36:33.440000;2016-02-13T00:36:33.583000;cf469c0b-a175-43a2-bbf3-298c6b805809;383.25;0.00271;BUY
2016-02-13T00:37:02.643000;2016-02-13T00:37:02.737000;1f27b767-14c8-472a-aa36-f003e90818d7;383.15;0.25;BUY
2016-02-13T00:37:02.643000;2016-02-13T00:37:02.737000;9a9cd0ad-7fa3-4f7c-98fb-2f9f55aed28f;383.15;0.115;BUY
2016-02-13T00:37:02.643000;2016-02-13T00:37:02.753000;d23ea6b9-01a7-47e4-9f36-e0b273c32188;383.16;0.01;BUY
2016-02-13T00:37:02.643000;2016-02-13T00:37:02.753000;d1b14412-b6ea-4b9a-b637-6f4516a11456;383.17;0.01;BUY
2016-02-13T00:37:02.643000;2016-02-13T00:37:02.753000;b8a839d9-dfa2-4cb6-98f7-cb3911f3ea3e;383.18;0.01;BUY
2016-02-13T00:37:02.647000;2016-02-13T00:37:02.753000;e5be615c-ac61-4c06-8932-b10d0145af62;383.19;0.01;BUY
2016-02-13T00:37:02.647000;2016-02-13T00:37:02.753000;0d984da4-be22-4b5b-9cba-a99fa537cdfa;383.2;0.01;BUY
2016-02-13T00:37:02.647000;2016-02-13T00:37:02.770000;d59fc32c-d260-4e8e-9c30-2279ff217a85;383.2;0.118;BUY
2016-02-13T00:37:02.647000;2016-02-13T00:37:02.770000;c8b38ce0-f88b-4c0c-8b2c-6110d0578386;383.21;0.01;BUY
2016-02-13T00:37:02.647000;2016-02-13T00:37:02.770000;2606c450-7d58-42b6-825d-784d302a2877;383.21;0.01;BUY
2016-02-13T00:37:02.647000;2016-02-13T00:37:02.770000;5ba438e7-4b74-4146-9e99-65896f5e7909;383.21;0.04585;BUY
2016-02-13T00:37:36.067000;2016-02-13T00:37:36.143000;9f8b325c-e148-42f2-9922-27caa8ec19bc;383.2;0.017;SELL
2016-02-13T00:37:36.067000;2016-02-13T00:37:36.160000;e2c8d5d7-2bb2-4464-a0cf-b00720ee5837;383.19;0.017;SELL
2016-02-13T00:37:36.067000;2016-02-13T00:37:36.160000;f11502a7-d1e5-49f3-8bc0-0363352a67f9;383.18;0.017;SELL
2016-02-13T00:37:36.067000;2016-02-13T00:37:36.160000;01d0e00e-42ce-40b0-8e0c-6227ec063256;383.17;0.017;SELL
2016-02-13T00:37:36.067000;2016-02-13T00:37:36.160000;6a521b71-6618-453a-81a9-2f9fc8886b03;383.16;0.01;SELL
2016-02-13T00:37:36.067000;2016-02-13T00:37:36.253000;1ee5f555-a651-4dda-9583-1c5b3aff2e02;383.15;0.01;SELL
2016-02-13T00:37:36.067000;2016-02-13T00:37:36.253000;e7218c2e-e549-4998-9703-4b2674cb9219;383.14;0.017;SELL
2016-02-13T00:37:36.067000;2016-02-13T00:37:36.253000;faefdcaa-7dfb-4247-a425-7331ad09cd49;383.13;0.017;SELL
2016-02-13T00:37:36.067000;2016-02-13T00:37:36.253000;ee5248a5-6827-4f82-8dce-aeeb82a1dde3;383.12;0.01;SELL
2016-02-13T00:37:36.067000;2016-02-13T00:37:36.253000;479a51a2-30ce-4362-9376-46c221e52589;383.11;0.01;SELL
2016-02-13T00:37:36.067000;2016-02-13T00:37:36.253000;46bdf591-f30b-4a1d-bd6e-80440ff18a85;383.1;0.01;SELL
2016-02-13T00:37:36.067000;2016-02-13T00:37:36.253000;3b6de016-1f86-4029-9774-63d610368013;383.09;0.01;SELL
2016-02-13T00:37:36.070000;2016-02-13T00:37:36.253000;805483b0-80eb-4e1c-9621-89b29e469933;383.08;0.01;SELL
2016-02-13T00:37:36.070000;2016-02-13T00:37:36.253000;5dd6c526-2d51-4778-9927-132490f7ee2b;383.08;0.078;SELL
2016-02-13T00:37:36.070000;2016-02-13T00:37:36.253000;11ac20e3-3e12-4060-984a-549d07ff4c09;383.08;0.0505;SELL
2016-02-13T00:38:02.323000;2016-02-13T00:38:02.410000;f8bd2d91-33d6-4742-8120-664a676435c2;383.14;0.017;SELL
2016-02-13T00:38:02.323000;2016-02-13T00:38:02.427000;5c2ca2f6-918d-431e-af80-277e74c0bd4c;383.13;0.017;SELL
2016-02-13T00:38:02.323000;2016-02-13T00:38:02.427000;0a47b2e1-f0ad-4508-b157-a2950d848685;383.12;0.01;SELL
2016-02-13T00:38:02.323000;2016-02-13T00:38:02.427000;319fd4c4-f0bd-4a7f-82ce-0b3adf59ef47;383.12;0.01;SELL
2016-02-13T00:38:02.323000;2016-02-13T00:38:02.427000;6aaf70a3-4b20-41bb-bdbd-444dd3e71618;383.11;0.01;SELL
2016-02-13T00:38:02.323000;2016-02-13T00:38:02.457000;cb22d3f2-9803-4a42-bdee-cfab98820fb6;383.11;0.01;SELL
2016-02-13T00:38:02.323000;2016-02-13T00:38:02.457000;d0a19f2f-9ad8-47d6-8ba4-8019f39d8311;383.1;0.01;SELL
2016-02-13T00:38:02.323000;2016-02-13T00:38:02.457000;229afaa6-5832-48c3-98ec-17687a778b86;383.1;0.01;SELL
2016-02-13T00:38:02.323000;2016-02-13T00:38:02.473000;210a1d78-f99c-455a-94ab-377466e6090d;383.1;0.16767;SELL
2016-02-13T00:38:32.267000;2016-02-13T00:38:32.347000;ba52d2c5-f695-4048-972c-0c9b2071199a;383.12;0.017;SELL
2016-02-13T00:38:32.270000;2016-02-13T00:38:32.363000;75ad1ce7-7416-4808-989e-d3fa1dd3ce52;383.11;0.017;SELL
2016-02-13T00:38:32.270000;2016-02-13T00:38:32.363000;c40e391b-1b67-4af9-978a-a32809a196da;383.1;0.01;SELL
2016-02-13T00:38:32.270000;2016-02-13T00:38:32.363000;f13496ee-55a6-41dc-9fd1-45199043c539;383.1;0.01;SELL
2016-02-13T00:38:32.270000;2016-02-13T00:38:32.363000;fbf06310-96a6-46fe-a30c-3a3f64c0e3e9;383.09;0.01;SELL
2016-02-13T00:38:32.270000;2016-02-13T00:38:32.427000;e0c05782-40ec-4764-a325-393e894d8b31;383.08;0.01;SELL
2016-02-13T00:38:32.270000;2016-02-13T00:38:32.427000;9fb52701-19fb-4907-b75d-48fa36b3e422;383.08;0.01;SELL
2016-02-13T00:38:32.270000;2016-02-13T00:38:32.427000;f63baa82-e8e9-4421-aef4-affef6fc22b0;383.07;0.01;SELL
2016-02-13T00:38:32.270000;2016-02-13T00:38:32.427000;301987f9-f14b-4543-be96-80d213520569;383.07;0.01;SELL
2016-02-13T00:38:32.270000;2016-02-13T00:38:32.427000;bab85252-264f-4f42-92cb-0d5773385a00;383.06;0.01;SELL
2016-02-13T00:38:32.270000;2016-02-13T00:38:32.457000;929d4a90-395b-4b66-a33d-2ed9a2fa5865;383.05;0.01;SELL
2016-02-13T00:38:32.270000;2016-02-13T00:38:32.457000;3fdbb53b-56f3-425a-a16f-ddc5f8314143;383.04;0.017;SELL
2016-02-13T00:38:32.270000;2016-02-13T00:38:32.457000;bb19a682-5ee8-457b-ba80-6c0a94d52df6;383.03;0.017;SELL
2016-02-13T00:38:32.270000;2016-02-13T00:38:32.457000;be36d641-6f25-48af-a475-ed24edf180aa;383.03;0.089;SELL
2016-02-13T00:38:32.270000;2016-02-13T00:38:32.457000;8979825f-cb94-42be-8376-67dec6923e70;383.02;0.017;SELL
2016-02-13T00:38:32.270000;2016-02-13T00:38:32.457000;214579ed-49a0-41b7-8213-8a00262e211f;383.02;0.093;SELL
2016-02-13T00:38:32.270000;2016-02-13T00:38:32.457000;721b116e-fb0b-4dbb-b70a-51eff8cb1213;383.01;0.017;SELL
2016-02-13T00:38:32.270000;2016-02-13T00:38:32.457000;27371d83-d4db-4ea6-a4d3-b4bb76707e97;383.0;0.017;SELL
2016-02-13T00:38:32.273000;2016-02-13T00:38:32.457000;d478d7fc-adf1-49f5-9fb8-5d4351f42aa1;383.0;0.0115;SELL
2016-02-13T00:38:32.273000;2016-02-13T00:38:32.457000;355c813a-c26a-47ae-96b0-fc8c05bd65ca;382.99;0.01;SELL
2016-02-13T00:38:32.273000;2016-02-13T00:38:32.457000;39a38bf6-e324-4568-af67-bf5a0be0f1fa;382.98;0.01;SELL
2016-02-13T00:38:32.273000;2016-02-13T00:38:32.457000;399c41b4-d8a6-4aae-9171-8dc0e3a22dff;382.98;0.01;SELL
2016-02-13T00:38:32.273000;2016-02-13T00:38:32.457000;45fcc80a-fa17-4bb3-8330-4a49e0b4553c;382.98;0.03329;SELL
2016-02-13T00:39:03.257000;2016-02-13T00:39:03.347000;85bacb71-84f4-4975-bf65-db8deb78df29;383.06;0.019;BUY
2016-02-13T00:39:03.257000;2016-02-13T00:39:03.347000;f767a45b-75e6-4c7d-a7f9-a6600a2b7b27;383.06;0.0778;BUY
2016-02-13T00:39:32.287000;2016-02-13T00:39:32.363000;9165d7bb-d17a-45be-8450-a1b0bf4ad8c0;383.05;0.016;SELL
2016-02-13T00:39:32.287000;2016-02-13T00:39:32.380000;d5ee70d7-b002-4528-8e47-3312ac43570f;383.04;0.01;SELL
2016-02-13T00:39:32.287000;2016-02-13T00:39:32.380000;74ef70b8-c538-4b1d-8ccd-5e736826ef40;383.03;0.01;SELL
2016-02-13T00:39:32.287000;2016-02-13T00:39:32.380000;970fcf2c-1791-4dd8-a42d-5d7b3f7a1eed;383.03;0.01;SELL
2016-02-13T00:39:32.290000;2016-02-13T00:39:32.380000;9ab3dbd7-5f1e-48e7-8173-427695fe3161;383.02;0.01;SELL
2016-02-13T00:39:32.290000;2016-02-13T00:39:32.473000;8648bb8c-d4ea-4292-8453-f0f7a949351b;383.01;0.01;SELL
2016-02-13T00:39:32.290000;2016-02-13T00:39:32.473000;e09c4f92-95c5-424b-a551-863d6b533cce;383.01;0.073;SELL
2016-02-13T00:39:32.290000;2016-02-13T00:39:32.473000;b1750dea-32c5-4076-a2db-927ebe2a4295;383.0;0.01;SELL
2016-02-13T00:39:32.290000;2016-02-13T00:39:32.473000;986d2451-3cc8-4771-a097-e9b96aef6ef3;382.99;0.01;SELL
2016-02-13T00:39:32.290000;2016-02-13T00:39:32.473000;5b773f00-46ea-47f1-a5f1-f061b73d1606;382.98;0.01;SELL
2016-02-13T00:39:32.290000;2016-02-13T00:39:32.473000;47bf62fb-abda-4a0a-90d3-a31401a0b482;382.97;0.01;SELL
2016-02-13T00:39:32.290000;2016-02-13T00:39:32.473000;653946f0-b71d-4675-aae0-474cd83dd2d1;382.96;0.01;SELL
2016-02-13T00:39:32.290000;2016-02-13T00:39:32.473000;3047168d-4cb8-4e0a-befa-cb81c5b70fc7;382.96;0.01;SELL
2016-02-13T00:39:32.290000;2016-02-13T00:39:32.473000;e796db65-ded0-442b-a385-0cbc13bf2f35;382.96;0.00172;SELL
2016-02-13T00:40:03.300000;2016-02-13T00:40:03.380000;e9860883-c92e-48cd-b2e7-4f1025c41325;383.01;0.25;BUY
2016-02-13T00:40:03.300000;2016-02-13T00:40:03.380000;4a048306-63b9-4c4f-bb37-e5e1d4babcb6;383.02;0.01;BUY
2016-02-13T00:40:03.300000;2016-02-13T00:40:03.380000;233ffc93-12db-49d1-960f-2ae175f9e9f2;383.03;0.01;BUY
2016-02-13T00:40:03.300000;2016-02-13T00:40:03.380000;75fe55ce-4e55-4dd0-bb88-4af06041d23d;383.04;0.01;BUY
2016-02-13T00:40:03.300000;2016-02-13T00:40:03.393000;9e95ce2e-344f-4ce9-8633-abada178e1ba;383.04;0.01;BUY
2016-02-13T00:40:03.300000;2016-02-13T00:40:03.393000;939f8327-2361-4bea-ad3a-e87bb0357265;383.05;0.01;BUY
2016-02-13T00:40:03.300000;2016-02-13T00:40:03.410000;61ea51d6-65c2-4831-b33c-85fad5a1d71d;383.06;0.03762;BUY
2016-02-13T00:40:32.930000;2016-02-13T00:40:33.003000;b9efa3f6-5b76-4f11-9259-90f3ce0595e0;383.05;0.01;BUY
2016-02-13T00:40:32.930000;2016-02-13T00:40:33.037000;67f9db2c-969d-4cd6-9e9c-04e153ce4b29;383.06;0.25;BUY
2016-02-13T00:40:32.930000;2016-02-13T00:40:33.037000;1ebfcc0c-d537-4810-afce-90cd07b83dfa;383.07;0.05;BUY
2016-02-13T00:40:32.930000;2016-02-13T00:40:33.037000;2196313e-34d9-4cde-84d7-d058bb287d81;383.08;0.01;BUY
2016-02-13T00:40:32.930000;2016-02-13T00:40:33.037000;100f088d-b1f8-4339-a3c7-6cb6c0c0ed46;383.08;0.01;BUY
2016-02-13T00:40:32.930000;2016-02-13T00:40:33.037000;425d70b6-03d2-4703-8cd1-64b80a2138a5;383.09;0.01;BUY
2016-02-13T00:40:32.930000;2016-02-13T00:40:33.050000;6b666f60-fd43-4825-9ced-80d95dea24e2;383.1;0.01;BUY
2016-02-13T00:40:32.930000;2016-02-13T00:40:33.050000;d46c23b7-cf0d-430c-8351-96f2d16b1a99;383.1;0.01;BUY
2016-02-13T00:40:32.930000;2016-02-13T00:40:33.050000;1137b12c-c203-43b2-a084-05228c48c41f;383.11;0.01;BUY
2016-02-13T00:40:32.930000;2016-02-13T00:40:33.050000;8f577fa8-6d23-4068-b0c1-9eb522d3c339;383.12;0.01;BUY
2016-02-13T00:40:32.930000;2016-02-13T00:40:33.050000;9fc9ac4e-fb8a-4409-9b14-aa2f96dd8834;383.12;0.01;BUY
2016-02-13T00:40:32.930000;2016-02-13T00:40:33.050000;f948db02-615c-473f-9f3b-e59a7fed7354;383.12;0.073;BUY
2016-02-13T00:40:32.930000;2016-02-13T00:40:33.083000;2bb03e78-e39a-435e-8c28-ffc9a4406d58;383.14;0.01;BUY
2016-02-13T00:40:32.930000;2016-02-13T00:40:33.083000;ce7f5d93-85b7-431d-aeb0-2e920f9ce5ac;383.14;0.01;BUY
2016-02-13T00:40:32.930000;2016-02-13T00:40:33.083000;aa051413-9275-4b86-bdf8-41ed4739b3c1;383.16;0.01;BUY
2016-02-13T00:40:32.930000;2016-02-13T00:40:33.083000;1f243954-c98a-4fbf-9339-2f86b6cb52a6;383.16;0.01;BUY
2016-02-13T00:40:32.930000;2016-02-13T00:40:33.083000;3a2adf23-7e57-47d0-85f1-f8abfacbe997;383.17;0.01;BUY
2016-02-13T00:40:32.933000;2016-02-13T00:40:33.083000;d1b652a7-c21d-4327-9da6-f14f476540ad;383.17;0.01;BUY
2016-02-13T00:40:32.933000;2016-02-13T00:40:33.083000;4c0d7910-1ef6-49d8-bd2a-ebb3d25b9deb;383.17;0.081;BUY
2016-02-13T00:40:32.933000;2016-02-13T00:40:33.083000;c147d223-39fe-48cf-be5c-e314df2802b9;383.18;0.01;BUY
2016-02-13T00:40:32.933000;2016-02-13T00:40:33.083000;ea0edd37-1560-4b53-a66f-199e64067f3e;383.18;0.01;BUY
2016-02-13T00:40:32.933000;2016-02-13T00:40:33.083000;1a556b07-bf5a-43c3-8985-7aed01a99069;383.19;0.01;BUY
2016-02-13T00:40:32.933000;2016-02-13T00:40:33.113000;b294a197-d7ab-4491-be06-cb2fbdf3dcb8;383.2;0.01;BUY
2016-02-13T00:40:32.933000;2016-02-13T00:40:33.113000;11882f75-722c-4b93-99d6-e1004cba7ca4;383.2;0.01;BUY
2016-02-13T00:40:32.933000;2016-02-13T00:40:33.113000;ac86719e-2fbd-428e-a690-09c4e132c3a3;383.21;0.01;BUY
2016-02-13T00:40:32.933000;2016-02-13T00:40:33.113000;9045cb92-adfe-4946-b577-e6c95cd94c3a;383.21;0.01;BUY
2016-02-13T00:40:32.933000;2016-02-13T00:40:33.113000;a12a8f95-897e-44cc-8688-ddfaf28872d6;383.22;0.01;BUY
2016-02-13T00:40:32.933000;2016-02-13T00:40:33.113000;e8f8ece5-536b-49f4-a370-eebda9a8db5c;383.22;0.116;BUY
2016-02-13T00:40:32.933000;2016-02-13T00:40:33.113000;ac0f876a-c3f1-4dfb-8489-afc279385f94;383.23;0.01;BUY
2016-02-13T00:40:32.933000;2016-02-13T00:40:33.113000;500024d9-94ef-44b8-bd2f-2e5adc67fa70;383.25;0.22;BUY
2016-02-13T00:40:32.933000;2016-02-13T00:40:33.113000;4c6dc413-f077-4b0a-8664-4bedb5b1c949;383.26;0.01;BUY
2016-02-13T00:40:32.933000;2016-02-13T00:40:33.113000;6e188f8a-42b1-4818-b07f-92a9295e8cf7;383.26;1.1;BUY
2016-02-13T00:40:32.933000;2016-02-13T00:40:33.113000;d6eb9fd8-75f7-4884-bf73-6ff23b932358;383.27;0.01;BUY
2016-02-13T00:40:32.933000;2016-02-13T00:40:33.113000;8fa1603d-4577-4b3b-ad5c-a63960cc2fe4;383.27;0.44;BUY
2016-02-13T00:40:32.933000;2016-02-13T00:40:33.113000;aa2bb82f-461c-4841-9649-6c49cb3d8c19;383.27;0.103;BUY
2016-02-13T00:40:32.933000;2016-02-13T00:40:33.113000;ba0e240e-7cbb-4fcc-ab36-85f9d089df6e;383.28;0.01;BUY
2016-02-13T00:40:32.933000;2016-02-13T00:40:33.113000;2cfd96f5-ac60-4de7-9d31-e9f5517d5c1e;383.28;1.54;BUY
2016-02-13T00:40:32.933000;2016-02-13T00:40:33.113000;7ce780fe-71ab-4c72-8e22-98f7e4724caf;383.29;0.01;BUY
2016-02-13T00:40:32.933000;2016-02-13T00:40:33.113000;e00186de-6fbb-4044-b4da-dfdb0d629320;383.29;0.01;BUY
2016-02-13T00:40:32.937000;2016-02-13T00:40:33.113000;b271c12d-8bd6-45f9-965a-e1afc791feba;383.29;0.05;BUY
2016-02-13T00:40:32.937000;2016-02-13T00:40:33.130000;49c93dc7-6834-4450-ac00-1ca787ccb1b1;383.29;1.46028;BUY
2016-02-13T00:41:03.937000;2016-02-13T00:41:04.020000;ac2c3784-efbb-4a34-99c5-9c59c0513939;383.09;0.25;BUY
2016-02-13T00:41:03.937000;2016-02-13T00:41:04.020000;e412d376-7500-4b51-9a58-c712435608bf;383.14;0.115;BUY
2016-02-13T00:41:03.937000;2016-02-13T00:41:04.020000;a3047b1d-1d59-498a-a706-d29ce6ed6913;383.19;0.142;BUY
