time_exchange;time_coinpai;guid;price;base_amount;taker_side
2016-02-17T00:00:02.097000;2016-02-17T00:00:02.113000;ef94cd89-a55f-4e63-80b9-fd6ef778093c;407.41;0.25;BUY
2016-02-17T00:00:02.097000;2016-02-17T00:00:02.130000;1e630c29-488c-4f08-8fd6-5780e2a9f70b;407.41;0.099;BUY
2016-02-17T00:00:02.097000;2016-02-17T00:00:02.130000;e395fbd1-7972-4405-aae9-e6f88e7db248;407.42;0.03961854;BUY
2016-02-17T00:00:02.097000;2016-02-17T00:00:02.130000;cfd4dad6-cf5c-493d-8c1d-09e210613a64;407.42;0.01;BUY
2016-02-17T00:00:02.097000;2016-02-17T00:00:02.130000;89ad9d52-6963-4b3b-8a14-c484cedc8384;407.43;0.05;BUY
2016-02-17T00:00:02.097000;2016-02-17T00:00:02.130000;58b06afb-f6f0-4340-8e99-999c4d24f789;407.43;0.28;BUY
2016-02-17T00:00:02.097000;2016-02-17T00:00:02.163000;d555af3f-cc67-4a56-aedd-c4b8749b489e;407.43;0.23945146;BUY
2016-02-17T00:00:33.260000;2016-02-17T00:00:33.303000;73ad6593-847f-4101-91cb-c2fc106d7933;407.36;0.01;SELL
2016-02-17T00:00:33.260000;2016-02-17T00:00:33.303000;3f68d285-d2d5-4178-aab9-21e4e4756506;407.36;0.32;SELL
2016-02-17T00:00:33.260000;2016-02-17T00:00:33.303000;224a2b0b-ef2e-4963-a992-ee847bf2533f;407.35;0.01;SELL
2016-02-17T00:00:33.263000;2016-02-17T00:00:33.303000;83f71a5a-4153-43f8-811c-c1abcee72a66;407.35;0.125;SELL
2016-02-17T00:00:33.263000;2016-02-17T00:00:33.317000;be3d90e0-5f60-4c72-b72f-9123321fefea;407.34;0.022;SELL
2016-02-17T00:00:33.263000;2016-02-17T00:00:33.317000;95814188-4498-4deb-9683-598305c62d9f;407.34;0.02;SELL
2016-02-17T00:00:33.263000;2016-02-17T00:00:33.317000;02391b86-0cb3-498f-aa4f-ac7ff9b711e6;407.33;0.022;SELL
2016-02-17T00:00:33.263000;2016-02-17T00:00:33.317000;1c0de077-cb7b-42f2-8ab4-5735751ea9b7;407.32;0.00066;SELL
2016-02-17T00:00:51.760000;2016-02-17T00:00:51.787000;4c240b26-c42a-4f08-8244-40b85242ba9a;407.37;0.2;BUY
2016-02-17T00:01:02.037000;2016-02-17T00:01:02.067000;4119ca31-2b50-4fdb-8ee8-8a867faca470;407.35;0.04;SELL
2016-02-17T00:01:02.037000;2016-02-17T00:01:02.067000;9587d64b-9204-426c-8ab1-4eabf94cc3db;407.34;0.041;SELL
2016-02-17T00:01:02.037000;2016-02-17T00:01:02.067000;808ae5cb-fd61-428e-9993-ab312f11954a;407.34;0.093;SELL
2016-02-17T00:01:02.037000;2016-02-17T00:01:02.083000;fd2c39d3-6859-4910-939f-f201713d0fcd;407.33;0.041;SELL
2016-02-17T00:01:02.037000;2016-02-17T00:01:02.083000;4549c89d-f89b-4d2f-bc3f-1c9bc63ad94b;407.32;0.02134;SELL
2016-02-17T00:01:02.037000;2016-02-17T00:01:02.083000;138da20b-0474-4bd8-88ad-fe65c8012ff7;407.31;0.01;SELL
2016-02-17T00:01:02.037000;2016-02-17T00:01:02.083000;639b3480-1088-4476-87e5-62372cf99f79;407.3;0.01;SELL
2016-02-17T00:01:02.037000;2016-02-17T00:01:02.083000;34ddcf93-56e2-46d3-b45c-4cae3e19f2b1;407.29;0.02;SELL
2016-02-17T00:01:02.037000;2016-02-17T00:01:02.083000;3d7bf957-0d94-404a-ab66-840a90cb9989;407.29;0.075;SELL
2016-02-17T00:01:02.037000;2016-02-17T00:01:02.083000;b17c0c0c-ee4d-48d6-b7c8-dc8490a4566d;407.25;0.09;SELL
2016-02-17T00:01:02.037000;2016-02-17T00:01:02.083000;cd18c60b-ac80-42b2-895f-97e4fb152bb7;407.23;0.01;SELL
2016-02-17T00:01:02.037000;2016-02-17T00:01:02.100000;ce8cb5b1-fee4-4103-9169-efd77ffd00bf;407.22;0.01;SELL
2016-02-17T00:01:02.037000;2016-02-17T00:01:02.100000;799be15a-b3d8-42bd-87d7-55b87543af45;407.21;0.017;SELL
2016-02-17T00:01:02.037000;2016-02-17T00:01:02.130000;f4e90229-d00e-4f64-9e4a-d7286c1450b3;407.21;0.01;SELL
2016-02-17T00:01:02.037000;2016-02-17T00:01:02.130000;3c43e80a-17ab-4a51-a49f-f89c81dcfd69;407.2;0.017;SELL
2016-02-17T00:01:02.037000;2016-02-17T00:01:02.130000;d643eb25-88a2-45dd-a7d1-400afad3a020;407.2;0.086;SELL
2016-02-17T00:01:02.040000;2016-02-17T00:01:02.130000;b3ef2101-092a-4a0c-940f-04deb21dbd73;407.19;0.01;SELL
2016-02-17T00:01:02.040000;2016-02-17T00:01:02.130000;953ee8f1-5063-4ad0-906f-eeba354adadd;407.19;0.017;SELL
2016-02-17T00:01:02.040000;2016-02-17T00:01:02.130000;85f0d98e-bb63-4c60-9730-2207312d3cb1;407.18;0.01;SELL
2016-02-17T00:01:02.040000;2016-02-17T00:01:02.130000;ae314c66-aac5-4e5f-bcba-79cd859bcdcf;407.17;0.01;SELL
2016-02-17T00:01:02.040000;2016-02-17T00:01:02.130000;99958ebd-62f3-4969-a578-ebef853f3104;407.15;0.01;SELL
2016-02-17T00:01:02.040000;2016-02-17T00:01:02.147000;0a5e0b75-ac1d-4e90-b63f-087f1e0077e7;407.15;0.098;SELL
2016-02-17T00:01:02.040000;2016-02-17T00:01:02.147000;29ab9744-5cbe-457a-8dcd-d17a2e832eeb;407.14;0.01;SELL
2016-02-17T00:01:02.040000;2016-02-17T00:01:02.147000;9034ac82-a86c-4b7b-b810-08ffa164b6af;407.14;0.01;SELL
2016-02-17T00:01:02.040000;2016-02-17T00:01:02.147000;d95d654e-a713-4f76-98ac-da69f0f0a13f;407.13;0.01;SELL
2016-02-17T00:01:02.040000;2016-02-17T00:01:02.147000;7da2ceff-525e-4731-a8a1-a82b2ee11329;407.13;0.34;SELL
2016-02-17T00:01:02.040000;2016-02-17T00:01:02.147000;bf6dff71-88f2-4ab8-8a05-93e804fe3638;407.12;0.01;SELL
2016-02-17T00:01:02.040000;2016-02-17T00:01:02.147000;b9d29eb3-1a0e-4270-9058-a9a3e0b0c63a;407.12;0.51;SELL
2016-02-17T00:01:02.040000;2016-02-17T00:01:02.147000;46f370fc-8a15-484f-990f-2cc106c1c589;407.11;0.01;SELL
2016-02-17T00:01:02.040000;2016-02-17T00:01:02.147000;22517632-3f13-460e-b951-61795b0625c8;407.11;0.05353;SELL
2016-02-17T00:01:32.017000;2016-02-17T00:01:32.037000;f579f583-77a3-4c9b-8356-03791c63a629;407.24;0.04434;BUY
2016-02-17T00:01:32.017000;2016-02-17T00:01:32.053000;fb759a35-d7e1-4ef4-bbf9-e86285a1d524;407.25;0.01;BUY
2016-02-17T00:01:32.017000;2016-02-17T00:01:32.053000;d93634d5-d370-4cd1-819e-35fd4b4a1520;407.26;0.01;BUY
2016-02-17T00:01:32.017000;2016-02-17T00:01:32.053000;164584d5-cdb8-4e8f-a738-8604cd24db94;407.27;0.01;BUY
2016-02-17T00:01:32.017000;2016-02-17T00:01:32.053000;1d6b456a-90d1-4eaf-bab4-63a9eec11b69;407.28;0.01;BUY
2016-02-17T00:01:32.017000;2016-02-17T00:01:32.147000;eaeaf397-b55d-4c82-8b25-1419b807b90a;407.29;0.01;BUY
2016-02-17T00:01:32.017000;2016-02-17T00:01:32.147000;e7381db9-f554-44b7-803f-32d7a7211b74;407.3;0.01;BUY
2016-02-17T00:01:32.017000;2016-02-17T00:01:32.147000;d6789067-20e2-4472-8682-f6b0df3ca06d;407.31;0.01;BUY
2016-02-17T00:01:32.017000;2016-02-17T00:01:32.147000;615dd8a1-451b-400a-b46a-0c3615c213d4;407.32;0.01;BUY
2016-02-17T00:01:32.017000;2016-02-17T00:01:32.147000;c80bcecf-90fb-46e5-a385-6db29e57d725;407.33;0.01;BUY
2016-02-17T00:01:32.017000;2016-02-17T00:01:32.147000;aa7b5b5f-d573-4dde-abdc-51e0475c4bcc;407.34;0.01;BUY
2016-02-17T00:01:32.017000;2016-02-17T00:01:32.147000;1ee2138f-124a-45d5-b95a-49c020ee2ad7;407.35;0.01;BUY
2016-02-17T00:01:32.020000;2016-02-17T00:01:32.147000;6eb9ee06-2054-4e89-9505-3e15a67941e1;407.36;0.04615806;BUY
2016-02-17T00:01:32.020000;2016-02-17T00:01:32.147000;0ba2c96d-bb84-4bea-ae62-419784b78121;407.36;0.083;BUY
2016-02-17T00:01:32.020000;2016-02-17T00:01:32.147000;6f74aa91-3048-4c44-8da7-fbcae3509230;407.37;0.01681554;BUY
2016-02-17T00:01:32.020000;2016-02-17T00:01:32.147000;e6288435-1547-4d17-95f4-f4c7c56299a4;407.38;0.21;BUY
2016-02-17T00:01:32.020000;2016-02-17T00:01:32.147000;019ae08e-9ade-4cf0-ac39-13e1ef9232ab;407.39;1.02;BUY
2016-02-17T00:01:32.020000;2016-02-17T00:01:32.147000;9d604841-6d64-4c2e-9713-5ce116955fa9;407.4;0.0226;BUY
2016-02-17T00:01:32.020000;2016-02-17T00:01:32.147000;0935b5e1-a07f-41b7-b905-19671e123267;407.4;0.1617164;BUY
2016-02-17T00:01:42.323000;2016-02-17T00:01:42.350000;b9484f1b-79a8-40e4-878e-2a40e1b1160c;407.34;0.01;BUY
2016-02-17T00:01:42.323000;2016-02-17T00:01:42.363000;63c89f70-a6a3-45a2-b846-318cd7bc4dfe;407.35;0.01;BUY
2016-02-17T00:01:42.323000;2016-02-17T00:01:42.363000;750caa2f-d80c-4bbe-9252-95fb28d55f5b;407.36;0.01;BUY
2016-02-17T00:01:42.323000;2016-02-17T00:01:42.363000;5da48083-8d32-4430-bc1b-1f24bf07a8e1;407.37;0.01;BUY
2016-02-17T00:01:42.323000;2016-02-17T00:01:42.363000;54154c8c-17ce-488c-8481-dd42cf2fcf44;407.37;0.25;BUY
2016-02-17T00:01:42.323000;2016-02-17T00:01:42.363000;4d848b11-1af3-461c-8bba-5caa1aab874f;407.38;0.024927;BUY
2016-02-17T00:01:42.323000;2016-02-17T00:01:42.363000;f6d79475-36a0-40da-936f-bc657b3aced4;407.39;0.01;BUY
2016-02-17T00:01:42.323000;2016-02-17T00:01:42.363000;4567cc92-3158-485c-804c-e4167f1fa34b;407.4;0.100623;BUY
2016-02-17T00:01:42.333000;2016-02-17T00:01:42.380000;668b428f-c015-4fad-b1a4-a5cd1277c569;407.4;0.020377;BUY
2016-02-17T00:01:42.337000;2016-02-17T00:01:42.380000;8c7af30d-7275-4533-b401-edc1588822ec;407.42;1.304073;BUY
2016-02-17T00:01:42.343000;2016-02-17T00:01:42.380000;7e018933-a0a3-4d08-a777-ee8dd8cccb99;407.42;0.565927;BUY
2016-02-17T00:01:42.343000;2016-02-17T00:01:42.380000;ffed3a41-7db5-4c74-a70e-73ba6c6b6ad0;407.43;0.0298156;BUY
2016-02-17T00:01:42.343000;2016-02-17T00:01:42.397000;bc9ad31a-4777-458f-95c2-beecd10941d1;407.43;2.55;BUY
2016-02-17T00:01:42.343000;2016-02-17T00:01:42.397000;2a47c3ce-e3e3-43dd-b7c5-fe8a4bb90495;407.44;0.02;BUY
2016-02-17T00:01:42.343000;2016-02-17T00:01:42.397000;7df02035-aa3b-43e8-a2e9-87855952d045;407.44;0.05;BUY
2016-02-17T00:01:42.343000;2016-02-17T00:01:42.397000;5f8b65b9-8edf-448b-8154-038a244c2d30;407.44;0.05;BUY
2016-02-17T00:01:42.343000;2016-02-17T00:01:42.397000;f134b7f7-6d22-4438-8214-9a5673e8e1d3;407.44;0.2342574;BUY
2016-02-17T00:02:32.000000;2016-02-17T00:02:32.020000;148438df-7e84-4712-993b-08dfd59743fe;407.36;0.34;BUY
2016-02-17T00:02:32.000000;2016-02-17T00:02:32.020000;b9f05bc4-00cc-42a8-a9f7-afa8396de9a4;407.36;0.137;BUY
2016-02-17T00:02:32.000000;2016-02-17T00:02:32.037000;91866d19-f050-47c0-abd7-ba6cec29c4be;407.37;0.020879;BUY
2016-02-17T00:02:32.000000;2016-02-17T00:02:32.037000;557f21f9-61e7-4b7d-9842-f8657d576bcb;407.37;1.53;BUY
2016-02-17T00:02:32.000000;2016-02-17T00:02:32.067000;47e055f8-e9b3-494d-b684-f224f8571340;407.38;0.02251;BUY
2016-02-17T00:02:32.000000;2016-02-17T00:02:32.067000;8baf24fe-5662-4b5d-9fb7-3da2c6dfc9fd;407.38;2.96;BUY
2016-02-17T00:02:32.000000;2016-02-17T00:02:32.067000;e6c60b67-2fc9-4d84-9b5c-a6c60c0fdbaf;407.39;0.0243149;BUY
2016-02-17T00:02:32.000000;2016-02-17T00:02:32.067000;f1468a4c-609f-48a8-97ff-ae1f07cf12bc;407.4;0.024296;BUY
2016-02-17T00:02:32.000000;2016-02-17T00:02:32.067000;d9a6b907-eacf-4bf0-80d9-8569e418060d;407.4;0.2270501;BUY
2016-02-17T00:04:02.880000;2016-02-17T00:04:02.920000;c5720327-84a2-4256-bd2d-0baf09b6a4fa;407.37;0.01;BUY
2016-02-17T00:04:02.880000;2016-02-17T00:04:02.920000;d5c85f76-5b98-4e8b-9df3-a97927fc2c4c;407.38;0.03;BUY
2016-02-17T00:04:02.880000;2016-02-17T00:04:02.920000;e129952c-ffe9-42ee-a1d5-70eaf80332a0;407.39;0.01749054;BUY
2016-02-17T00:04:02.880000;2016-02-17T00:04:02.933000;eecde49d-4d93-4dc5-9242-96a57138d7cd;407.4;0.02542689;BUY
2016-02-17T00:04:02.880000;2016-02-17T00:04:02.950000;2b8d5fbe-2015-4feb-b3f1-a764547e1c6f;407.41;0.085;BUY
2016-02-17T00:04:02.880000;2016-02-17T00:04:02.950000;ea5f7364-0690-40b6-a4eb-36080c73b3f8;407.42;0.015588;BUY
2016-02-17T00:04:02.880000;2016-02-17T00:04:02.950000;df8a4ee6-f98a-46ba-a774-4682933d7be8;407.42;0.071;BUY
2016-02-17T00:04:02.880000;2016-02-17T00:04:02.950000;245920ca-79eb-47fc-9520-51ac8474a640;407.43;0.01810666;BUY
2016-02-17T00:04:02.880000;2016-02-17T00:04:02.950000;aa00a80a-1ef5-4493-a718-46f5a7452888;407.44;0.68;BUY
2016-02-17T00:04:02.880000;2016-02-17T00:04:02.950000;977489f0-92fd-4572-bf5e-731ae39ad511;407.45;0.26695007;BUY
2016-02-17T00:04:02.883000;2016-02-17T00:04:02.950000;eb9fa80e-abba-4ed2-ae8c-3b4fe1e3a5d9;407.45;0.74587784;BUY
2016-02-17T00:04:35.540000;2016-02-17T00:04:35.577000;49658046-7279-4f1a-ab7e-172b53dbbf1b;407.46;0.016;BUY
2016-02-17T00:04:35.543000;2016-02-17T00:04:35.590000;ef3c16bd-65b4-4bd6-8b72-d645e49c4fce;407.46;0.075;BUY
2016-02-17T00:04:35.543000;2016-02-17T00:04:35.590000;effe5066-ef10-4445-ac03-424b02153c9f;407.46;0.09;BUY
2016-02-17T00:04:35.543000;2016-02-17T00:04:35.590000;ba9a6ab6-2825-4e39-ab1f-92ae55b16260;407.47;0.016;BUY
2016-02-17T00:04:35.543000;2016-02-17T00:04:35.590000;546ca1bd-fb48-4fc0-abde-e7ba2c0fcb5a;407.47;0.072;BUY
2016-02-17T00:04:35.543000;2016-02-17T00:04:35.607000;d398df4f-a593-428d-a4cb-24745089209f;407.47;0.075;BUY
2016-02-17T00:04:35.543000;2016-02-17T00:04:35.607000;0c995a59-c810-4309-9134-d70e10147fad;407.48;0.14062;BUY
2016-02-17T00:04:59.323000;2016-02-17T00:04:59.373000;51163165-1581-4d02-9396-7ef6fdf860f9;407.47;0.01952;BUY
2016-02-17T00:04:59.330000;2016-02-17T00:04:59.373000;69a658d8-f1d8-4dfe-9c06-40c47b86266b;407.47;0.0118;BUY
2016-02-17T00:05:02.437000;2016-02-17T00:05:02.467000;3e9b4230-d424-4a15-a932-5bad32d05d37;407.47;0.27409;BUY
2016-02-17T00:05:32.353000;2016-02-17T00:05:32.387000;e53d9710-5f0d-470b-a0c9-8637518a2fd2;407.47;0.09238;BUY
2016-02-17T00:06:02.790000;2016-02-17T00:06:02.827000;e15dc1ea-3e3d-4dd3-93d4-347f8b08badc;407.46;0.032;SELL
2016-02-17T00:06:02.790000;2016-02-17T00:06:02.840000;f4af48bb-d741-400c-9af2-328ebd4aaa1e;407.45;0.033;SELL
2016-02-17T00:06:02.790000;2016-02-17T00:06:02.840000;82658241-dd57-4535-a659-45b97c0ed58a;407.44;0.031;SELL
2016-02-17T00:06:02.790000;2016-02-17T00:06:02.840000;0ad8ad0b-e6e4-4ca0-825a-9985f6fb1f51;407.43;0.0239;SELL
2016-02-17T00:06:06.873000;2016-02-17T00:06:06.920000;a868bb2c-2969-47a0-8201-cd4bfca65e4a;407.44;0.22032596;BUY
2016-02-17T00:06:30.813000;2016-02-17T00:06:30.840000;e3f84322-486f-4cf7-9096-2cc49e09193f;407.43;0.0071;SELL
2016-02-17T00:06:30.813000;2016-02-17T00:06:30.857000;e1444ee0-a804-427d-9703-cbb44b5172b5;407.42;0.031;SELL
2016-02-17T00:06:30.813000;2016-02-17T00:06:30.857000;30d49215-675b-4216-a3ba-ddc1cbcd64bc;407.41;0.01;SELL
2016-02-17T00:06:30.813000;2016-02-17T00:06:30.857000;fa2ffa4e-1fe3-4521-b51c-4fb28d7a8b0e;407.4;0.0019;SELL
2016-02-17T00:07:02.190000;2016-02-17T00:07:02.217000;99420c12-78d8-42c0-9b92-3dc5eacf8654;407.42;0.592;BUY
2016-02-17T00:07:02.190000;2016-02-17T00:07:02.233000;68cbb8f8-22c3-4750-88b7-7580c1a66b24;407.43;0.663;BUY
2016-02-17T00:07:02.190000;2016-02-17T00:07:02.233000;909b11cd-0f7a-42f9-8b19-e63a8f9d8aa9;407.43;0.4819;BUY
2016-02-17T00:07:02.190000;2016-02-17T00:07:02.233000;64b5f09a-d604-4585-a2d2-46965e18969b;407.44;0.544;BUY
2016-02-17T00:07:02.193000;2016-02-17T00:07:02.233000;1d7515c1-5bce-4000-9c0e-ff87faac750b;407.45;0.30578;BUY
2016-02-17T00:07:36.597000;2016-02-17T00:07:36.623000;6b4a981b-925e-4c7d-bd0a-e04a87ab5d9b;407.45;0.5;BUY
2016-02-17T00:07:36.597000;2016-02-17T00:07:36.637000;9babbdd3-e686-4fca-99c6-fca4d8520447;407.48;0.06639;BUY
2016-02-17T00:08:02.230000;2016-02-17T00:08:02.263000;1e64fd80-7bbe-4090-9181-a2564251ceb1;407.46;0.44306;BUY
2016-02-17T00:08:13.977000;2016-02-17T00:08:13.997000;1ca82a58-e03d-41d5-8b7d-01c45628f9e9;407.47;0.02078385;BUY
2016-02-17T00:08:13.977000;2016-02-17T00:08:14.013000;163b5429-3e8e-4257-b0cf-ff594767197f;407.47;0.211;BUY
2016-02-17T00:08:13.977000;2016-02-17T00:08:14.013000;587ca968-da69-45a9-95f0-e5d96a7390a8;407.48;0.24736402;BUY
2016-02-17T00:08:30.667000;2016-02-17T00:08:30.683000;23f5e004-0b87-4fe6-abd5-1879e508a50e;407.47;0.351;BUY
2016-02-17T00:08:30.667000;2016-02-17T00:08:30.717000;36183c6b-869f-4ddf-9d56-def16474177a;407.48;0.67562598;BUY
2016-02-17T00:08:30.667000;2016-02-17T00:08:30.717000;11bf603a-54d5-40e6-b3c3-c50f63c477fe;407.49;0.02;BUY
2016-02-17T00:08:30.667000;2016-02-17T00:08:30.717000;2b6e4805-4c8c-4cde-996c-973503c390cc;407.5;4.13707402;BUY
2016-02-17T00:08:32.317000;2016-02-17T00:08:32.340000;5462ba54-1db1-4aa0-8241-a338098249f3;407.49;0.50415;BUY
2016-02-17T00:09:02.980000;2016-02-17T00:09:02.997000;6bd2171c-5712-404a-ab15-193fe417da77;407.47;0.024;SELL
2016-02-17T00:09:02.983000;2016-02-17T00:09:03.030000;c45ac01d-ee76-40cf-ac82-827671bdaf3b;407.46;0.024;SELL
2016-02-17T00:09:02.983000;2016-02-17T00:09:03.030000;4860a03a-d248-4020-add7-380a96d1cc9e;407.45;0.0006;SELL
2016-02-17T00:09:33.657000;2016-02-17T00:09:33.683000;447844f1-9385-4e12-906e-d41b58a9adf9;407.49;0.01951;BUY
2016-02-17T00:09:33.657000;2016-02-17T00:09:33.683000;a5944165-1d89-4a20-995e-66761939e4e8;407.5;0.29664033;BUY
2016-02-17T00:09:33.657000;2016-02-17T00:09:33.700000;33e58f05-7388-4025-9810-a9e708e802ee;407.5;0.1;BUY
2016-02-17T00:09:33.657000;2016-02-17T00:09:33.700000;5b2053e1-91bc-4d22-9322-f1295fc96e05;407.5;0.1;BUY
2016-02-17T00:09:33.657000;2016-02-17T00:09:33.700000;acb0f434-2f9d-4e30-b903-7558441d2fa0;407.5;0.01;BUY
2016-02-17T00:09:33.657000;2016-02-17T00:09:33.780000;6ef8ad8a-2a22-49fc-a45c-c62b896b4611;407.5;0.05;BUY
2016-02-17T00:09:33.657000;2016-02-17T00:09:33.780000;a9ee48fd-e6c2-4a64-b153-855759c20150;407.5;0.0115784;BUY
2016-02-17T00:09:33.657000;2016-02-17T00:09:33.780000;507cc207-8286-4ecc-8a57-d7c9afc9ebe0;407.5;10.49492127;BUY
2016-02-17T00:09:38.580000;2016-02-17T00:09:38.607000;ae1c4ddf-ce72-484c-9dc5-3b9b655cbb7c;407.5;0.532822;BUY
2016-02-17T00:09:38.597000;2016-02-17T00:09:38.623000;883175e1-d9a4-4767-b5db-9c56175b407f;407.5;0.017178;BUY
2016-02-17T00:10:02.523000;2016-02-17T00:10:02.543000;80253c3e-389c-4ffb-9549-231a23e18d8c;407.49;0.022;SELL
2016-02-17T00:10:02.527000;2016-02-17T00:10:02.577000;12bf3cd9-bbd7-4d18-91ac-ad4f26a67fea;407.48;0.022;SELL
2016-02-17T00:10:02.527000;2016-02-17T00:10:02.577000;7efb96f1-aa14-4f7c-9d95-3ab5fae83e4f;407.47;0.022;SELL
2016-02-17T00:10:02.527000;2016-02-17T00:10:02.577000;3ad43050-553e-42d4-8fdc-0ce6a0c6c107;407.46;0.022;SELL
2016-02-17T00:10:02.527000;2016-02-17T00:10:02.577000;d928871b-4af4-4bdb-a0d7-63a1360fed36;407.46;0.2;SELL
2016-02-17T00:10:02.527000;2016-02-17T00:10:02.577000;ada5cb35-6e3f-48a2-96d7-ea7725a90a08;407.45;0.0244;SELL
2016-02-17T00:10:02.527000;2016-02-17T00:10:02.590000;6c339674-399e-46a2-86ab-b8fc55878fae;407.45;0.092;SELL
2016-02-17T00:10:02.527000;2016-02-17T00:10:02.590000;b8b343b7-5847-41c3-aa64-31812a9fba43;407.44;0.026;SELL
2016-02-17T00:10:02.527000;2016-02-17T00:10:02.590000;90a0da93-d725-4aae-8008-04fae37474fd;407.44;0.02;SELL
2016-02-17T00:10:02.527000;2016-02-17T00:10:02.607000;a6be19c4-64fa-4fed-8b3e-4a9353271fa3;407.44;0.094;SELL
2016-02-17T00:10:02.527000;2016-02-17T00:10:02.623000;4710b7e3-8a2c-4ce7-af8b-2c5082291fb6;407.43;0.026;SELL
2016-02-17T00:10:02.527000;2016-02-17T00:10:02.623000;678c474b-eda6-4192-937d-57a080abab32;407.43;0.095;SELL
2016-02-17T00:10:02.527000;2016-02-17T00:10:02.623000;2c38aa77-0868-4c0c-8cd1-19c07f952a1c;407.42;0.027;SELL
2016-02-17T00:10:02.527000;2016-02-17T00:10:02.623000;d5f0d499-32e4-4e38-ae1f-6a3130eba42a;407.42;0.111;SELL
2016-02-17T00:10:02.527000;2016-02-17T00:10:02.623000;acfeb122-477b-470d-b09c-6818590a8a15;407.41;0.028;SELL
2016-02-17T00:10:02.527000;2016-02-17T00:10:02.623000;4aef42d8-9fb2-4958-838b-377567c7fc77;407.4;0.0301;SELL
2016-02-17T00:10:02.527000;2016-02-17T00:10:02.623000;de1ced88-6d9c-482b-8256-43b7c05322d8;407.4;0.01;SELL
2016-02-17T00:10:02.527000;2016-02-17T00:10:02.623000;4d6450a9-97af-401a-a4b1-e7953e460273;407.39;0.032;SELL
2016-02-17T00:10:02.527000;2016-02-17T00:10:02.623000;65ee299b-346c-43e2-95f5-4f5b26bbdc80;407.39;0.02;SELL
2016-02-17T00:10:02.527000;2016-02-17T00:10:02.623000;0f356793-d545-47c0-ada9-d7954450c4a9;407.38;0.032;SELL
2016-02-17T00:10:02.527000;2016-02-17T00:10:02.623000;0c107e11-c33e-4b9a-b89a-bd822aa093e6;407.37;0.01;SELL
2016-02-17T00:10:02.527000;2016-02-17T00:10:02.623000;65d97a4e-9e1e-4921-8c33-33bf6ee5098c;407.37;0.113;SELL
2016-02-17T00:10:02.527000;2016-02-17T00:10:02.623000;9451a24e-2ce2-467a-9667-b759fed0c205;407.36;0.01;SELL
2016-02-17T00:10:02.527000;2016-02-17T00:10:02.623000;ea8ad171-73b7-4ea2-ad6c-151902c800d5;407.36;0.02238588;SELL
2016-02-17T00:10:02.530000;2016-02-17T00:10:02.637000;db5ec73a-d021-48e4-a2aa-74643e4cb0fe;407.35;0.037;SELL
2016-02-17T00:10:02.530000;2016-02-17T00:10:02.637000;078f23f5-4e52-4b23-b75a-c72353fde13d;407.34;0.039;SELL
2016-02-17T00:10:02.530000;2016-02-17T00:10:02.637000;b3dbfb1c-5416-45f0-b31e-d353c8ee200e;407.33;0.039;SELL
2016-02-17T00:10:02.530000;2016-02-17T00:10:02.637000;e97655a9-bc5e-43b2-b6d2-c17e3c052e02;407.32;0.039;SELL
2016-02-17T00:10:02.530000;2016-02-17T00:10:02.637000;bbb07488-3054-44c4-90cb-b21f2df8867b;407.32;0.11;SELL
2016-02-17T00:10:02.530000;2016-02-17T00:10:02.637000;e9e9c794-e38e-4257-97bf-97a7303e52ef;407.31;0.01;SELL
2016-02-17T00:10:02.530000;2016-02-17T00:10:02.637000;4987f924-a6e2-47dc-b958-dc59697b0314;407.31;0.01;SELL
2016-02-17T00:10:02.530000;2016-02-17T00:10:02.637000;53e8543a-7f35-4f75-a11c-6d7ad969c26c;407.3;0.01;SELL
2016-02-17T00:10:02.530000;2016-02-17T00:10:02.637000;3ac6913f-1722-4a3b-985b-4b363d69688d;407.29;0.01;SELL
2016-02-17T00:10:02.530000;2016-02-17T00:10:02.653000;d272145c-885b-43c5-ba49-93a3c15d9ca2;407.28;0.01;SELL
2016-02-17T00:10:02.530000;2016-02-17T00:10:02.653000;cc0258d6-bcb1-466d-b9ca-7777d928f17b;407.27;0.01;SELL
2016-02-17T00:10:02.530000;2016-02-17T00:10:02.653000;37021018-daad-43c6-8c1e-40b0583203fd;407.27;0.078;SELL
2016-02-17T00:10:02.530000;2016-02-17T00:10:02.653000;a468cced-4914-4a48-8005-0017538964ca;407.26;0.038;SELL
2016-02-17T00:10:02.530000;2016-02-17T00:10:02.653000;122b00ad-9403-4a94-9c6e-0e72edcb05cb;407.25;0.038;SELL
2016-02-17T00:10:02.530000;2016-02-17T00:10:02.653000;ebd02f0e-8a19-4b1e-9ff9-88b4c3c1d2e1;407.25;0.01;SELL
2016-02-17T00:10:02.530000;2016-02-17T00:10:02.653000;650b0b31-395e-48e9-81e6-05a3d8e096b5;407.25;0.0115;SELL
2016-02-17T00:10:02.530000;2016-02-17T00:10:02.670000;5530de7a-f253-4646-996a-189c01b4cfda;407.24;0.01;SELL
2016-02-17T00:10:02.530000;2016-02-17T00:10:02.683000;4d7347e5-768a-467c-8d8b-1c14c5bdf658;407.24;0.039;SELL
2016-02-17T00:10:02.530000;2016-02-17T00:10:02.683000;025bbf5b-9504-4930-84e7-9506741f2687;407.23;0.04;SELL
2016-02-17T00:10:02.530000;2016-02-17T00:10:02.683000;db8e88ce-544e-4975-b2a9-b3cd0c7ac31a;407.23;0.55808412;SELL
2016-02-17T00:10:03.430000;2016-02-17T00:10:03.467000;0781938c-608a-4d5c-8134-eaec395441a4;407.49;0.01;BUY
2016-02-17T00:10:03.430000;2016-02-17T00:10:03.467000;027e71ae-8e06-421d-af12-10e1255a4b4e;407.5;0.0271;BUY
2016-02-17T00:10:30.727000;2016-02-17T00:10:30.747000;741fe210-0134-4f4f-b8c3-0e90ecbc8125;407.41;0.021;SELL
2016-02-17T00:10:30.727000;2016-02-17T00:10:30.763000;0c5124eb-5ef5-4933-992c-dc36d9e06812;407.41;0.12357629;SELL
2016-02-17T00:10:30.727000;2016-02-17T00:10:30.763000;7d8f7303-bcbe-4f8f-be45-5af1eae91edd;407.4;0.021;SELL
2016-02-17T00:10:30.727000;2016-02-17T00:10:30.763000;43dc9055-839c-49cd-886a-8cdb8b3e11ae;407.39;0.021;SELL
2016-02-17T00:10:30.727000;2016-02-17T00:10:30.763000;2c951014-50d8-40c3-9edf-45760a233a8e;407.39;0.109;SELL
2016-02-17T00:10:30.727000;2016-02-17T00:10:30.763000;ceedca7f-4e5f-4aec-91fc-064a19812feb;407.38;0.01;SELL
2016-02-17T00:10:30.727000;2016-02-17T00:10:30.780000;c485591f-5023-4f9d-8467-4b367d9459ad;407.34;0.127;SELL
2016-02-17T00:10:30.730000;2016-02-17T00:10:30.793000;3578989b-cdb4-45cf-964d-b1501a7b9add;407.31;0.104;SELL
2016-02-17T00:10:30.730000;2016-02-17T00:10:30.793000;e70468e7-dde1-4cca-aa52-be08c6782d40;407.29;0.01;SELL
2016-02-17T00:10:30.730000;2016-02-17T00:10:30.793000;d43943ea-2f86-4bde-9f61-585461e84845;407.28;0.01;SELL
2016-02-17T00:10:30.730000;2016-02-17T00:10:30.793000;d8dfc324-af4c-4ac5-960b-b3e0e413de06;407.27;0.01;SELL
2016-02-17T00:10:30.730000;2016-02-17T00:10:30.793000;0f6d9f75-b489-4ec3-8462-1a8ed2e341b0;407.26;0.01;SELL
2016-02-17T00:10:30.730000;2016-02-17T00:10:30.793000;3f543afa-c4b4-4b1f-b767-bddda8105600;407.26;0.084;SELL
2016-02-17T00:10:30.730000;2016-02-17T00:10:30.810000;7e39ef45-a189-450a-a712-6536e9269efe;407.25;0.01;SELL
2016-02-17T00:10:30.730000;2016-02-17T00:10:30.810000;b5160fb2-8345-4458-bb13-46a811894984;407.24;0.01;SELL
2016-02-17T00:10:30.730000;2016-02-17T00:10:30.810000;f967a9d0-cc91-408e-bb3d-d9f02f129eca;407.22;0.04;SELL
2016-02-17T00:10:30.730000;2016-02-17T00:10:30.810000;deef969e-1bd7-4255-8087-dfed3e9d8b65;407.21;0.01;SELL
2016-02-17T00:10:30.730000;2016-02-17T00:10:30.810000;42cd06b0-c7d7-438a-909b-c9d91080da8f;407.21;0.09;SELL
2016-02-17T00:10:30.730000;2016-02-17T00:10:30.827000;6823ef24-5dda-4cba-a567-a45d0d774114;407.2;0.01;SELL
2016-02-17T00:10:30.730000;2016-02-17T00:10:30.827000;b3774a2f-5739-4f77-8c06-8ce918d25263;407.19;0.01;SELL
2016-02-17T00:10:30.730000;2016-02-17T00:10:30.827000;3d922a07-e20e-43eb-82c0-ab552b6bae78;407.18;0.01;SELL
2016-02-17T00:10:30.730000;2016-02-17T00:10:30.827000;76077216-23a8-46c6-9e35-9651f9af0f88;407.17;0.01;SELL
2016-02-17T00:10:30.730000;2016-02-17T00:10:30.827000;288db8dc-c1ec-4b93-8abb-c4f03e928602;407.16;0.01;SELL
2016-02-17T00:10:30.730000;2016-02-17T00:10:30.827000;fd62b544-8fd4-4225-90c7-3677c65943ab;407.16;0.077;SELL
2016-02-17T00:10:30.730000;2016-02-17T00:10:30.827000;ffc72d5d-7824-4e50-bf7e-e6db142db876;407.15;0.01;SELL
2016-02-17T00:10:30.730000;2016-02-17T00:10:30.827000;1f378809-704f-452f-9ee4-f5dd3723d79a;407.14;0.01;SELL
2016-02-17T00:10:30.730000;2016-02-17T00:10:30.840000;008f1eaf-3b63-4666-9925-16ee6b16150b;407.13;0.01;SELL
2016-02-17T00:10:30.730000;2016-02-17T00:10:30.840000;9363eb2e-9205-47bd-8422-1173302711ff;407.12;0.01;SELL
2016-02-17T00:10:30.730000;2016-02-17T00:10:30.840000;643bfd0a-f867-4cfe-a4b6-9797b41bac2f;407.11;0.105;SELL
2016-02-17T00:10:30.733000;2016-02-17T00:10:30.840000;3fe9f022-2a83-4ab6-8c7b-dc21f44c2e17;407.1;0.01;SELL
2016-02-17T00:10:30.733000;2016-02-17T00:10:30.857000;6020adea-4f21-4a30-8d46-dabf5122cf5e;407.08;0.01;SELL
2016-02-17T00:10:30.733000;2016-02-17T00:10:30.857000;d5fb72e2-f308-4505-8b65-77ca60a29498;407.08;0.014;SELL
2016-02-17T00:10:30.733000;2016-02-17T00:10:30.857000;e9ee9315-c480-421b-b63f-d22b7bedf181;407.07;0.014;SELL
2016-02-17T00:10:30.733000;2016-02-17T00:10:30.857000;6b951891-28df-4408-a7fe-b78d187e728f;407.07;0.01;SELL
2016-02-17T00:10:30.733000;2016-02-17T00:10:30.857000;10438342-d2ca-46dd-bdbf-d8f6d6e8e0d7;407.06;0.01;SELL
2016-02-17T00:10:30.733000;2016-02-17T00:10:30.857000;78d4dce3-692e-401d-ad74-0336d5ebde8c;407.06;0.116;SELL
2016-02-17T00:10:30.733000;2016-02-17T00:10:30.857000;8fec8517-a22c-41fe-ad35-5ca0550c71f4;407.02;0.46462744;SELL
2016-02-17T00:10:32.930000;2016-02-17T00:10:32.967000;2e0e4c41-697c-4858-9dcd-d4498755aec0;407.39;0.01;BUY
2016-02-17T00:10:32.930000;2016-02-17T00:10:32.967000;a6a583c5-7a36-41ab-9e90-a7ee7b60657e;407.39;0.12202;BUY
2016-02-17T00:11:02.980000;2016-02-17T00:11:02.997000;73cafc76-3a9c-46aa-8928-e9ed66c8ecfa;407.23;0.019;SELL
2016-02-17T00:11:02.980000;2016-02-17T00:11:03.013000;df230876-da82-4947-ae94-66b2a3d48b7a;407.23;0.089;SELL
2016-02-17T00:11:02.980000;2016-02-17T00:11:03.013000;42326360-540f-4f67-97e4-6b3fed122921;407.22;0.02;SELL
2016-02-17T00:11:02.980000;2016-02-17T00:11:03.013000;f216258d-5944-475b-b852-b6fbe8d8239a;407.21;0.02;SELL
2016-02-17T00:11:02.980000;2016-02-17T00:11:03.013000;58417c47-64cb-4a23-a4f7-b5a1aab65dd9;407.2;0.01;SELL
2016-02-17T00:11:02.980000;2016-02-17T00:11:03.043000;7aa37a85-6dcf-42db-a7fe-423825d3c88a;407.19;0.01;SELL
2016-02-17T00:11:02.983000;2016-02-17T00:11:03.043000;50d2a6d5-5a19-4141-9b75-d69695fe50eb;407.18;0.01;SELL
2016-02-17T00:11:02.983000;2016-02-17T00:11:03.043000;c529a9b2-1797-4ad2-9407-a72e21b80f05;407.18;0.072;SELL
2016-02-17T00:11:02.983000;2016-02-17T00:11:03.043000;b8d64f70-a63e-4164-a6de-b0f609dd79e6;407.17;0.01;SELL
2016-02-17T00:11:02.983000;2016-02-17T00:11:03.043000;f04016d3-37ea-4a86-810c-36d74def4954;407.16;0.01;SELL
2016-02-17T00:11:02.983000;2016-02-17T00:11:03.060000;bc9ee294-7c33-4769-9b5c-9ba38f9e685c;407.15;0.01;SELL
2016-02-17T00:11:02.983000;2016-02-17T00:11:03.060000;0084ed3a-f573-4306-bf59-f0cbdd18d09d;407.14;0.01;SELL
2016-02-17T00:11:02.983000;2016-02-17T00:11:03.060000;866bdb89-f8a9-49a7-aa33-082f8b54ec19;407.14;0.01;SELL
2016-02-17T00:11:02.983000;2016-02-17T00:11:03.060000;3b012b8a-cbcb-435c-b201-c8ebb907233b;407.13;0.01;SELL
2016-02-17T00:11:02.983000;2016-02-17T00:11:03.060000;599af8ec-085c-40cd-b560-bfa5239a6247;407.13;0.129;SELL
2016-02-17T00:11:02.983000;2016-02-17T00:11:03.060000;5e70e0ff-b044-4a8d-831a-e6fc88b562ce;407.12;0.01;SELL
2016-02-17T00:11:02.983000;2016-02-17T00:11:03.060000;d31baad6-1fad-4812-9511-73d163f70203;407.11;0.01;SELL
2016-02-17T00:11:02.983000;2016-02-17T00:11:03.060000;50e17b25-85fd-4b7a-bd86-4dde2b5bb115;407.1;0.01;SELL
2016-02-17T00:11:02.983000;2016-02-17T00:11:03.077000;6497dc8d-4a91-498e-9689-37e49e499e76;407.09;0.01;SELL
2016-02-17T00:11:02.983000;2016-02-17T00:11:03.090000;2ea5c948-08ae-4017-9534-c3311c387f98;407.08;0.01;SELL
2016-02-17T00:11:02.983000;2016-02-17T00:11:03.107000;cff7c13e-5363-4f7b-99f0-6b7ee8b4355c;407.08;0.114;SELL
2016-02-17T00:11:02.983000;2016-02-17T00:11:03.107000;ecae6510-f6e6-49ec-9ed5-8246e6c77c6f;407.07;0.02;SELL
2016-02-17T00:11:02.983000;2016-02-17T00:11:03.107000;3e8c49c4-8198-4f6c-a000-93f5b50c7ead;407.07;0.17;SELL
2016-02-17T00:11:02.987000;2016-02-17T00:11:03.107000;2f5e2442-1df5-4fce-b0ef-f109b1162455;407.06;0.01;SELL
2016-02-17T00:11:02.987000;2016-02-17T00:11:03.107000;53ccf108-ceca-42ad-85a3-5f862ecc1e1d;407.06;0.02;SELL
2016-02-17T00:11:02.987000;2016-02-17T00:11:03.107000;3526fbda-faef-43d9-8524-2cd3828dcbe7;407.06;0.34;SELL
2016-02-17T00:11:02.987000;2016-02-17T00:11:03.107000;098d3919-77a2-4149-b667-29c019965dcb;407.05;0.01;SELL
2016-02-17T00:11:02.987000;2016-02-17T00:11:03.107000;4b882412-cc28-4025-86f4-cfc66e4a9977;407.05;0.02;SELL
2016-02-17T00:11:02.987000;2016-02-17T00:11:03.107000;98bfb2a5-92cd-4e1e-b355-11e1431ad87f;407.05;0.17588;SELL
2016-02-17T00:11:06.847000;2016-02-17T00:11:06.873000;ced96997-d8ab-4b03-9e18-b803616a0e86;407.2;0.01;BUY
2016-02-17T00:11:06.847000;2016-02-17T00:11:06.873000;a9f61dcc-c33a-45dc-a99b-c467df1bf04f;407.21;0.01;BUY
2016-02-17T00:11:06.847000;2016-02-17T00:11:06.873000;411bce87-2ee8-4c28-9bdb-8f59d17cfe81;407.22;0.01;BUY
2016-02-17T00:11:06.847000;2016-02-17T00:11:06.873000;b0dba29c-05be-42e9-acad-7233a6e80026;407.23;0.01;BUY
2016-02-17T00:11:32.200000;2016-02-17T00:11:32.233000;1888c55c-a4f7-417e-8a5c-ca95eda4bc0e;407.24;0.01;BUY
2016-02-17T00:11:32.200000;2016-02-17T00:11:32.233000;d8cbd133-fa89-48a7-a4a1-ba93e986e162;407.24;0.01;BUY
2016-02-17T00:11:32.203000;2016-02-17T00:11:32.247000;bc4bd204-5235-43f7-998c-dedea0ab8059;407.25;0.01;BUY
2016-02-17T00:11:32.203000;2016-02-17T00:11:32.247000;65982124-b8a8-4ae6-a51d-ba6ca807eac3;407.26;0.01;BUY
2016-02-17T00:11:32.203000;2016-02-17T00:11:32.247000;0e32be5e-713b-45d8-acef-c997c438e15e;407.26;0.20067;BUY
2016-02-17T00:12:02.243000;2016-02-17T00:12:02.263000;b4dad878-80e6-4a46-a449-383e1bf855cc;407.26;0.04933;BUY
2016-02-17T00:12:02.243000;2016-02-17T00:12:02.280000;e3fd0267-3e40-4260-a483-7c978e6abf1a;407.27;0.01;BUY
2016-02-17T00:12:02.243000;2016-02-17T00:12:02.280000;d6c5e7b9-07ee-4be0-ab82-83af640b7571;407.28;0.01;BUY
2016-02-17T00:12:02.243000;2016-02-17T00:12:02.280000;dfb20083-daaf-4d60-b608-56f4e056032f;407.29;0.01;BUY
2016-02-17T00:12:02.243000;2016-02-17T00:12:02.293000;a1506337-aab4-4f77-9410-255993e19bd1;407.3;0.01;BUY
2016-02-17T00:12:02.243000;2016-02-17T00:12:02.310000;966e0752-44e5-46ce-8532-b5efdb720e79;407.31;0.01;BUY
2016-02-17T00:12:02.243000;2016-02-17T00:12:02.310000;e306fe88-3d6f-40af-85e3-b16499ec1f36;407.32;0.02453516;BUY
2016-02-17T00:12:02.243000;2016-02-17T00:12:02.310000;f1657b64-811f-4027-8a02-957327d3719d;407.32;0.01;BUY
2016-02-17T00:12:02.243000;2016-02-17T00:12:02.310000;c523facf-157d-4913-a405-112c634a8aee;407.33;0.01;BUY
2016-02-17T00:12:02.243000;2016-02-17T00:12:02.310000;45a0c3c9-fd82-4c73-9dd0-136e04b64d22;407.34;0.01;BUY
2016-02-17T00:12:02.247000;2016-02-17T00:12:02.310000;4df99633-d101-4054-9694-9c8a27ab5ee8;407.35;0.016;BUY
2016-02-17T00:12:02.247000;2016-02-17T00:12:02.310000;591bfb43-2550-48cf-8376-2a52cc515fec;407.36;0.01;BUY
2016-02-17T00:12:02.247000;2016-02-17T00:12:02.310000;a2b0773a-b843-4982-98a1-01341174a505;407.37;0.01;BUY
2016-02-17T00:12:02.247000;2016-02-17T00:12:02.310000;1aac2fb6-f46c-4134-892e-f157e35c1ab8;407.38;0.01;BUY
2016-02-17T00:12:02.247000;2016-02-17T00:12:02.373000;48e6a5ce-50c7-403e-9250-569752d7bcb0;407.39;0.01;BUY
2016-02-17T00:12:02.247000;2016-02-17T00:12:02.373000;b1d34c3c-d9ba-437c-8241-cdbd3e4af37e;407.39;0.17;BUY
2016-02-17T00:12:02.247000;2016-02-17T00:12:02.373000;c90b8c31-d6cb-4e63-a521-be434f7af24b;407.4;0.017475;BUY
2016-02-17T00:12:02.247000;2016-02-17T00:12:02.373000;8e6c4aca-ab65-43e8-8197-70f6d858054d;407.4;0.04216984;BUY
2016-02-17T00:12:31.973000;2016-02-17T00:12:31.997000;b11f3926-ec0b-443c-97c4-7534c5d37fe1;407.34;0.01;BUY
2016-02-17T00:12:31.973000;2016-02-17T00:12:31.997000;61ae2564-df51-47fc-80cd-9c748561d016;407.35;0.01;BUY
2016-02-17T00:12:31.973000;2016-02-17T00:12:32.013000;5773746f-528d-44a9-bc93-fe25c222ffdc;407.35;0.25;BUY
2016-02-17T00:12:31.973000;2016-02-17T00:12:32.013000;510f2ad7-44dd-4679-836f-3ecd71542d10;407.37;0.01;BUY
2016-02-17T00:12:31.973000;2016-02-17T00:12:32.013000;595129a4-2d01-4d20-a337-16b75f4f1525;407.38;0.01;BUY
2016-02-17T00:12:31.973000;2016-02-17T00:12:32.013000;6cbc4b52-c790-4c93-a857-178501ca5c98;407.39;0.01;BUY
2016-02-17T00:12:31.973000;2016-02-17T00:12:32.013000;9cb7a867-cae7-4ac4-ae38-660c03405cec;407.41;0.01;BUY
2016-02-17T00:12:31.973000;2016-02-17T00:12:32.030000;59990d06-b28f-46d6-9862-54ba4a904a3a;407.42;0.01;BUY
2016-02-17T00:12:31.973000;2016-02-17T00:12:32.043000;0557cfa9-0cf8-4721-857c-69cd45d36203;407.42;0.01;BUY
2016-02-17T00:12:31.973000;2016-02-17T00:12:32.043000;bbf58471-d98f-4138-8d83-f994f6abe225;407.42;0.65183;BUY
2016-02-17T00:13:02.687000;2016-02-17T00:13:02.700000;192e961f-679f-4398-99d7-f106739bd850;407.4;0.01;BUY
2016-02-17T00:13:02.690000;2016-02-17T00:13:02.717000;846e0954-2919-46dd-8269-a7cee321be92;407.41;0.01;BUY
2016-02-17T00:13:02.690000;2016-02-17T00:13:02.747000;61a76858-7329-46cd-93e7-f3407942ff4a;407.42;0.01;BUY
2016-02-17T00:13:02.690000;2016-02-17T00:13:02.763000;87dcdcbf-6117-4a85-a4e0-afeab98e722e;407.43;0.01;BUY
2016-02-17T00:13:02.690000;2016-02-17T00:13:02.763000;92cf184c-fa23-4564-b6eb-cc7e9aadfb0e;407.43;0.01;BUY
2016-02-17T00:13:02.690000;2016-02-17T00:13:02.763000;0612b89d-4e8d-4823-91fc-f37cc94d00eb;407.44;0.01;BUY
2016-02-17T00:13:02.690000;2016-02-17T00:13:02.763000;2f52e368-09a9-442b-8c56-72c869683acb;407.45;0.0217;BUY
2016-02-17T00:13:02.690000;2016-02-17T00:13:02.763000;25dbde04-d3a8-4974-bcff-6b6b025c1ab9;407.46;0.01;BUY
2016-02-17T00:13:02.690000;2016-02-17T00:13:02.763000;9b3ad313-f32b-4cb6-9489-06606a16956c;407.47;0.01;BUY
2016-02-17T00:13:02.690000;2016-02-17T00:13:02.763000;f04a9c0f-233f-418f-a9e9-c32177ade6d7;407.47;0.01;BUY
2016-02-17T00:13:02.690000;2016-02-17T00:13:02.763000;40e30fc2-2587-4bd3-a7b6-c985f48cb552;407.47;0.0475;BUY
2016-02-17T00:13:02.690000;2016-02-17T00:13:02.763000;2c935dc8-3239-47dc-a23f-604bb7bd8c69;407.48;0.017083;BUY
2016-02-17T00:13:02.690000;2016-02-17T00:13:02.763000;4ed5700f-4661-4feb-9778-68a23c06da47;407.49;0.01;BUY
2016-02-17T00:13:02.690000;2016-02-17T00:13:02.763000;6bb9929b-0397-44b1-8cfc-883244a65a08;407.49;0.01;BUY
2016-02-17T00:13:02.690000;2016-02-17T00:13:02.763000;31a08498-a7b0-4601-aec7-059e7ee74326;407.5;0.126127;BUY
2016-02-17T00:13:31.863000;2016-02-17T00:13:31.887000;ea0042b2-3317-4a29-add8-ca68651c5440;407.46;0.01;BUY
2016-02-17T00:13:31.863000;2016-02-17T00:13:31.887000;c47d135e-f4c6-4ebb-86d7-d5eaafac19e4;407.47;0.00436;BUY
2016-02-17T00:14:02.350000;2016-02-17T00:14:02.357000;eec4b4dc-f06f-4ebd-a42e-7bffb04bf885;407.47;0.00564;BUY
2016-02-17T00:14:02.353000;2016-02-17T00:14:02.373000;fcd5b05c-39cd-4e3a-985a-c04db2efcea0;407.48;0.01;BUY
2016-02-17T00:14:02.353000;2016-02-17T00:14:02.373000;c69b279e-88a9-4c28-a089-86c7f3d4434f;407.49;0.01;BUY
2016-02-17T00:14:02.353000;2016-02-17T00:14:02.373000;40ef435a-1093-4836-972b-b40cd724cb19;407.5;0.10473;BUY
2016-02-17T00:14:34.013000;2016-02-17T00:14:34.013000;1b56bbe7-5fa6-4655-bf06-0460083f99ae;407.5;3.1853;BUY
2016-02-17T00:15:03.137000;2016-02-17T00:15:03.170000;57832cf0-624d-42f0-b929-2aeb2e3b82fe;407.5;0.31272;BUY
2016-02-17T00:15:08.857000;2016-02-17T00:15:08.887000;a11c705e-d199-4cce-80e4-83ffa0171111;407.5;0.24886523;BUY
2016-02-17T00:15:16.040000;2016-02-17T00:15:16.043000;9b69735f-a732-49ae-8fc9-a95f51123f64;407.5;0.09886523;BUY
2016-02-17T00:15:32.427000;2016-02-17T00:15:32.450000;72bdf419-7034-4164-b290-c1bd5e21c8ee;407.49;0.015;SELL
2016-02-17T00:15:32.427000;2016-02-17T00:15:32.450000;9f779abc-b642-429a-8a80-24146c46d59a;407.48;0.015;SELL
2016-02-17T00:15:32.427000;2016-02-17T00:15:32.467000;892b1ef3-8380-49ec-9ef6-8b82814acc25;407.47;0.015;SELL
2016-02-17T00:15:32.427000;2016-02-17T00:15:32.467000;3db64ef3-1e11-49f5-8913-828aa676980f;407.46;0.016;SELL
2016-02-17T00:15:32.427000;2016-02-17T00:15:32.467000;8080f0a8-1520-4494-9403-e99c794da1b6;407.46;0.13333;SELL
2016-02-17T00:16:02.300000;2016-02-17T00:16:02.310000;4eb1e90a-4028-477d-a5c3-9e8f9258f5b1;407.47;0.1361;BUY
2016-02-17T00:16:32.023000;2016-02-17T00:16:32.030000;d1101214-ddde-41de-b167-d76cd3b99c90;407.49;0.0243;BUY
2016-02-17T00:16:32.023000;2016-02-17T00:16:32.043000;6b415d4e-06ee-428b-8330-69734f5344e9;407.5;21.82563;BUY
2016-02-17T00:17:07.173000;2016-02-17T00:17:07.170000;0ce05fe0-6478-4518-b597-e81e173853fc;407.5;5.00478;BUY
2016-02-17T00:17:32.643000;2016-02-17T00:17:32.640000;a94309e8-7d12-46f3-912f-4b63affd71d0;407.5;0.11359;BUY
2016-02-17T00:17:41.860000;2016-02-17T00:17:41.873000;d9f48406-998f-4ba3-95b2-f77c7718affa;407.5;0.75;BUY
2016-02-17T00:17:41.883000;2016-02-17T00:17:41.890000;71943430-c3c0-4b91-8452-27dfc7b448d2;407.5;0.13725;BUY
2016-02-17T00:17:41.890000;2016-02-17T00:17:41.890000;d1af608d-f181-4c1c-9df4-ea070d01f721;407.5;0.38445;BUY
2016-02-17T00:17:41.903000;2016-02-17T00:17:41.903000;7db4259d-7217-4a37-9694-b47cd5c3f393;407.5;0.1359;BUY
2016-02-17T00:17:41.907000;2016-02-17T00:17:41.903000;3d7261bb-4ba1-4a53-96ef-0a1c3538b535;407.5;0.7319;BUY
2016-02-17T00:17:41.930000;2016-02-17T00:17:41.937000;8895ed30-c7dd-4a0f-a345-47c53aec663b;407.5;0.18;BUY
2016-02-17T00:17:41.957000;2016-02-17T00:17:41.950000;e0d00d6f-8226-4f93-89b1-b96900b2e57c;407.5;0.09077727;BUY
2016-02-17T00:18:02.003000;2016-02-17T00:18:01.997000;e23e61a2-d12c-4324-b030-d0ec927f615e;407.5;0.24594;BUY
2016-02-17T00:18:32.230000;2016-02-17T00:18:32.233000;6ccb732d-1911-41f9-b477-e4e06f4bffde;407.5;3.93329;BUY
2016-02-17T00:19:02.460000;2016-02-17T00:19:02.500000;5d1bac43-2313-41bb-8932-c8b1ec11a84f;407.5;1.317864;BUY
2016-02-17T00:19:02.460000;2016-02-17T00:19:02.530000;ef2fa9e3-d884-4c0f-8a6d-55879b11f243;407.5;2.127506;BUY
2016-02-17T00:19:05.200000;2016-02-17T00:19:05.250000;cd987400-63bf-4a5f-bc4b-cbfbf7beb45a;407.49;0.031;SELL
2016-02-17T00:19:05.200000;2016-02-17T00:19:05.267000;050f51de-07a3-4f4c-8e22-71c8dcfb95eb;407.49;0.02922637;SELL
2016-02-17T00:20:02.230000;2016-02-17T00:20:02.280000;36f6b3fb-fff3-4e3a-a1ab-3e0e3953277e;407.5;0.21502;BUY
2016-02-17T00:20:32.270000;2016-02-17T00:20:32.313000;eb2ef750-7469-4b35-83a5-731cf1e19be5;407.5;2.43009;BUY
2016-02-17T00:21:02.177000;2016-02-17T00:21:02.220000;18f2cccb-55d4-4752-b54a-d2909cf5e00f;407.5;0.227384;BUY
2016-02-17T00:21:02.177000;2016-02-17T00:21:02.233000;d5e0f6a7-2226-4519-b18d-349dbd1a3b07;407.5;0.05;BUY
2016-02-17T00:21:02.177000;2016-02-17T00:21:02.233000;1a862268-f0f2-4d20-84d7-e0de83abbd33;407.5;0.05;BUY
2016-02-17T00:21:02.177000;2016-02-17T00:21:02.233000;98674d78-fbb6-4225-8a64-bff6b8991ebb;407.5;0.27537661;BUY
2016-02-17T00:21:02.177000;2016-02-17T00:21:02.250000;cd742848-cabf-4cf3-9665-07ba8c090ab5;407.5;0.00246939;BUY
2016-02-17T00:21:32.220000;2016-02-17T00:21:32.280000;5fc8b2b0-ebcb-4372-a23f-d9cc08736410;407.5;0.07253061;BUY
2016-02-17T00:21:32.220000;2016-02-17T00:21:32.280000;a760be17-a4e8-4114-914e-79d0d6d2d245;407.5;0.05176939;BUY
2016-02-17T00:22:02.700000;2016-02-17T00:22:02.750000;03656f57-3fc2-4a87-9bcd-26e3fe149a72;407.5;6.94823061;BUY
2016-02-17T00:22:02.700000;2016-02-17T00:22:02.767000;e71d35a5-636d-4605-9782-7a23109cdcc8;407.5;6.34668;BUY
2016-02-17T00:22:02.700000;2016-02-17T00:22:02.767000;2d82b36f-e17d-473e-af02-f29bb1f5b100;407.5;0.01;BUY
2016-02-17T00:22:02.703000;2016-02-17T00:22:02.767000;d7545ecd-0a9b-4281-ac87-f3e31e28417d;407.51;0.03;BUY
2016-02-17T00:22:02.703000;2016-02-17T00:22:02.783000;4840fe71-3ad2-4e81-abb3-e9ec170e3ed3;407.51;0.05;BUY
2016-02-17T00:22:02.703000;2016-02-17T00:22:02.843000;e63608bd-a46a-4ca7-b45c-864a7702661b;407.51;0.05;BUY
2016-02-17T00:22:02.703000;2016-02-17T00:22:02.843000;f2d938db-6bd7-4b8b-9d94-9cd8d3ffed7c;407.51;0.01;BUY
2016-02-17T00:22:02.703000;2016-02-17T00:22:02.843000;a771303d-b1c1-40a1-a3c1-1cbaf63552a5;407.51;0.01;BUY
2016-02-17T00:22:02.703000;2016-02-17T00:22:02.843000;e20ea9a3-3ac1-4145-a2a7-4bb673082c66;407.51;0.05;BUY
2016-02-17T00:22:02.703000;2016-02-17T00:22:02.843000;ca25183e-cc74-4f77-b2f4-e78bee7c726e;407.51;0.05;BUY
2016-02-17T00:22:02.703000;2016-02-17T00:22:02.860000;5a5e83ac-94aa-4438-8a7f-9cae7455e6be;407.51;0.05;BUY
2016-02-17T00:22:02.703000;2016-02-17T00:22:02.860000;f0728eb7-2e84-4a6a-ae82-64a59c8d1186;407.51;0.04450194;BUY
2016-02-17T00:22:02.703000;2016-02-17T00:22:02.860000;7cdccb55-a509-445d-91ba-8fd0cab20bd5;407.52;0.05;BUY
2016-02-17T00:22:02.703000;2016-02-17T00:22:02.860000;5de733aa-2313-484c-b71d-99c005fb6c1a;407.52;0.075;BUY
2016-02-17T00:22:02.703000;2016-02-17T00:22:02.860000;69534132-c8df-4fee-8e63-23a4d7421b33;407.53;0.05;BUY
2016-02-17T00:22:02.703000;2016-02-17T00:22:02.877000;4ef6b8f3-3273-4512-8de9-b240e758010b;407.53;0.05;BUY
2016-02-17T00:22:02.703000;2016-02-17T00:22:02.877000;c870b8de-3604-4564-b046-4cac7fdf047d;407.53;0.05;BUY
2016-02-17T00:22:02.703000;2016-02-17T00:22:02.877000;db60344e-0583-4aa0-9d30-35b3e0a9e070;407.53;0.03275;BUY
2016-02-17T00:22:02.707000;2016-02-17T00:22:02.877000;461f9519-614c-4d37-a69c-08023043d361;407.53;0.05;BUY
2016-02-17T00:22:02.707000;2016-02-17T00:22:02.877000;8d7b0122-50d3-4ffc-b5fa-ea9990336123;407.53;0.05;BUY
2016-02-17T00:22:02.707000;2016-02-17T00:22:02.877000;fa6b8a1e-fd10-4c8d-ad2f-89c898ec4b37;407.53;0.05;BUY
2016-02-17T00:22:02.707000;2016-02-17T00:22:02.877000;269c33a7-8196-4c42-aa37-d95898507914;407.53;0.05;BUY
2016-02-17T00:22:02.707000;2016-02-17T00:22:02.877000;3d2f455b-a88e-4b94-a4ac-d9ff50f52258;407.53;0.05;BUY
2016-02-17T00:22:02.707000;2016-02-17T00:22:02.877000;93ffb4e6-47b0-4c86-82d1-80a90f8bbd78;407.53;0.26695007;BUY
2016-02-17T00:22:02.707000;2016-02-17T00:22:02.877000;700bec54-9042-422b-a75c-1dc468e536fa;407.54;0.05;BUY
2016-02-17T00:22:02.707000;2016-02-17T00:22:02.923000;1617e362-8c58-4c30-9d4b-f530ecc6d06b;407.54;0.05;BUY
2016-02-17T00:22:02.707000;2016-02-17T00:22:02.923000;f251aa77-7dcd-4caf-8bf0-51f6ebd888bf;407.54;0.05;BUY
2016-02-17T00:22:02.707000;2016-02-17T00:22:02.923000;6a5cb6ee-b8ba-4394-b8a5-9e52c0928add;407.54;0.02;BUY
2016-02-17T00:22:02.707000;2016-02-17T00:22:02.923000;c53c9314-725e-4b5b-aefb-b9a4b3d48f50;407.54;0.05;BUY
2016-02-17T00:22:02.707000;2016-02-17T00:22:02.923000;a3fb7a90-f7c2-4910-825b-aa9d7c28a645;407.55;0.05;BUY
2016-02-17T00:22:02.707000;2016-02-17T00:22:02.923000;05b3f1d2-085e-416f-b133-e322e39ed869;407.55;0.05;BUY
2016-02-17T00:22:02.707000;2016-02-17T00:22:02.923000;a4bdc715-b0e3-4f56-a6b9-1bffd2dfdabb;407.55;0.05;BUY
2016-02-17T00:22:02.707000;2016-02-17T00:22:02.923000;db3f17ca-7e01-488f-a973-077c955c73eb;407.55;0.05;BUY
2016-02-17T00:22:02.707000;2016-02-17T00:22:02.923000;c4d7fe2b-120d-4c85-b02c-a462320886fe;407.55;0.05;BUY
2016-02-17T00:22:02.707000;2016-02-17T00:22:02.923000;b6a6bf9e-8821-43a2-8f35-aa3638b884e3;407.55;0.05;BUY
2016-02-17T00:22:02.707000;2016-02-17T00:22:02.923000;49f00c81-89c2-4515-b01f-5736257640d3;407.56;0.01;BUY
2016-02-17T00:22:02.710000;2016-02-17T00:22:02.923000;8237ba8e-9dca-4ecc-b18f-3a44c8bc98df;407.56;0.05;BUY
2016-02-17T00:22:02.710000;2016-02-17T00:22:02.923000;ff1885be-ca87-4592-a496-5fa4f3ddf608;407.56;0.05;BUY
2016-02-17T00:22:02.710000;2016-02-17T00:22:02.923000;2e5e981c-cb9d-40d7-8311-623c9d20821f;407.56;0.05;BUY
2016-02-17T00:22:02.710000;2016-02-17T00:22:02.923000;2e6b84fd-7fd7-4fce-8b15-f0308d8bc89f;407.56;0.05;BUY
2016-02-17T00:22:02.710000;2016-02-17T00:22:02.953000;2f24c9c3-42a8-4a46-8980-836aa11b0c15;407.56;0.05;BUY
2016-02-17T00:22:02.710000;2016-02-17T00:22:02.953000;862b6d8b-2c43-4b15-9721-d9b1993a99e0;407.56;0.05;BUY
2016-02-17T00:22:02.710000;2016-02-17T00:22:02.953000;b98aef27-67aa-4ee0-a060-f6071a622b04;407.56;0.05;BUY
2016-02-17T00:22:02.710000;2016-02-17T00:22:02.953000;7a360e72-ebf3-4870-ae7d-b38b4f3952b9;407.56;0.075;BUY
2016-02-17T00:22:02.710000;2016-02-17T00:22:02.953000;560a2498-d7df-4ec0-ac20-578ec2bfc040;407.57;0.01;BUY
2016-02-17T00:22:02.710000;2016-02-17T00:22:02.953000;49deac3e-e28b-4a21-b01a-698891f69436;407.57;0.05;BUY
2016-02-17T00:22:02.710000;2016-02-17T00:22:02.953000;45d4d5b0-cb0a-4ed1-a441-2043a917142e;407.57;0.05;BUY
2016-02-17T00:22:02.710000;2016-02-17T00:22:02.953000;fcc60add-3aae-41c0-8eab-ecc089a54e55;407.57;0.05;BUY
2016-02-17T00:22:02.710000;2016-02-17T00:22:02.953000;b5ccc475-ad33-4b41-a6f2-13380515c6bd;407.57;0.03;BUY
2016-02-17T00:22:02.710000;2016-02-17T00:22:02.953000;966af82c-c871-4c99-8791-a7ef2c6f9b51;407.57;0.05;BUY
2016-02-17T00:22:02.710000;2016-02-17T00:22:02.953000;29fa547d-4dcc-4df7-8b34-adbfdaf28898;407.57;0.903;BUY
2016-02-17T00:22:02.710000;2016-02-17T00:22:02.983000;4282a435-9e88-458f-872d-191b10589b63;407.58;0.05;BUY
2016-02-17T00:22:02.710000;2016-02-17T00:22:02.983000;c32414bc-ab04-4a8b-b2b4-24d3fd8950f7;407.58;0.05;BUY
2016-02-17T00:22:02.713000;2016-02-17T00:22:02.983000;812eed70-8dd8-4dc3-9fa1-7dc98e423035;407.58;0.05;BUY
2016-02-17T00:22:02.713000;2016-02-17T00:22:02.983000;2e0467fb-b8f0-48ac-a777-8c807579ee07;407.58;0.075;BUY
2016-02-17T00:22:02.713000;2016-02-17T00:22:02.983000;415787e5-6cf5-4732-9148-cf60eee1db00;407.59;0.01;BUY
2016-02-17T00:22:02.713000;2016-02-17T00:22:02.983000;d02743c2-437a-4968-9412-15953d2855d1;407.59;0.02;BUY
2016-02-17T00:22:02.713000;2016-02-17T00:22:02.983000;b6a63a72-fb2c-447b-b567-98e7044c2d00;407.6;0.1;BUY
2016-02-17T00:22:02.713000;2016-02-17T00:22:02.983000;f799e556-2808-42ee-8ba9-f11235293f7b;407.61;0.022249;BUY
2016-02-17T00:22:02.713000;2016-02-17T00:22:02.983000;bad04f60-6d59-49e8-9cf0-81fe49b17594;407.62;0.26695007;BUY
2016-02-17T00:22:02.713000;2016-02-17T00:22:02.983000;6b138f97-f084-4044-9efb-ebced28c54ef;407.62;3.136;BUY
2016-02-17T00:22:02.713000;2016-02-17T00:22:02.983000;b8eb0779-b4e4-4b22-9c5b-4b49d57ea3df;407.63;0.01;BUY
2016-02-17T00:22:02.713000;2016-02-17T00:22:02.983000;28c892dd-ab0a-4fb8-b4ae-fbf7e0afa4d6;407.63;0.884;BUY
2016-02-17T00:22:02.713000;2016-02-17T00:22:02.983000;06980554-66e3-4410-8126-6e62d87e2531;407.64;0.02;BUY
2016-02-17T00:22:02.713000;2016-02-17T00:22:02.983000;1a4134c8-f804-4ed8-84cf-a383f7957833;407.64;0.075;BUY
2016-02-17T00:22:02.713000;2016-02-17T00:22:02.983000;4c6b7ef3-6f35-4007-b9bc-5567c35a558e;407.64;3.119;BUY
2016-02-17T00:22:02.713000;2016-02-17T00:22:03.000000;23975837-94e9-4ced-aa19-95ed1759d5b5;407.65;0.02054097;BUY
2016-02-17T00:22:02.713000;2016-02-17T00:22:03.017000;da090937-60b5-441c-b7f0-67283bea8e60;407.66;0.01;BUY
2016-02-17T00:22:02.713000;2016-02-17T00:22:03.017000;ac64ecad-7a3b-4009-a234-3378878f17e1;407.66;0.016;BUY
2016-02-17T00:22:02.713000;2016-02-17T00:22:03.017000;f08a5e67-144f-46e5-a51c-1e4e29f643d6;407.67;0.01530569;BUY
2016-02-17T00:22:02.713000;2016-02-17T00:22:03.017000;80dfd784-d2b3-43aa-a8ca-8a28050ec664;407.68;0.075;BUY
2016-02-17T00:22:02.717000;2016-02-17T00:22:03.017000;da7d0a34-472c-4652-a16e-9175cb794048;407.68;0.075;BUY
2016-02-17T00:22:02.717000;2016-02-17T00:22:03.017000;86a7c23d-1104-4f4f-bc9e-9880cb91f23e;407.69;0.02;BUY
2016-02-17T00:22:02.717000;2016-02-17T00:22:03.017000;7f9e5483-c570-4bcd-a500-d5514221341e;407.69;0.075;BUY
2016-02-17T00:22:02.717000;2016-02-17T00:22:03.017000;3a654ba5-584d-4afd-91ce-dd879d7d3bb8;407.69;0.14208165;BUY
2016-02-17T00:22:32.387000;2016-02-17T00:22:32.423000;7c06d38b-2fcb-40cc-9152-68007bbb4bd3;407.62;0.075;BUY
2016-02-17T00:22:32.387000;2016-02-17T00:22:32.437000;be2342b7-03c4-4334-8b72-4bfe36ff306b;407.63;0.01;BUY
2016-02-17T00:22:32.387000;2016-02-17T00:22:32.437000;a0853954-163e-4c89-a81c-9a6b0a147978;407.64;0.01;BUY
2016-02-17T00:22:32.390000;2016-02-17T00:22:32.453000;545bc4d1-7468-498d-ae4b-a5a59f1240a0;407.65;0.01;BUY
2016-02-17T00:22:32.390000;2016-02-17T00:22:32.470000;2951229e-8f06-4d20-9a34-c5c7067660bb;407.65;0.077;BUY
2016-02-17T00:22:32.390000;2016-02-17T00:22:32.470000;cc23a9be-0540-4e68-9c76-eef8ba35cb4e;407.66;0.018;BUY
2016-02-17T00:22:32.390000;2016-02-17T00:22:32.470000;e10fb663-a36d-4cf3-8441-e1af9b478ddd;407.67;0.01;BUY
2016-02-17T00:22:32.390000;2016-02-17T00:22:32.470000;c3f58c61-6c4f-4160-99ec-57e1d3d555f0;407.68;0.01;BUY
2016-02-17T00:22:32.390000;2016-02-17T00:22:32.470000;ea202467-f2d1-46f7-8f21-bd6d5a0f28f4;407.69;0.0189155;BUY
2016-02-17T00:22:32.390000;2016-02-17T00:22:32.470000;02d33eb8-680d-427f-9669-824b178298f2;407.7;0.01158702;BUY
2016-02-17T00:22:32.390000;2016-02-17T00:22:32.470000;01c0ab6b-a7e0-4636-84d6-ce73e9d0fc23;407.7;0.103;BUY
2016-02-17T00:22:32.390000;2016-02-17T00:22:32.470000;226d199a-254f-4e37-a74f-38edd58203be;407.71;0.042;BUY
2016-02-17T00:22:32.390000;2016-02-17T00:22:32.470000;6dd25864-f8a0-47c0-a931-6513469ad82d;407.71;0.075;BUY
2016-02-17T00:22:32.390000;2016-02-17T00:22:32.470000;8f47bad2-1738-491c-a099-7b3fcbe7ca42;407.71;0.34144748;BUY
2016-02-17T00:23:32.263000;2016-02-17T00:23:32.297000;0ef1eafe-b9e8-4e06-8b48-ebf754034037;407.64;0.01;SELL
2016-02-17T00:23:32.263000;2016-02-17T00:23:32.313000;c1ddaaa6-6ff3-4bf5-a9e8-abc5acfe2df9;407.62;0.01;SELL
2016-02-17T00:23:32.263000;2016-02-17T00:23:32.313000;f26e058a-682f-4ffe-9290-90d4dc82e7bb;407.61;0.046;SELL
2016-02-17T00:23:32.263000;2016-02-17T00:23:32.313000;f22fda18-061c-4c2f-acd9-5ba7c1bf3d87;407.6;0.046;SELL
2016-02-17T00:23:32.263000;2016-02-17T00:23:32.330000;062db22b-5ca9-45c8-97aa-4cacb6b38a5c;407.59;0.047;SELL
2016-02-17T00:23:32.263000;2016-02-17T00:23:32.407000;5ce276b7-f831-4b09-99a3-34aeba1ff16a;407.57;0.01;SELL
2016-02-17T00:23:32.263000;2016-02-17T00:23:32.407000;bcd57535-f1ce-4fe7-966a-3c55aa203678;407.56;0.01;SELL
2016-02-17T00:23:32.263000;2016-02-17T00:23:32.407000;052c0508-7c9f-4d92-aec8-5b62ee8cc334;407.55;0.01;SELL
2016-02-17T00:23:32.263000;2016-02-17T00:23:32.407000;95cb38ee-e83c-4dab-9a99-8bcec3727867;407.55;0.01;SELL
2016-02-17T00:23:32.263000;2016-02-17T00:23:32.407000;2d90af43-a57c-4557-863c-ebc3ad44e0a0;407.55;0.113;SELL
2016-02-17T00:23:32.263000;2016-02-17T00:23:32.407000;f3aee4ec-7e47-4e89-8128-1fe37d8fd9e5;407.54;0.01;SELL
2016-02-17T00:23:32.263000;2016-02-17T00:23:32.407000;b74b9b29-4131-4601-a601-5a8259029116;407.54;0.02;SELL
2016-02-17T00:23:32.263000;2016-02-17T00:23:32.407000;4c1d2192-2a99-4b2c-8591-5b4faec2bea5;407.52;0.01;SELL
2016-02-17T00:23:32.263000;2016-02-17T00:23:32.407000;edbf0fb5-c75e-43c7-8a25-9f7359f5c4ef;407.5;0.01;SELL
2016-02-17T00:23:32.263000;2016-02-17T00:23:32.407000;ec5961c2-079b-4014-a836-97c944227e9e;407.5;0.129;SELL
2016-02-17T00:23:32.263000;2016-02-17T00:23:32.423000;19f957f1-a7f8-4c80-8e7f-c07aad14c5e3;407.49;0.022;SELL
2016-02-17T00:23:32.267000;2016-02-17T00:23:32.423000;affbbe2c-3c42-4864-9b69-73e2e0ddcca0;407.49;0.02;SELL
2016-02-17T00:23:32.267000;2016-02-17T00:23:32.423000;7491f721-1c9b-4059-b441-f894f841c39d;407.48;0.032;SELL
2016-02-17T00:23:32.267000;2016-02-17T00:23:32.423000;0ff78a17-28cf-40de-94cb-fbad2f3c41c0;407.47;0.032;SELL
2016-02-17T00:23:32.267000;2016-02-17T00:23:32.423000;54f89662-c8db-403f-a707-b849f58aeaad;407.47;6.8675;SELL
2016-02-17T00:24:04.600000;2016-02-17T00:24:04.640000;7b8d2d95-ca5c-485b-b587-67739eb421dd;407.64;0.01;BUY
2016-02-17T00:24:04.600000;2016-02-17T00:24:04.657000;c3c6c2a9-3734-4c37-a487-a4f6eafa0b45;407.65;0.02718;BUY
2016-02-17T00:24:04.600000;2016-02-17T00:24:04.657000;7b6c8e63-a539-4af2-822f-fcc201785471;407.66;0.02842;BUY
2016-02-17T00:24:04.600000;2016-02-17T00:24:04.657000;5509eba8-ebd7-48d4-82c0-83b3e68024bc;407.67;0.0223;BUY
2016-02-17T00:24:04.603000;2016-02-17T00:24:04.673000;9379bb02-f5ef-499f-9958-28cee1075338;407.68;0.02302705;BUY
2016-02-17T00:24:04.603000;2016-02-17T00:24:04.673000;7f630c43-50b8-46af-a78e-c9f5d4c7854c;407.69;0.021834;BUY
2016-02-17T00:24:04.603000;2016-02-17T00:24:04.673000;49994a73-38ea-4ade-b1e5-e5605673f87a;407.69;0.09;BUY
2016-02-17T00:24:04.603000;2016-02-17T00:24:04.673000;2db8cdf3-d2ac-4291-a72e-48d4cdb10ed9;407.7;0.061;BUY
2016-02-17T00:24:04.603000;2016-02-17T00:24:04.673000;3fbf23ba-db5c-4439-9497-cb7ef8f9ae0d;407.71;0.02044781;BUY
2016-02-17T00:24:04.603000;2016-02-17T00:24:04.687000;8f45692d-d3c2-426c-ba1f-f2ccb634e658;407.72;0.075;BUY
2016-02-17T00:24:04.603000;2016-02-17T00:24:04.687000;c8074a68-51c3-433f-a541-e196b1898133;407.72;0.031;BUY
2016-02-17T00:24:04.603000;2016-02-17T00:24:04.687000;53a63790-4fa3-4eec-9af4-18b1eecb5eb4;407.72;0.64798114;BUY
2016-02-17T00:24:38.377000;2016-02-17T00:24:38.407000;acf28478-1b5a-45f0-aa6d-5832208a3c51;407.69;0.041;SELL
2016-02-17T00:24:38.377000;2016-02-17T00:24:38.437000;76183191-0b3b-482f-a9b9-17af7ce0c712;407.68;0.042;SELL
2016-02-17T00:24:38.377000;2016-02-17T00:24:38.437000;6085c6a6-b6e1-4b34-9310-79a08984bfcb;407.67;0.042;SELL
2016-02-17T00:24:38.377000;2016-02-17T00:24:38.453000;f05950aa-71e7-4504-a3c7-67205b0b7eb0;407.66;0.01;SELL
2016-02-17T00:24:38.377000;2016-02-17T00:24:38.453000;4feae22b-6170-4f8b-ad46-026e6c254683;407.66;0.091;SELL
2016-02-17T00:24:38.377000;2016-02-17T00:24:38.453000;26ada145-31f9-4ec5-a53b-d561ec9b1841;407.65;0.01;SELL
2016-02-17T00:24:38.377000;2016-02-17T00:24:38.453000;74945b32-6e55-40b7-95bd-75fb78b6e226;407.65;0.093;SELL
2016-02-17T00:24:38.377000;2016-02-17T00:24:38.453000;7239a9ca-ce76-45a5-a54e-1ca9a5142036;407.64;0.01;SELL
2016-02-17T00:24:38.377000;2016-02-17T00:24:38.453000;62074d9f-0286-4dad-9e0d-71ab23a8e14d;407.63;0.043;SELL
2016-02-17T00:24:38.377000;2016-02-17T00:24:38.453000;67d19988-97df-4d51-b4e8-c3ca2951f009;407.62;0.23025;SELL
2016-02-17T00:25:02.250000;2016-02-17T00:25:02.297000;39e93dc2-4528-45b5-9f2d-67788c6e3200;407.68;0.018;BUY
2016-02-17T00:25:02.250000;2016-02-17T00:25:02.297000;d318a4c5-e772-41f4-9758-8e25c293296d;407.68;0.2;BUY
2016-02-17T00:25:02.250000;2016-02-17T00:25:02.297000;7ea94e3a-05c6-4089-bb26-71119119ffda;407.69;0.01;BUY
2016-02-17T00:25:02.250000;2016-02-17T00:25:02.313000;c5553d21-f36e-41e6-8da0-0fde48a767f6;407.7;0.01;BUY
2016-02-17T00:25:02.250000;2016-02-17T00:25:02.313000;29191cb4-df73-4921-b378-d4f10f0943a3;407.71;0.01;BUY
2016-02-17T00:25:02.250000;2016-02-17T00:25:02.313000;c18bd0e5-4405-400c-b82d-bd9cd992a2b3;407.71;0.12;BUY
2016-02-17T00:25:02.250000;2016-02-17T00:25:02.313000;6b95559e-72cd-407a-a6ed-8b45e860982f;407.72;0.01996448;BUY
2016-02-17T00:25:02.250000;2016-02-17T00:25:02.313000;926fda44-1cef-4bb9-8398-5bfa3e372f27;407.73;0.075;BUY
2016-02-17T00:25:02.250000;2016-02-17T00:25:02.313000;b6eff51e-5a95-4820-8313-2cf3436f3616;407.73;0.075;BUY
2016-02-17T00:25:02.250000;2016-02-17T00:25:02.330000;b31bdd5b-1f08-4823-96fa-24e2ab466eca;407.73;0.01;BUY
2016-02-17T00:25:02.250000;2016-02-17T00:25:02.330000;077877f4-dcfc-4133-a20e-3cd89dec69fd;407.74;0.02;BUY
2016-02-17T00:25:02.250000;2016-02-17T00:25:02.330000;c528681a-7742-4cbd-9239-17762612a22b;407.74;0.02;BUY
2016-02-17T00:25:02.250000;2016-02-17T00:25:02.330000;cb729380-35b1-4999-ad23-082ce55e745c;407.74;0.0486;BUY
2016-02-17T00:25:02.253000;2016-02-17T00:25:02.330000;e98733dc-b721-4e52-931a-707c42fb713f;407.74;0.075;BUY
2016-02-17T00:25:02.253000;2016-02-17T00:25:02.330000;17c8fc00-2659-476b-945a-16b28da6ff83;407.74;0.68752552;BUY
2016-02-17T00:25:32.450000;2016-02-17T00:25:32.483000;6b36c738-549b-4b4a-8e52-e67278758dba;407.71;0.01942861;BUY
2016-02-17T00:25:32.450000;2016-02-17T00:25:32.500000;e5faec66-0572-4363-bddb-c63343e25661;407.72;0.02273601;BUY
2016-02-17T00:25:32.450000;2016-02-17T00:25:32.500000;7189ee80-f10d-418a-9331-a6fbf3ea72e8;407.73;0.01;BUY
2016-02-17T00:25:32.450000;2016-02-17T00:25:32.500000;b41ef498-b699-4f07-a435-76a83abc0611;407.74;0.01;BUY
2016-02-17T00:25:32.450000;2016-02-17T00:25:32.563000;576fcbe1-130b-4df2-9acd-6e4fec05bcd1;407.74;0.08;BUY
2016-02-17T00:25:32.450000;2016-02-17T00:25:32.563000;260c8034-8b4d-44ab-92ab-9acdcffb2316;407.75;0.0144892;BUY
2016-02-17T00:25:32.450000;2016-02-17T00:25:32.563000;2433dde1-d2ad-4b52-af26-ddb4d67fcb32;407.76;0.075;BUY
2016-02-17T00:25:32.450000;2016-02-17T00:25:32.563000;2ad46b88-f223-4571-b7b2-36a69507f35e;407.77;0.0449;BUY
2016-02-17T00:25:32.453000;2016-02-17T00:25:32.563000;a4dc0d38-d0d7-4963-ab7b-13d563b0dd01;407.77;0.04;BUY
2016-02-17T00:25:32.453000;2016-02-17T00:25:32.563000;99bd56dd-afda-48dd-b6ca-bf0fd93d1ffa;407.77;2.10736618;BUY
2016-02-17T00:26:02.143000;2016-02-17T00:26:02.187000;a221ab90-3217-4697-8761-58cb2edd3d4b;407.71;0.01;SELL
2016-02-17T00:26:02.143000;2016-02-17T00:26:02.203000;98d75ab6-fe71-4a28-b799-41db8a9a39fe;407.71;0.02;SELL
2016-02-17T00:26:02.143000;2016-02-17T00:26:02.203000;93ae6e99-1782-4d2b-91ed-ce83abae20d9;407.7;0.04;SELL
2016-02-17T00:26:02.143000;2016-02-17T00:26:02.203000;1844e644-6a2b-47ee-994b-57b97a63322b;407.7;0.01;SELL
2016-02-17T00:26:02.143000;2016-02-17T00:26:02.220000;dd302c15-9722-4b70-9c6c-b91a0c325508;407.69;0.01;SELL
2016-02-17T00:26:02.143000;2016-02-17T00:26:02.313000;b1fea447-9aae-4fa5-9cdd-76c498c7bdf6;407.68;0.01;SELL
2016-02-17T00:26:02.147000;2016-02-17T00:26:02.313000;b79f796d-9b0d-4870-be9d-e39809ac131e;407.67;0.039;SELL
2016-02-17T00:26:02.147000;2016-02-17T00:26:02.313000;10b32552-988b-4543-810e-2babc2ece5dd;407.66;0.04;SELL
2016-02-17T00:26:02.147000;2016-02-17T00:26:02.313000;9dfca66a-00f5-409a-8696-e6ad264c61db;407.65;0.01;SELL
2016-02-17T00:26:02.147000;2016-02-17T00:26:02.313000;68c82d13-6f4b-4869-902e-8dc05b387ca0;407.64;0.02;SELL
2016-02-17T00:26:02.147000;2016-02-17T00:26:02.313000;3bc1e967-ce36-4ac7-b58f-f1d8b7a7ecde;407.61;0.082;SELL
2016-02-17T00:26:02.147000;2016-02-17T00:26:02.313000;c8bb1c86-9db2-4016-94a8-1f596f830930;407.59;0.02;SELL
2016-02-17T00:26:02.147000;2016-02-17T00:26:02.313000;3a160bac-f6d8-4f0e-85f0-06d25c51d045;407.56;0.112;SELL
2016-02-17T00:26:02.147000;2016-02-17T00:26:02.313000;6a26f682-3837-443c-88ed-729833ed78bc;407.56;0.22;SELL
2016-02-17T00:26:02.147000;2016-02-17T00:26:02.313000;b2a2f9d8-8ba9-41fe-bd91-8e4d027bf00a;407.52;0.01;SELL
2016-02-17T00:26:02.147000;2016-02-17T00:26:02.330000;e02abaae-e948-4f1d-bf95-a2a098822f82;407.51;0.111;SELL
2016-02-17T00:26:02.147000;2016-02-17T00:26:02.330000;775c4094-a7fa-4d37-86e4-2a3ef23dd57f;407.48;0.01;SELL
2016-02-17T00:26:02.147000;2016-02-17T00:26:02.343000;4dd0a9cc-525c-4136-94dd-7fd52e4039a7;407.47;0.1;SELL
2016-02-17T00:26:02.147000;2016-02-17T00:26:02.343000;08ffd379-1a82-4ec1-b026-673fd8d97073;407.46;0.46667;SELL
2016-02-17T00:26:02.147000;2016-02-17T00:26:02.343000;e261329c-b9cf-4e20-a84f-c4746523e512;407.46;0.081;SELL
2016-02-17T00:26:02.147000;2016-02-17T00:26:02.343000;6032c697-0f27-420a-b088-28006c0c7dbe;407.45;0.016;SELL
2016-02-17T00:26:02.147000;2016-02-17T00:26:02.343000;49461abd-6724-4f14-8c79-1ebf686def08;407.44;0.016;SELL
2016-02-17T00:26:02.150000;2016-02-17T00:26:02.343000;116b6afe-22d4-4aa8-b420-45155c2ebfee;407.43;0.017;SELL
2016-02-17T00:26:02.150000;2016-02-17T00:26:02.343000;16894bd0-cd15-483a-a758-9913ec08ff9c;407.42;0.01;SELL
2016-02-17T00:26:02.150000;2016-02-17T00:26:02.343000;879e40f9-0abe-4e97-a5c0-ca3aeb090a34;407.41;0.01;SELL
2016-02-17T00:26:02.150000;2016-02-17T00:26:02.360000;11f94659-3317-4a7d-8612-c40c01e7e3b7;407.41;0.124;SELL
2016-02-17T00:26:02.150000;2016-02-17T00:26:02.377000;2de07e7f-b52a-4a73-8167-faeb5b4dc7f6;407.4;0.01;SELL
2016-02-17T00:26:02.150000;2016-02-17T00:26:02.377000;bfe601b5-a994-4839-abc6-8d386eebe922;407.39;0.01;SELL
2016-02-17T00:26:02.150000;2016-02-17T00:26:02.377000;74097c7a-1577-47af-84f6-b325d82ab3b9;407.38;0.016;SELL
2016-02-17T00:26:02.150000;2016-02-17T00:26:02.377000;a6862418-a2d6-4a6f-8ce6-9bfe4b74bcce;407.37;0.017;SELL
2016-02-17T00:26:02.150000;2016-02-17T00:26:02.377000;2c5f2c22-bd52-4502-af19-17f7d1ed0956;407.36;0.017;SELL
2016-02-17T00:26:02.150000;2016-02-17T00:26:02.377000;9f74e235-7f8f-445f-b36f-ff727dcf6c21;407.36;0.095;SELL
2016-02-17T00:26:02.150000;2016-02-17T00:26:02.377000;74d663b7-bfce-4383-9c57-7047ad30231e;407.35;0.01;SELL
2016-02-17T00:26:02.150000;2016-02-17T00:26:02.377000;665f38d5-1c76-470c-be04-4b348a8f421e;407.34;0.01;SELL
2016-02-17T00:26:02.150000;2016-02-17T00:26:02.377000;a57bab99-a052-4db5-9ce1-d955f469ca9d;407.33;0.017;SELL
2016-02-17T00:26:02.150000;2016-02-17T00:26:02.377000;841b30de-78a2-4a9e-8e5f-1b6629692a13;407.32;0.017;SELL
2016-02-17T00:26:02.150000;2016-02-17T00:26:02.377000;d9c043c2-5e32-4b2b-a632-1140ac23ad14;407.32;0.01;SELL
2016-02-17T00:26:02.150000;2016-02-17T00:26:02.377000;33b7b96f-f0ee-43c8-a715-2be7c4c17436;407.32;0.041;SELL
2016-02-17T00:26:02.150000;2016-02-17T00:26:02.377000;f8879cb8-a1c1-4a67-92c3-e650fdc38573;407.31;0.01;SELL
2016-02-17T00:26:02.153000;2016-02-17T00:26:02.377000;57e8ca53-1784-410c-9c97-ea93b2ae7239;407.31;0.017;SELL
2016-02-17T00:26:02.153000;2016-02-17T00:26:02.377000;14166014-92f7-4866-86c8-95f4c24349c1;407.31;0.114;SELL
2016-02-17T00:26:02.153000;2016-02-17T00:26:02.377000;2b261641-5c2a-410e-b4a5-e6bfb650aff2;407.3;0.01;SELL
2016-02-17T00:26:02.153000;2016-02-17T00:26:02.377000;89348ce5-78db-4d11-94d6-c0ea2c4f4345;407.3;0.042;SELL
2016-02-17T00:26:02.153000;2016-02-17T00:26:02.377000;417480d4-4cbc-494c-8dc5-b1d23d1550ea;407.3;0.04;SELL
2016-02-17T00:26:02.153000;2016-02-17T00:26:02.377000;4b1cee04-ce64-4124-b865-2505fb29c6aa;407.3;0.88026;SELL
2016-02-17T00:27:02.490000;2016-02-17T00:27:02.533000;269d975e-6f4f-4f21-8264-87118cfb06f5;407.47;0.075;BUY
2016-02-17T00:27:02.490000;2016-02-17T00:27:02.533000;9141cfdb-ee94-4568-b534-53f245f75be8;407.48;0.02059048;BUY
2016-02-17T00:27:02.490000;2016-02-17T00:27:02.533000;2859a3df-f3c0-49af-898a-2dbe453f72c4;407.49;0.01;BUY
2016-02-17T00:27:02.490000;2016-02-17T00:27:02.533000;b1db040f-e67f-404b-a739-45586c26f874;407.5;0.01;BUY
2016-02-17T00:27:02.490000;2016-02-17T00:27:02.533000;21f295a1-8f52-42ec-bec6-ddf13a209492;407.51;0.01;BUY
2016-02-17T00:27:02.493000;2016-02-17T00:27:02.547000;e158630e-4c32-4a91-bb08-0756421d2789;407.52;0.01;BUY
2016-02-17T00:27:02.493000;2016-02-17T00:27:02.593000;e0588015-c020-4afc-8aca-b2df86eb9304;407.53;0.01769012;BUY
2016-02-17T00:27:02.493000;2016-02-17T00:27:02.610000;0d8da338-763f-4856-ac8d-1abd0194e32d;407.53;0.1672794;BUY
2016-02-17T00:27:34.560000;2016-02-17T00:27:34.593000;0a4289ab-6574-4c90-9d4e-3253c23c2981;407.52;0.01;BUY
2016-02-17T00:27:34.560000;2016-02-17T00:27:34.593000;e74b4ad2-89bd-4d41-8cfb-5321fbabb392;407.53;0.017;BUY
2016-02-17T00:27:34.563000;2016-02-17T00:27:34.593000;75da8213-0c45-4e37-8f9a-b2af76b69427;407.54;0.01;BUY
2016-02-17T00:27:34.563000;2016-02-17T00:27:34.610000;d8f4081c-3d67-456c-b742-e2bcc3e007c8;407.54;0.88726;BUY
2016-02-17T00:28:06.657000;2016-02-17T00:28:06.687000;0e5a7166-432f-4dbb-b0b3-1c6bc70b5d73;407.51;0.036;SELL
2016-02-17T00:28:06.657000;2016-02-17T00:28:06.703000;ff099e96-b5ff-417c-ba3e-2ffae240c6b1;407.5;0.036;SELL
2016-02-17T00:28:06.657000;2016-02-17T00:28:06.703000;cd2b2628-563e-462b-b37a-0d6473331f4f;407.5;0.08;SELL
2016-02-17T00:28:06.660000;2016-02-17T00:28:06.703000;2f434727-96bb-4f63-af9e-b10a9f2ddd29;407.49;0.037;SELL
2016-02-17T00:28:06.660000;2016-02-17T00:28:06.720000;da2ee1e7-4b04-4b75-b347-1579220e4fdc;407.48;0.01;SELL
2016-02-17T00:28:06.660000;2016-02-17T00:28:06.783000;17255760-afed-462f-8fb0-4589430b533f;407.47;0.01;SELL
2016-02-17T00:28:06.660000;2016-02-17T00:28:06.797000;83a2b283-2479-4a5e-9032-64eac1003666;407.46;0.039;SELL
2016-02-17T00:28:06.660000;2016-02-17T00:28:06.797000;10d504e8-6bbd-4a09-8870-9785f314e637;407.45;0.039;SELL
2016-02-17T00:28:06.660000;2016-02-17T00:28:06.797000;1333beb2-1903-4db8-bca5-2f9aef863fef;407.45;0.086;SELL
2016-02-17T00:28:06.660000;2016-02-17T00:28:06.797000;7ffbbf9b-4a35-4d1e-bd91-51b643d9e584;407.44;0.01;SELL
2016-02-17T00:28:06.660000;2016-02-17T00:28:06.797000;81eb8616-f451-4cd3-9d05-c464254cfe82;407.43;0.01;SELL
2016-02-17T00:28:06.660000;2016-02-17T00:28:06.797000;b600639f-64b1-4891-acb6-933e346a0124;407.42;0.01;SELL
2016-02-17T00:28:06.660000;2016-02-17T00:28:06.797000;60caf9aa-cc70-4e69-8ffd-5a9595f2546c;407.41;0.01;SELL
2016-02-17T00:28:06.660000;2016-02-17T00:28:06.797000;05f169ff-1f91-4434-8bb4-b6115e2a74ab;407.4;0.01;SELL
2016-02-17T00:28:06.660000;2016-02-17T00:28:06.797000;60f3f29e-28d5-4a0c-b279-dbbaa73c8d94;407.4;0.105;SELL
2016-02-17T00:28:06.660000;2016-02-17T00:28:06.797000;c58e9384-3b41-4546-ae04-d8ce91308452;407.38;0.01;SELL
2016-02-17T00:28:06.660000;2016-02-17T00:28:06.797000;72983141-8512-4101-8444-5382c3cf2244;407.37;0.01;SELL
2016-02-17T00:28:06.660000;2016-02-17T00:28:06.797000;5003dba1-b279-4c75-b9de-79911af9acad;407.36;0.01;SELL
2016-02-17T00:28:06.660000;2016-02-17T00:28:06.797000;82e49292-cc5f-45fc-a752-f1381f2b1f30;407.35;0.01;SELL
2016-02-17T00:28:06.660000;2016-02-17T00:28:06.797000;267a5642-92e1-4103-87b5-1ed53d787b6e;407.35;0.01;SELL
2016-02-17T00:28:06.660000;2016-02-17T00:28:06.813000;4b2aca64-5e38-46f4-92e4-478111e3b095;407.35;0.1;SELL
2016-02-17T00:28:06.660000;2016-02-17T00:28:06.813000;c9e6d16c-8878-4945-98aa-19c9f8d09c81;407.34;0.01;SELL
2016-02-17T00:28:06.660000;2016-02-17T00:28:06.813000;925f5b2a-fcdd-416c-8cba-97da4af965f7;407.32;0.01;SELL
2016-02-17T00:28:06.660000;2016-02-17T00:28:06.813000;5209feb2-b890-4039-8673-54c72a9f5d2f;407.3;0.02;SELL
2016-02-17T00:28:06.660000;2016-02-17T00:28:06.813000;e1ac8a21-5aa7-416f-9b0f-efcd51d0ea50;407.3;0.126;SELL
2016-02-17T00:28:06.660000;2016-02-17T00:28:06.813000;a393ad75-bb76-4880-b1f8-9acebbd5d9ef;407.29;0.01;SELL
2016-02-17T00:28:06.663000;2016-02-17T00:28:06.813000;f5dba0ed-60ff-4891-8a2e-7752a54da1b0;407.29;0.041;SELL
2016-02-17T00:28:06.663000;2016-02-17T00:28:06.813000;c91de442-d6eb-4ecd-a6e2-1922fa73b32c;407.29;0.04;SELL
2016-02-17T00:28:06.663000;2016-02-17T00:28:06.813000;b8059a51-78db-4dda-855e-4c3fc40ef2e9;407.28;0.01;SELL
2016-02-17T00:28:06.663000;2016-02-17T00:28:06.813000;1f8157e8-3897-42fd-b62b-46ba3e32b18b;407.28;0.045;SELL
2016-02-17T00:28:06.663000;2016-02-17T00:28:06.813000;4de20f03-a641-4c7c-b318-35a56b8a66ae;407.28;0.041;SELL
2016-02-17T00:28:06.663000;2016-02-17T00:28:06.813000;6cc26c74-5bdd-438f-aa30-79820f7b5b2b;407.28;0.04;SELL
2016-02-17T00:28:06.663000;2016-02-17T00:28:06.813000;f6c0278d-25d7-4c4a-ad0d-69617e6471f8;407.27;0.01;SELL
2016-02-17T00:28:06.663000;2016-02-17T00:28:06.813000;836502fa-d924-4e56-b6fa-28c449b4fcd0;407.27;0.044;SELL
2016-02-17T00:28:06.663000;2016-02-17T00:28:06.813000;db0f5ddc-4dcf-4eb0-9ba5-601b0761ba7e;407.27;0.041;SELL
2016-02-17T00:28:06.663000;2016-02-17T00:28:06.813000;f153e286-febf-4cdf-97b7-96e068415d52;407.27;0.04;SELL
2016-02-17T00:28:06.663000;2016-02-17T00:28:06.830000;74ab7be6-b1a3-400b-a42b-7072e50892d7;407.26;0.01;SELL
2016-02-17T00:28:06.663000;2016-02-17T00:28:06.830000;fcec9adf-9013-4440-8d0b-73bed2a5eb99;407.26;0.045;SELL
2016-02-17T00:28:06.663000;2016-02-17T00:28:06.830000;52bb324c-e284-42e2-a503-1a259f82d13a;407.26;0.041;SELL
2016-02-17T00:28:06.663000;2016-02-17T00:28:06.830000;173d0fed-6dfb-42c6-808d-ce5602d9e7ac;407.25;0.0115;SELL
2016-02-17T00:28:06.663000;2016-02-17T00:28:06.830000;a8a93a82-45cd-4ee0-b403-a6283d806bd6;407.25;0.045;SELL
2016-02-17T00:28:06.663000;2016-02-17T00:28:06.843000;8116c541-c996-4813-bd4b-2bb8d0863077;407.25;0.044;SELL
2016-02-17T00:28:06.663000;2016-02-17T00:28:06.843000;fa6b4362-7f66-45a1-b4c4-a0fc6187d59c;407.25;0.042;SELL
2016-02-17T00:28:06.663000;2016-02-17T00:28:06.843000;1ddd4ea6-65a5-479d-8f1b-58e7559d247d;407.25;0.04;SELL
2016-02-17T00:28:06.663000;2016-02-17T00:28:06.843000;5a723593-a9d7-492b-b554-9fb741906658;407.25;0.039;SELL
2016-02-17T00:28:06.663000;2016-02-17T00:28:06.843000;a0eda4e4-b258-4b5b-928d-8430ac523115;407.25;0.107;SELL
2016-02-17T00:28:06.663000;2016-02-17T00:28:06.843000;3c73c09f-b622-4d21-a9c9-4c4a8d5187cc;407.24;0.042;SELL
2016-02-17T00:28:06.663000;2016-02-17T00:28:06.843000;84c69d94-7727-420d-a572-4e8e26cfad52;407.23;0.045;SELL
2016-02-17T00:28:06.663000;2016-02-17T00:28:06.843000;48074011-4008-40db-98cb-3666cdc07309;407.23;0.044;SELL
2016-02-17T00:28:06.663000;2016-02-17T00:28:06.843000;9f590890-6de9-4ac8-ae75-9a6233c87a30;407.22;0.043;SELL
2016-02-17T00:28:06.667000;2016-02-17T00:28:06.843000;4c13b287-808c-4cd5-9948-bc91acd485f0;407.22;0.041;SELL
2016-02-17T00:28:06.667000;2016-02-17T00:28:06.843000;a6199fdb-374e-450b-9a5b-584df6e24bfd;407.2;0.044;SELL
2016-02-17T00:28:06.667000;2016-02-17T00:28:06.843000;36ed648d-30f3-44e1-8a42-9b36e2e95590;407.2;0.01157964;SELL
2016-02-17T00:28:06.667000;2016-02-17T00:28:06.877000;9e1029e6-cdbf-45df-9513-d480bada7aef;407.2;1.0;SELL
2016-02-17T00:28:06.667000;2016-02-17T00:28:06.877000;367c56d9-ca2f-4321-b532-148531496109;407.2;0.073;SELL
2016-02-17T00:28:06.667000;2016-02-17T00:28:06.877000;98ac3f2a-31ba-4d5e-8b94-867f50358cc5;407.19;0.041;SELL
2016-02-17T00:28:06.667000;2016-02-17T00:28:06.877000;fb00e243-3daa-4536-999c-35a33ab79828;407.15;0.093;SELL
2016-02-17T00:28:06.667000;2016-02-17T00:28:06.890000;a16bf829-86eb-43e4-b4f0-fe3041537b38;407.12;0.89192036;SELL
2016-02-17T00:28:33.377000;2016-02-17T00:28:33.407000;cbaecbc3-39bb-4a0a-bac8-b7f5464fc601;407.39;0.075;BUY
2016-02-17T00:28:33.380000;2016-02-17T00:28:33.407000;a9cbaf30-e355-4b0e-8535-b48f904f6d57;407.4;0.075;BUY
2016-02-17T00:28:33.380000;2016-02-17T00:28:33.407000;300e9f88-8919-4fc1-9b2f-cbc3ba677e3a;407.41;0.01;BUY
2016-02-17T00:28:33.380000;2016-02-17T00:28:33.407000;05ba53aa-8f1f-48ce-8545-81636830120b;407.42;0.01;BUY
2016-02-17T00:28:33.380000;2016-02-17T00:28:33.407000;4c634886-d034-45ff-aac6-434b914aa7c7;407.43;0.01;BUY
2016-02-17T00:28:33.380000;2016-02-17T00:28:33.423000;1d548acf-39f2-4e7f-be4f-74fcfbe8eb69;407.44;0.02761;BUY
2016-02-17T00:28:33.380000;2016-02-17T00:28:33.423000;f0ab7ec8-b7e0-4ef1-8f8e-d8985ee32fda;407.45;0.01;BUY
2016-02-17T00:28:33.380000;2016-02-17T00:28:33.453000;efe49c62-cc5c-44a5-aff8-b93e5c8ad3ab;407.46;0.029628;BUY
2016-02-17T00:28:33.380000;2016-02-17T00:28:33.453000;8bb5abd2-ba71-4e70-a191-b544486a7415;407.46;0.071452;BUY
2016-02-17T00:29:04.827000;2016-02-17T00:29:04.843000;d8ab1407-7606-415a-bfcb-63e80eee3e35;407.42;0.075;BUY
2016-02-17T00:29:04.827000;2016-02-17T00:29:04.860000;f8eca56d-eb4c-49fa-add6-18c30deeaf51;407.43;0.075;BUY
2016-02-17T00:29:04.827000;2016-02-17T00:29:04.860000;6b0fa086-7f74-44e0-84ef-8a5ae78983e4;407.44;0.075;BUY
2016-02-17T00:29:04.827000;2016-02-17T00:29:04.860000;c78a3004-c1ae-456d-9925-bf4cea44e880;407.45;0.01;BUY
2016-02-17T00:29:04.827000;2016-02-17T00:29:04.860000;29d39b49-27c3-4313-893e-0d41b46435bd;407.46;0.01;BUY
2016-02-17T00:29:04.827000;2016-02-17T00:29:04.890000;22d31d7b-ca77-4c46-8cb5-f608c4cd1220;407.47;0.01;BUY
2016-02-17T00:29:04.827000;2016-02-17T00:29:04.890000;dae0735d-a08a-4176-a97f-531ca67f6b0a;407.48;0.01118;BUY
2016-02-17T00:29:32.130000;2016-02-17T00:29:32.157000;21f515d3-8394-4744-86a7-626009818c1f;407.43;0.034;SELL
2016-02-17T00:29:32.133000;2016-02-17T00:29:32.173000;5b57079e-e373-4623-ad05-b43e27ae2a73;407.43;0.106;SELL
2016-02-17T00:29:32.133000;2016-02-17T00:29:32.173000;a6910a90-538a-4100-83d0-e0a6d27444e1;407.42;0.01;SELL
2016-02-17T00:29:32.133000;2016-02-17T00:29:32.173000;5dcc174a-9c22-40ab-b811-7c27b9460f13;407.41;0.033;SELL
2016-02-17T00:29:32.133000;2016-02-17T00:29:32.173000;575d6521-3823-4b9a-a90e-108a61cf6101;407.4;0.01;SELL
2016-02-17T00:29:32.133000;2016-02-17T00:29:32.173000;6a82bb05-003a-4fa1-9ce4-a50f3cf1cd0b;407.39;0.01;SELL
2016-02-17T00:29:32.133000;2016-02-17T00:29:32.187000;bc958b5e-5fcc-4420-b027-e92148646871;407.38;0.033;SELL
2016-02-17T00:29:32.133000;2016-02-17T00:29:32.187000;0bce4d7a-9329-4d6d-88c7-173fb103ad4a;407.38;0.0126;SELL
2016-02-17T00:30:04.040000;2016-02-17T00:30:04.063000;1da2d2df-7db0-4fef-b13d-c4deece306dd;407.42;0.025;BUY
2016-02-17T00:30:04.040000;2016-02-17T00:30:04.063000;9daf666b-296d-4087-bd35-20034452b7c5;407.42;0.19052;BUY
2016-02-17T00:30:32.547000;2016-02-17T00:30:32.580000;a0c6bdd1-dcc0-41db-9c84-98fb5bf3ec17;407.41;0.032;SELL
2016-02-17T00:30:32.547000;2016-02-17T00:30:32.580000;92344be8-a7ab-4508-b610-2689e617d755;407.41;0.074;SELL
2016-02-17T00:30:32.550000;2016-02-17T00:30:32.593000;3237505d-2a99-4d45-ad3c-feed85205926;407.4;0.032;SELL
2016-02-17T00:30:32.550000;2016-02-17T00:30:32.593000;54794542-7dbf-47e8-9658-e491eed33246;407.39;0.01;SELL
2016-02-17T00:30:32.550000;2016-02-17T00:30:32.593000;98e7b1ff-531a-44b9-a882-71a4be12c730;407.36;0.033;SELL
2016-02-17T00:30:32.550000;2016-02-17T00:30:32.593000;a738011b-c16a-4cb8-9e03-d7fab0c56ce5;407.36;0.085;SELL
2016-02-17T00:30:32.550000;2016-02-17T00:30:32.610000;b05764e8-c0c8-46d6-bb19-a9a8dcbe0789;407.35;0.01;SELL
2016-02-17T00:30:32.550000;2016-02-17T00:30:32.610000;17ddbee3-155f-4012-8196-425ec06d4463;407.35;0.033;SELL
2016-02-17T00:30:32.550000;2016-02-17T00:30:32.610000;462f1b29-d549-498a-9e22-0a832e5699eb;407.34;0.01;SELL
2016-02-17T00:30:32.550000;2016-02-17T00:30:32.610000;87f1fff0-1aeb-4b03-8773-f6fe3816744a;407.34;0.034;SELL
2016-02-17T00:30:32.550000;2016-02-17T00:30:32.610000;38dffdff-1dfe-418b-b929-b12b8ed96a58;407.33;0.01;SELL
2016-02-17T00:30:32.550000;2016-02-17T00:30:32.610000;138b86a6-d335-4017-aa5b-557aeffea4bb;407.33;0.01;SELL
2016-02-17T00:30:32.550000;2016-02-17T00:30:32.610000;0830a72b-c18b-4096-b589-24aaa3b8374c;407.32;0.01;SELL
2016-02-17T00:30:32.550000;2016-02-17T00:30:32.610000;5e65fe95-ce86-4a87-9690-cdf90f7c16b0;407.31;0.01;SELL
2016-02-17T00:30:32.550000;2016-02-17T00:30:32.610000;5859ef00-3979-414d-81e9-771b2cf53648;407.31;0.105;SELL
2016-02-17T00:30:32.550000;2016-02-17T00:30:32.610000;51c6aa2c-ef50-45aa-9ca6-dd182f7af665;407.3;0.01;SELL
2016-02-17T00:30:32.550000;2016-02-17T00:30:32.610000;8a60aaac-0c08-4c1d-8614-acc8a03f60d9;407.29;0.01;SELL
2016-02-17T00:30:32.550000;2016-02-17T00:30:32.610000;bdc9b209-36e3-4a6a-b4c3-5e02dda46aef;407.27;0.01;SELL
2016-02-17T00:30:32.553000;2016-02-17T00:30:32.627000;2ffc31be-5b53-4f50-9db9-3e74a0d20bd1;407.26;0.081;SELL
2016-02-17T00:30:32.553000;2016-02-17T00:30:32.627000;f3d1078b-3468-4259-ad7c-43bd849cc5ee;407.21;0.107;SELL
2016-02-17T00:30:32.553000;2016-02-17T00:30:32.627000;0a79f195-f870-43bf-8b14-839d90dbf202;407.17;0.17;SELL
2016-02-17T00:30:32.553000;2016-02-17T00:30:32.627000;ead090db-4baf-453f-b674-b3b91b7d2bb0;407.16;0.072;SELL
2016-02-17T00:30:32.553000;2016-02-17T00:30:32.627000;b1b2ad6b-440b-4464-9122-2e6a464c4c07;407.16;0.33175;SELL
2016-02-17T00:31:02.257000;2016-02-17T00:31:02.283000;33ef0521-016b-4546-ae81-a87db1c1e8fb;407.32;0.01;BUY
2016-02-17T00:31:02.257000;2016-02-17T00:31:02.297000;00fd484e-c987-4005-8a92-146c5ffbb239;407.33;0.01;BUY
2016-02-17T00:31:02.257000;2016-02-17T00:31:02.297000;5831c218-b587-4bc1-b715-ba09f36d99cd;407.34;0.01;BUY
2016-02-17T00:31:02.257000;2016-02-17T00:31:02.297000;9fd62a69-bdfe-4dd6-8e18-0d1cd9329822;407.35;0.01;BUY
2016-02-17T00:31:02.257000;2016-02-17T00:31:02.297000;1881e3c3-8781-40b6-8bd2-cc6f20be1ecc;407.36;0.01;BUY
2016-02-17T00:31:02.257000;2016-02-17T00:31:02.297000;f18b1cf2-ffe3-469b-83aa-ed46d04fbfc7;407.37;0.01;BUY
2016-02-17T00:31:02.257000;2016-02-17T00:31:02.313000;9cc291dc-fde6-455f-a904-44a19f8bcd9e;407.38;0.01;BUY
2016-02-17T00:31:02.260000;2016-02-17T00:31:02.313000;656f0d3b-0990-49af-85a3-a047f3287464;407.39;0.01;BUY
2016-02-17T00:31:02.260000;2016-02-17T00:31:02.313000;98e4f8d0-a0a1-478b-8b74-74f661a61496;407.4;0.01;BUY
2016-02-17T00:31:02.260000;2016-02-17T00:31:02.313000;47d81ed0-fda2-420b-b8d8-86316d6d2772;407.41;0.01;BUY
2016-02-17T00:31:02.260000;2016-02-17T00:31:02.313000;1c794bfc-9c3f-4939-a780-83276ce81568;407.42;0.01939935;BUY
2016-02-17T00:31:02.260000;2016-02-17T00:31:02.313000;20b185c4-73af-42ed-8265-cd593d48f7ed;407.43;0.01;BUY
2016-02-17T00:31:02.260000;2016-02-17T00:31:02.313000;e5ce0cd4-b811-4a3b-b30a-bb7886222d38;407.44;0.075;BUY
2016-02-17T00:31:02.260000;2016-02-17T00:31:02.313000;6bfa24a4-90cb-4c6b-ae75-1d0607885cc3;407.45;0.075;BUY
2016-02-17T00:31:02.260000;2016-02-17T00:31:02.313000;1112f60d-cfae-43a0-ba6b-57ac125b4b1a;407.45;0.18;BUY
2016-02-17T00:31:02.260000;2016-02-17T00:31:02.330000;895ed185-352f-4dfa-80f4-12a8386492fe;407.46;0.075;BUY
2016-02-17T00:31:02.260000;2016-02-17T00:31:02.330000;5ebddeec-4ed5-4cf2-9719-b338bd4e79bf;407.47;0.01;BUY
2016-02-17T00:31:02.260000;2016-02-17T00:31:02.330000;125228eb-9510-4cad-8346-42082e6efea6;407.48;0.075;BUY
2016-02-17T00:31:02.260000;2016-02-17T00:31:02.330000;c988d3ee-9ee5-4ba3-a7ad-21cb6216052d;407.49;0.01;BUY
2016-02-17T00:31:02.260000;2016-02-17T00:31:02.330000;4a6e6e6a-088f-4cb8-8c95-816454a19fea;407.5;0.01;BUY
2016-02-17T00:31:02.260000;2016-02-17T00:31:02.377000;f1ed5311-6ade-4e0f-90a3-6bf77b7029fa;407.51;0.01;BUY
2016-02-17T00:31:02.260000;2016-02-17T00:31:02.390000;479c5f50-e42e-4efc-9035-b95fc0eee4ad;407.51;0.075;BUY
2016-02-17T00:31:02.260000;2016-02-17T00:31:02.390000;dcaed136-7b15-4551-ba9e-6ce9c5853fa9;407.51;0.01;BUY
2016-02-17T00:31:02.260000;2016-02-17T00:31:02.390000;91a4ff4f-8855-4726-abce-e1b7fd032697;407.52;0.02205;BUY
2016-02-17T00:31:02.260000;2016-02-17T00:31:02.390000;7b5c985e-0996-4632-854e-e637630cce73;407.53;0.02195824;BUY
2016-02-17T00:31:02.260000;2016-02-17T00:31:02.390000;3a5c1aed-9f3d-4b6d-9cbe-41ac457b57b3;407.53;0.01;BUY
2016-02-17T00:31:02.260000;2016-02-17T00:31:02.390000;275d2bdb-ea25-44fd-8a88-f72fa6781d5a;407.54;0.118;BUY
2016-02-17T00:31:02.260000;2016-02-17T00:31:02.390000;d0b48f03-6751-4c2f-9682-6830e10a7eab;407.55;0.065;BUY
2016-02-17T00:31:02.260000;2016-02-17T00:31:02.390000;63ed1852-04a1-4b85-8f67-31f36e03c839;407.56;0.01;BUY
2016-02-17T00:31:02.263000;2016-02-17T00:31:02.390000;694b959b-b1dc-4962-8786-8b94964cda87;407.57;0.075;BUY
2016-02-17T00:31:02.263000;2016-02-17T00:31:02.390000;416dc53e-97e5-46f4-9c96-d1c6b51b9927;407.58;0.01;BUY
2016-02-17T00:31:02.263000;2016-02-17T00:31:02.390000;1c17d77d-0070-4f7a-94d3-fbd3c2c92183;407.58;0.075;BUY
2016-02-17T00:31:02.263000;2016-02-17T00:31:02.390000;05f40b8c-6371-4de2-a843-c10bcaf5594e;407.59;0.01861812;BUY
2016-02-17T00:31:02.263000;2016-02-17T00:31:02.390000;277b6ab1-0184-43c0-bf9e-36362a9d18f7;407.59;0.102;BUY
2016-02-17T00:31:02.263000;2016-02-17T00:31:02.390000;dca78fa0-d5a0-4bf4-90c5-9dc5cd03c9f3;407.6;0.01;BUY
2016-02-17T00:31:02.263000;2016-02-17T00:31:02.390000;041406d1-2468-4872-8f4a-f1a3f4a4b2e2;407.6;0.075;BUY
2016-02-17T00:31:02.263000;2016-02-17T00:31:02.390000;bdfc1c2c-d2d5-499e-b4d4-6348d658ec82;407.61;0.02397893;BUY
2016-02-17T00:31:02.263000;2016-02-17T00:31:02.390000;5fc8763f-13ed-4537-b40b-b72a51196d86;407.61;0.014;BUY
2016-02-17T00:31:02.263000;2016-02-17T00:31:02.390000;debb7226-f677-4928-813e-b7e8a66cc5ff;407.62;0.01;BUY
2016-02-17T00:31:02.263000;2016-02-17T00:31:02.390000;b7587a36-4eb5-4ba3-b45f-b60303be73ca;407.62;0.1;BUY
2016-02-17T00:31:02.263000;2016-02-17T00:31:02.407000;7a7278fd-7b78-4f95-868a-eabe0d55307e;407.63;0.01;BUY
2016-02-17T00:31:02.263000;2016-02-17T00:31:02.407000;097e96cf-94e2-4534-87f8-e42f50b68d33;407.63;0.06599536;BUY
2016-02-17T00:31:31.870000;2016-02-17T00:31:31.890000;d1a6fa36-e187-4f13-bf0c-86868ec245d7;407.46;0.01;BUY
2016-02-17T00:31:31.870000;2016-02-17T00:31:31.907000;dc5a6d4f-8c0e-4608-b926-01915f4a1b44;407.47;0.01;BUY
2016-02-17T00:31:31.870000;2016-02-17T00:31:31.907000;ab2053b8-111e-4dec-b38d-3996da8e5f9d;407.48;0.01;BUY
2016-02-17T00:31:31.870000;2016-02-17T00:31:31.907000;07debaf9-ef98-496a-9b9b-d5c86dd1c3b8;407.49;0.01;BUY
2016-02-17T00:31:31.870000;2016-02-17T00:31:31.907000;38c4ab42-9e76-4d93-aa3d-627ae94b072b;407.49;0.02796;BUY
2016-02-17T00:32:02.850000;2016-02-17T00:32:02.877000;67f13361-34a2-42d6-9417-efabe9bc48d3;407.48;0.034;SELL
2016-02-17T00:32:02.850000;2016-02-17T00:32:02.877000;a80e9f27-c63a-4569-9d88-b7d0efa27e64;407.48;0.086;SELL
2016-02-17T00:32:02.850000;2016-02-17T00:32:02.877000;42d1b142-97ac-4fc2-8812-a3871cbf0e52;407.47;0.034;SELL
2016-02-17T00:32:02.850000;2016-02-17T00:32:02.877000;0ce548aa-2645-4fe3-825a-cdb7f4dcd7d4;407.47;0.084;SELL
2016-02-17T00:32:02.850000;2016-02-17T00:32:02.877000;2a411ecd-be01-4df7-8806-a6077f888abe;407.46;0.034;SELL
2016-02-17T00:32:02.850000;2016-02-17T00:32:02.907000;0043a167-64bb-4cf8-ba6b-498a4092c7d9;407.45;0.035;SELL
2016-02-17T00:32:02.850000;2016-02-17T00:32:02.907000;90c20fcd-90f5-47d6-a6d3-bd7aacd923f1;407.45;0.24;SELL
2016-02-17T00:32:02.850000;2016-02-17T00:32:02.937000;80eba10c-f7e1-49c1-a98a-a8c57d6433bd;407.44;0.035;SELL
2016-02-17T00:32:02.853000;2016-02-17T00:32:02.937000;1f2866b3-596d-489f-9dda-ca0d2b60620f;407.44;0.08575;SELL
2016-02-17T00:32:32.177000;2016-02-17T00:32:32.203000;ac79505e-d57d-49d7-95d9-192586ce73db;407.45;0.033;SELL
2016-02-17T00:32:32.177000;2016-02-17T00:32:32.203000;f6e7e237-9562-436c-9dc1-7eff36a0ea46;407.45;0.082;SELL
2016-02-17T00:32:32.177000;2016-02-17T00:32:32.203000;d1c77b72-f615-4388-9303-06309b7e0299;407.45;0.04264664;SELL
2016-02-17T00:32:32.177000;2016-02-17T00:32:32.203000;3067d371-c0a9-4f5d-93c2-848bd847525d;407.44;0.00135336;SELL
2016-02-17T00:33:01.870000;2016-02-17T00:33:01.890000;65912779-93eb-4c4d-b5c3-714e36bd4d24;407.46;0.022;BUY
2016-02-17T00:33:01.870000;2016-02-17T00:33:01.890000;df63cce7-7bdd-4a12-9444-6ea91c1fc695;407.46;0.25;BUY
2016-02-17T00:33:01.870000;2016-02-17T00:33:01.907000;a7102fa4-8458-4deb-82ba-031f2ba82c2f;407.47;0.075;BUY
2016-02-17T00:33:01.870000;2016-02-17T00:33:01.907000;3555917e-5c2e-459f-9a78-9270c09d497c;407.48;0.01;BUY
2016-02-17T00:33:01.870000;2016-02-17T00:33:01.907000;f2a8953f-a6ce-4b58-af8f-f473692f9c5f;407.49;0.02861582;BUY
2016-02-17T00:33:01.870000;2016-02-17T00:33:01.907000;c5d23903-b3da-42c6-934c-239bcc2eebfb;407.5;0.01;BUY
2016-02-17T00:33:01.870000;2016-02-17T00:33:01.907000;812989fb-6fcf-42a0-b128-c59392e0d4dc;407.51;0.02501;BUY
2016-02-17T00:33:01.870000;2016-02-17T00:33:01.923000;f008149e-cb3d-4e69-b967-1c8a62132ca1;407.52;0.01;BUY
2016-02-17T00:33:01.873000;2016-02-17T00:33:01.923000;62aadd7a-2ea7-4597-9d94-f626448b15bf;407.53;0.01;BUY
2016-02-17T00:33:01.873000;2016-02-17T00:33:01.923000;9f72e626-6934-4576-ba15-42fe40135e28;407.54;0.03;BUY
2016-02-17T00:33:01.873000;2016-02-17T00:33:01.923000;9461c616-bf80-446a-afad-79f3fd012a57;407.55;0.02729;BUY
2016-02-17T00:33:01.873000;2016-02-17T00:33:01.923000;ab9088e9-1e42-42ec-b7b3-f03af56eac15;407.56;0.01654;BUY
2016-02-17T00:33:01.873000;2016-02-17T00:33:01.923000;3ee92be3-a38e-42c2-afd0-870a223c45cf;407.57;0.02211;BUY
2016-02-17T00:33:01.873000;2016-02-17T00:33:01.937000;356698f3-418a-4681-921e-634b3109d8a5;407.6;0.101;BUY
2016-02-17T00:33:01.873000;2016-02-17T00:33:01.937000;3bf600b3-76eb-4a79-8eed-bb9b067d5640;407.62;0.01;BUY
2016-02-17T00:33:01.873000;2016-02-17T00:33:01.937000;94c8ecce-4bcc-479f-9546-8dbe794ce4fe;407.64;0.017;BUY
2016-02-17T00:33:01.873000;2016-02-17T00:33:01.937000;34147482-5b5c-4427-af64-28bdbfae1279;407.65;0.01;BUY
2016-02-17T00:33:01.873000;2016-02-17T00:33:01.937000;aab9d618-04df-48f1-b399-1d2de84aa752;407.65;0.075;BUY
2016-02-17T00:33:01.873000;2016-02-17T00:33:01.953000;06d0a75f-7095-4d88-a70d-2a1a8ebbb0d3;407.65;0.102;BUY
2016-02-17T00:33:01.873000;2016-02-17T00:33:01.953000;f2effa78-972a-41d6-bd38-133261c52904;407.7;0.01;BUY
2016-02-17T00:33:01.873000;2016-02-17T00:33:01.953000;7e547de4-5691-4cc8-b889-9b89d0f19375;407.7;0.01157964;BUY
2016-02-17T00:33:01.873000;2016-02-17T00:33:01.953000;002a8c73-c687-47aa-8ee4-f003c818c9c9;407.7;0.075;BUY
2016-02-17T00:33:01.873000;2016-02-17T00:33:01.953000;de888d88-f539-42fa-83ae-c0173e76b904;407.7;0.104;BUY
2016-02-17T00:33:01.873000;2016-02-17T00:33:01.953000;bf6d7798-9083-4226-8abc-ac2a9438325d;407.71;0.01;BUY
2016-02-17T00:33:01.873000;2016-02-17T00:33:01.953000;1be99ed3-292e-4796-9f21-46e2dc7be580;407.71;0.01;BUY
2016-02-17T00:33:01.873000;2016-02-17T00:33:01.953000;0d704b5a-62d8-4652-9dca-271af8c08f6b;407.71;0.033;BUY
2016-02-17T00:33:01.873000;2016-02-17T00:33:01.953000;8237aeda-80e3-430e-8edb-5c54a99e3fc1;407.72;1.0;BUY
2016-02-17T00:33:01.873000;2016-02-17T00:33:01.953000;a0d58856-b4bd-49eb-b367-1a4b4d4cd130;407.73;0.026226;BUY
2016-02-17T00:33:01.873000;2016-02-17T00:33:01.987000;6069c0d4-f75e-4e3c-b616-999f5677e993;407.73;0.4027;BUY
2016-02-17T00:33:01.877000;2016-02-17T00:33:01.987000;8c007f78-7e05-46e6-b078-560706a1c1a0;407.75;0.01;BUY
2016-02-17T00:33:01.877000;2016-02-17T00:33:01.987000;5c133ceb-5c58-4db4-8273-593ce0a069a6;407.75;0.075;BUY
2016-02-17T00:33:01.877000;2016-02-17T00:33:01.987000;54ebc10a-3cdb-4946-9de0-0aa2f7732777;407.75;0.126;BUY
2016-02-17T00:33:01.877000;2016-02-17T00:33:01.987000;6d914438-28a4-4437-a586-098f1b97072e;407.76;0.01;BUY
2016-02-17T00:33:01.877000;2016-02-17T00:33:01.987000;0dee855f-66e8-435f-87cf-40f954363719;407.76;0.075;BUY
2016-02-17T00:33:01.877000;2016-02-17T00:33:01.987000;c12d589a-ae00-4e0f-a94e-945eaaa2799c;407.76;1.02;BUY
2016-02-17T00:33:01.877000;2016-02-17T00:33:01.987000;dd61bbcc-c00a-4c6d-af64-903c9dbc097c;407.76;2.0;BUY
2016-02-17T00:33:01.877000;2016-02-17T00:33:01.987000;eb5853d7-7965-469d-87e4-f489e8d63888;407.77;0.075;BUY
2016-02-17T00:33:01.877000;2016-02-17T00:33:01.987000;08471d5b-3a02-453b-8e6f-45413e9d88e9;407.77;0.51;BUY
2016-02-17T00:33:01.877000;2016-02-17T00:33:01.987000;3f953fcb-ae94-43f5-b890-7d9c50219009;407.78;0.075;BUY
2016-02-17T00:33:01.877000;2016-02-17T00:33:01.987000;e6f6e0f5-96f0-475f-8a6a-851fe6d421d4;407.78;0.49486854;BUY
2016-02-17T00:33:22.363000;2016-02-17T00:33:22.407000;505947be-5128-41da-a340-84b2580cc52b;407.54;0.01;BUY
2016-02-17T00:33:22.363000;2016-02-17T00:33:22.407000;622260e4-099c-4ee7-98c0-5b4268cbb7f4;407.55;0.00298;BUY
2016-02-17T00:33:22.387000;2016-02-17T00:33:22.407000;ac52cc78-cd13-429b-8ccc-cf43eb6e77b7;407.55;0.02620597;BUY
2016-02-17T00:33:22.387000;2016-02-17T00:33:22.407000;df3f8f81-7159-4ae9-9d55-6cdc7b097ac7;407.56;0.0294789;BUY
2016-02-17T00:33:22.387000;2016-02-17T00:33:22.423000;b8f7751c-3e4b-4d78-9da0-6d85f45c9010;407.59;0.075;BUY
2016-02-17T00:33:22.387000;2016-02-17T00:33:22.453000;8e7c667b-c514-4bc5-86ac-b62c0c163a8f;407.62;0.25;BUY
2016-02-17T00:33:22.387000;2016-02-17T00:33:22.470000;93581331-3920-42d0-91b2-245699324170;407.65;0.01087513;BUY
2016-02-17T00:33:22.403000;2016-02-17T00:33:22.470000;66032aa8-950a-4f4d-bf99-712810fc4cc9;407.65;0.01677;BUY
2016-02-17T00:33:22.417000;2016-02-17T00:33:22.470000;024a4426-9d0e-4671-b9f6-b1dc3bfdf1a6;407.65;0.04935487;BUY
2016-02-17T00:33:22.417000;2016-02-17T00:33:22.470000;347d1ac9-5ffc-4ac7-8a52-0be7015cd58b;407.7;0.088;BUY
2016-02-17T00:33:22.417000;2016-02-17T00:33:22.470000;283d8b14-58bd-48e0-bae7-27193b9c78dc;407.75;0.076;BUY
2016-02-17T00:33:22.417000;2016-02-17T00:33:22.470000;ae84efc5-f1de-4fdf-8956-63cc15916659;407.77;0.01164513;BUY
2016-02-17T00:33:22.420000;2016-02-17T00:33:22.470000;d3254215-2b85-4cf2-916c-273a955952a5;407.77;0.026;BUY
2016-02-17T00:33:22.420000;2016-02-17T00:33:22.470000;a2fc6c62-122d-4f5e-9e7e-0918c339cf7d;407.77;0.015;BUY
2016-02-17T00:33:22.437000;2016-02-17T00:33:22.470000;c72e9a8c-ec79-45bc-9c4b-1bb6b65bdccb;407.77;0.0112;BUY
2016-02-17T00:33:22.477000;2016-02-17T00:33:22.500000;5ace9c58-7cd6-4404-9379-7336e1eacaba;407.77;0.0396;BUY
2016-02-17T00:33:22.483000;2016-02-17T00:33:22.500000;308058e3-6945-4bf5-864b-86016a0a3fc2;407.77;0.264;BUY
2016-02-17T00:33:22.483000;2016-02-17T00:33:22.517000;a0be2bb3-c94e-4aac-8c27-e889d86ae88d;407.77;0.05571801;BUY
2016-02-17T00:33:22.493000;2016-02-17T00:33:22.517000;5a9a3e27-9751-4384-85c6-09cc72ce61b8;407.77;0.08683686;BUY
2016-02-17T00:33:22.493000;2016-02-17T00:33:22.517000;be7702ac-f200-461c-bfd0-96d153f38370;407.78;1.0;BUY
2016-02-17T00:33:22.493000;2016-02-17T00:33:22.547000;2a7f4820-5d2a-4dfc-bdad-4cf297564ae5;407.79;0.02;BUY
2016-02-17T00:33:22.493000;2016-02-17T00:33:22.563000;9929ba69-f748-420e-b3e7-b4e7d14c2df4;407.8;0.1;BUY
2016-02-17T00:33:22.493000;2016-02-17T00:33:22.563000;47eac3b2-19e2-4046-ad29-b5dd8af0f75f;407.8;0.34;BUY
2016-02-17T00:33:22.493000;2016-02-17T00:33:22.563000;6663eeb4-2fa6-4244-a38d-89d6b95463e5;407.8;0.02158444;BUY
2016-02-17T00:33:30.593000;2016-02-17T00:33:30.610000;0eef01ec-3c7f-4a96-aa71-024a72afc00c;407.74;0.783;BUY
2016-02-17T00:33:30.593000;2016-02-17T00:33:30.627000;ca33ebba-9c3f-40de-8f77-0b132a8c1e57;407.74;0.34;BUY
2016-02-17T00:33:30.593000;2016-02-17T00:33:30.627000;eb3668c4-d61c-4839-8c40-2c99eceb2123;407.75;0.741;BUY
2016-02-17T00:33:30.593000;2016-02-17T00:33:30.627000;f5dc44b3-783f-41ec-884c-d2282953f6f1;407.76;0.828;BUY
2016-02-17T00:33:30.593000;2016-02-17T00:33:30.627000;10a6467c-a4e7-488a-99c0-e29f82c664d5;407.78;0.622;BUY
2016-02-17T00:33:30.593000;2016-02-17T00:33:30.627000;bce4df37-a9ae-4456-a4ed-d94b5a2b506a;407.79;0.875;BUY
2016-02-17T00:33:30.593000;2016-02-17T00:33:30.640000;9c571e11-0a60-429a-a390-b839cb0488dc;407.8;0.0199794;BUY
2016-02-17T00:33:30.593000;2016-02-17T00:33:30.640000;3c6bb9f3-db17-412e-883a-a7eb52eca9ce;407.81;0.01;BUY
2016-02-17T00:33:30.593000;2016-02-17T00:33:30.640000;d19fd097-ab53-4f4d-8327-3b646311d7de;407.81;0.075;BUY
2016-02-17T00:33:30.593000;2016-02-17T00:33:30.640000;63694259-4f10-40e7-9c47-345d95a55242;407.81;0.34;BUY
2016-02-17T00:33:30.597000;2016-02-17T00:33:30.640000;06486e17-8022-40ba-a558-28c924957bfc;407.82;0.01;BUY
2016-02-17T00:33:30.597000;2016-02-17T00:33:30.640000;588c0f5c-575b-4157-bc63-2091740f2bf7;407.82;0.075;BUY
2016-02-17T00:33:30.597000;2016-02-17T00:33:30.640000;a2176069-ed16-4032-8f9d-9463a0021093;407.82;0.01;BUY
2016-02-17T00:33:30.597000;2016-02-17T00:33:30.640000;61f87179-a99e-4e1b-9e75-c237ebd10e66;407.82;0.075;BUY
2016-02-17T00:33:30.597000;2016-02-17T00:33:30.687000;40d175f8-3ee2-4b3b-bc73-d79916117106;407.82;0.6394906;BUY
2016-02-17T00:33:38.377000;2016-02-17T00:33:38.390000;02b43b8d-9fd5-459d-8263-989d579063c6;407.74;0.01;SELL
2016-02-17T00:33:38.377000;2016-02-17T00:33:38.407000;46312dd8-3d72-45b2-ac7d-0c72b3292e54;407.73;0.01;SELL
2016-02-17T00:33:38.377000;2016-02-17T00:33:38.407000;d39aa984-d56f-4fbc-b3c2-9c60d749190a;407.72;0.037;SELL
2016-02-17T00:33:38.377000;2016-02-17T00:33:38.407000;24179df5-56fb-4bfe-9958-32139b1e2631;407.71;0.037;SELL
2016-02-17T00:33:38.377000;2016-02-17T00:33:38.407000;5dc9e520-7c90-46d7-a7bc-d38b55aa5755;407.7;0.038;SELL
2016-02-17T00:33:38.380000;2016-02-17T00:33:38.423000;dce9a7dd-d49c-4dfc-b137-258de73fa113;407.69;0.02;SELL
2016-02-17T00:33:38.380000;2016-02-17T00:33:38.423000;cfb226f2-d5d9-4759-b75d-160f24796a56;407.67;0.114;SELL
2016-02-17T00:33:38.380000;2016-02-17T00:33:38.423000;fc20aa04-4627-44e1-9161-bb111e91d43a;407.64;0.37;SELL
2016-02-17T00:33:38.380000;2016-02-17T00:33:38.423000;e9fa38ba-042b-49bc-89bc-41cae42ce50f;407.62;0.109;SELL
2016-02-17T00:33:38.380000;2016-02-17T00:33:38.423000;322715bc-1427-4017-8a49-6cbd3d1250f7;407.56;0.01;SELL
2016-02-17T00:33:38.380000;2016-02-17T00:33:38.437000;f83170fc-dd04-4280-8997-ea690d4ca30c;407.54;0.01;SELL
2016-02-17T00:33:38.380000;2016-02-17T00:33:38.437000;82e4a329-ef64-4dd2-a529-09d26c8b4d35;407.54;0.106;SELL
2016-02-17T00:33:38.380000;2016-02-17T00:33:38.437000;c3cb6166-8976-4bc0-9700-bc7c7550c7de;407.54;0.17;SELL
2016-02-17T00:33:38.380000;2016-02-17T00:33:38.437000;4b28aa43-bcc9-417a-91b2-832edeff9972;407.53;0.035;SELL
2016-02-17T00:33:38.380000;2016-02-17T00:33:38.453000;e5146a93-7bee-49a5-8c12-b7cecd89aad8;407.53;0.17;SELL
2016-02-17T00:33:38.380000;2016-02-17T00:33:38.453000;f378f40e-0935-4493-879f-b73f0c1a081e;407.52;0.035;SELL
2016-02-17T00:33:38.380000;2016-02-17T00:33:38.453000;83b00161-ca55-4de7-be86-ef66c47c2e62;407.52;0.106;SELL
2016-02-17T00:33:38.380000;2016-02-17T00:33:38.453000;bfe78291-5026-41c7-b0cd-452a98134bc2;407.52;0.34;SELL
2016-02-17T00:33:38.380000;2016-02-17T00:33:38.453000;26b57896-898b-4d6b-bb34-d771cb5c1ffb;407.51;0.00891;SELL
2016-02-17T00:34:02.000000;2016-02-17T00:34:02.017000;67258dd9-19c3-450f-a1d6-f9a4e952e3ea;407.76;0.01;SELL
2016-02-17T00:34:02.000000;2016-02-17T00:34:02.033000;f00758bb-05d7-4bea-b9b3-fa53a59c8fcc;407.75;0.01;SELL
2016-02-17T00:34:02.000000;2016-02-17T00:34:02.033000;01b820ce-aed6-4339-9bbe-493d1893ed76;407.68;0.125;SELL
2016-02-17T00:34:02.000000;2016-02-17T00:34:02.033000;1a6651a5-5085-46ee-b071-99e284cc7387;407.63;0.115;SELL
2016-02-17T00:34:02.000000;2016-02-17T00:34:02.033000;4a3b34c6-88af-4c8f-aa5a-e29d0fd5cbd0;407.58;0.093;SELL
2016-02-17T00:34:02.000000;2016-02-17T00:34:02.047000;b1c05e21-a596-4179-9ba9-35130ce22a7d;407.53;0.084;SELL
2016-02-17T00:34:02.000000;2016-02-17T00:34:02.047000;4b354ee6-3877-470b-8585-b2d2c362a688;407.51;0.02709;SELL
2016-02-17T00:34:02.003000;2016-02-17T00:34:02.047000;12bac23d-052c-4a3e-99c5-457608184c70;407.48;0.094;SELL
2016-02-17T00:34:02.003000;2016-02-17T00:34:02.047000;37f37957-e94a-459d-acd0-b80eac04a989;407.47;0.01;SELL
2016-02-17T00:34:02.003000;2016-02-17T00:34:02.047000;64b0ba55-ee46-4318-af7f-4e9952ccd95f;407.47;0.127;SELL
2016-02-17T00:34:02.003000;2016-02-17T00:34:02.047000;4ba688ff-6ece-4f1a-a356-9e0f26abc32a;407.46;0.01;SELL
2016-02-17T00:34:02.003000;2016-02-17T00:34:02.047000;4efc5d2d-65d7-4a96-9325-be89e4c93d57;407.46;0.01;SELL
2016-02-17T00:34:02.003000;2016-02-17T00:34:02.047000;c039da92-36f8-4f7e-936d-27f113d7bcad;407.45;0.031;SELL
2016-02-17T00:34:02.003000;2016-02-17T00:34:02.047000;6e717434-83f7-41c3-bd0d-34bb0a4cb168;407.45;0.01691;SELL
2016-02-17T00:34:35.263000;2016-02-17T00:34:35.330000;558d7c53-e49f-40f9-8453-63c13f9c77b8;407.6;0.034;SELL
2016-02-17T00:34:35.263000;2016-02-17T00:34:35.330000;44910a5c-fa17-4c03-8cd0-05482e18e7e6;407.6;0.115;SELL
2016-02-17T00:34:35.267000;2016-02-17T00:34:35.347000;00098bbf-2cdd-4d7f-ba07-c0cccc507660;407.59;0.034;SELL
2016-02-17T00:34:35.267000;2016-02-17T00:34:35.347000;5d9b4933-8433-46fd-94b9-b77ab0001a35;407.58;0.034;SELL
2016-02-17T00:34:35.267000;2016-02-17T00:34:35.347000;543a80a5-066d-4b16-8330-0f919b70e1b6;407.58;0.12;SELL
2016-02-17T00:34:35.267000;2016-02-17T00:34:35.347000;702d72d5-dcd1-408a-8251-93bec7146bc9;407.57;0.01;SELL
2016-02-17T00:34:35.267000;2016-02-17T00:34:35.347000;1a231dae-5ef1-4724-ac77-27a53e8fe230;407.57;0.071;SELL
2016-02-17T00:34:35.267000;2016-02-17T00:34:35.377000;28ad56c0-2dc2-4fd9-b0a0-9578fa3e0c36;407.55;0.035;SELL
2016-02-17T00:34:35.267000;2016-02-17T00:34:35.377000;2f25bc4a-3d2f-4e42-8e86-bfdeac593b7a;407.54;0.035;SELL
2016-02-17T00:34:35.267000;2016-02-17T00:34:35.377000;cd1307c8-803f-4f3d-a050-a07660bc55eb;407.53;0.036;SELL
2016-02-17T00:34:35.267000;2016-02-17T00:34:35.377000;edf0b0af-bb09-4e87-b87f-d23207a9e8b4;407.52;0.01;SELL
2016-02-17T00:34:35.267000;2016-02-17T00:34:35.377000;642958f2-0b6d-4255-8a03-c56852e4cb38;407.52;0.101;SELL
2016-02-17T00:34:35.267000;2016-02-17T00:34:35.377000;65380494-8f80-47de-b8ca-12a2df0cee3b;407.51;0.01;SELL
2016-02-17T00:34:35.267000;2016-02-17T00:34:35.377000;be8eae65-e7db-44a5-bd21-57af4f22f6b0;407.5;0.01;SELL
2016-02-17T00:34:35.267000;2016-02-17T00:34:35.393000;4ffac0d4-3ec8-40ba-a76c-b493b0ce79ec;407.49;0.01;SELL
2016-02-17T00:34:35.267000;2016-02-17T00:34:35.393000;f8983bb6-92a0-42f5-8191-1471e48c5eaf;407.48;0.01;SELL
2016-02-17T00:34:35.267000;2016-02-17T00:34:35.393000;d98c1352-b12d-4ec7-9f4e-ef00bce61ed0;407.47;0.01;SELL
2016-02-17T00:34:35.267000;2016-02-17T00:34:35.393000;25a204a5-896d-4efc-bd89-d5eeef9515fd;407.47;0.083;SELL
2016-02-17T00:34:35.267000;2016-02-17T00:34:35.393000;d40566d8-3b99-49ae-b913-d458b809562f;407.46;0.01;SELL
2016-02-17T00:34:35.267000;2016-02-17T00:34:35.393000;6359fca6-60ef-4e75-9b02-1270373267b4;407.44;0.00864664;SELL
2016-02-17T00:34:35.267000;2016-02-17T00:34:35.393000;43d74235-ccf3-4dcb-a0a6-09a654f4e1c2;407.43;0.035;SELL
2016-02-17T00:34:35.267000;2016-02-17T00:34:35.410000;907d4eed-cb70-44f8-bc2a-53889a8dbdbe;407.42;0.036;SELL
2016-02-17T00:34:35.270000;2016-02-17T00:34:35.410000;2d98a561-7020-49a4-a07f-40e98f7673fe;407.42;0.075;SELL
2016-02-17T00:34:35.270000;2016-02-17T00:34:35.410000;b70baf45-3c94-4db2-b358-a2b9b75d84c2;407.41;0.01;SELL
2016-02-17T00:34:35.270000;2016-02-17T00:34:35.410000;4384402f-c905-4303-b20e-940b3bda5f01;407.4;0.01;SELL
2016-02-17T00:34:35.270000;2016-02-17T00:34:35.427000;218917b8-d91a-45e6-8119-11554afec7cc;407.39;0.01;SELL
2016-02-17T00:34:35.270000;2016-02-17T00:34:35.427000;1328d67a-e4ba-431e-87db-aa4ea11a8c52;407.38;0.01;SELL
2016-02-17T00:34:35.270000;2016-02-17T00:34:35.427000;ac96ac38-814f-478a-a3a4-8f432beae47e;407.37;0.099;SELL
2016-02-17T00:34:35.270000;2016-02-17T00:34:35.427000;55273284-d260-4605-94ce-2e62be88a101;407.35;0.01;SELL
2016-02-17T00:34:35.270000;2016-02-17T00:34:35.427000;2af724d1-b567-42c1-862e-034f5375db3d;407.35;0.52587336;SELL
2016-02-17T00:35:02.777000;2016-02-17T00:35:02.847000;e723e857-c9f6-44d5-8f63-31ae10e73ac8;407.52;0.033;SELL
2016-02-17T00:35:02.777000;2016-02-17T00:35:02.863000;903dd01e-6d6e-4a60-9bae-1feb012d7ef6;407.52;0.126;SELL
2016-02-17T00:35:02.777000;2016-02-17T00:35:02.863000;83072488-1ad0-43cd-9bdb-ae5eeea9500f;407.52;0.04859976;SELL
2016-02-17T00:35:02.777000;2016-02-17T00:35:02.863000;9e5b0b59-405c-46c8-9624-18e2671ff9f9;407.51;0.033;SELL
2016-02-17T00:35:02.777000;2016-02-17T00:35:02.863000;e63a58d1-4396-49cb-bc38-a125a2f73c31;407.5;0.033;SELL
2016-02-17T00:35:02.777000;2016-02-17T00:35:02.863000;ce87bf21-6b5e-48d3-a2b0-c7230a14b0a1;407.49;0.01;SELL
2016-02-17T00:35:02.777000;2016-02-17T00:35:02.863000;c7f6343d-324e-40ae-9a70-73e323fee23a;407.48;0.01;SELL
2016-02-17T00:35:02.777000;2016-02-17T00:35:02.863000;379d3d62-0d26-454f-9c42-24b13b8b68fe;407.47;0.01;SELL
2016-02-17T00:35:02.777000;2016-02-17T00:35:02.877000;734f09bf-55e8-44ae-9567-bf1bc8b2a386;407.47;0.123;SELL
2016-02-17T00:35:02.777000;2016-02-17T00:35:02.877000;65fd1e49-19fa-4ed3-9bd0-6d0edc311ab5;407.46;0.01;SELL
2016-02-17T00:35:02.777000;2016-02-17T00:35:02.877000;cf30cdb8-94de-4724-be7d-d396dbf2c4b6;407.45;0.01;SELL
2016-02-17T00:35:02.777000;2016-02-17T00:35:02.877000;552316c8-ec24-4768-84b2-25853855c0c6;407.44;0.01;SELL
2016-02-17T00:35:02.777000;2016-02-17T00:35:02.877000;725619a5-367e-4207-8d45-acd7b8252a0e;407.42;0.01;SELL
2016-02-17T00:35:02.777000;2016-02-17T00:35:02.877000;906101cd-41b2-4264-9577-aab8dfd91afa;407.42;0.128;SELL
2016-02-17T00:35:02.777000;2016-02-17T00:35:02.877000;1a7005c1-3005-4286-afae-ac5021c2ffad;407.37;0.099;SELL
2016-02-17T00:35:02.777000;2016-02-17T00:35:02.877000;d1229eef-e9cf-4d7f-a42b-ce8345cb168a;407.36;0.01;SELL
2016-02-17T00:35:02.780000;2016-02-17T00:35:02.877000;b932ae82-6f3c-47c1-b4e4-163357eeb840;407.35;0.51;SELL
2016-02-17T00:35:02.780000;2016-02-17T00:35:02.877000;06352bca-0d44-4e25-bbcb-63e655dbd1a8;407.34;0.01;SELL
2016-02-17T00:35:02.780000;2016-02-17T00:35:02.877000;5950527e-bf69-4c51-b0b4-0753ddcf01dc;407.34;0.01;SELL
2016-02-17T00:35:02.780000;2016-02-17T00:35:02.893000;b3cd8fd8-42c8-42bc-94ce-c893ab93414d;407.34;0.85;SELL
2016-02-17T00:35:02.780000;2016-02-17T00:35:02.893000;e326ab8f-fd22-4e08-9d2c-16181688c97c;407.33;0.24309024;SELL
2016-02-17T00:36:02.663000;2016-02-17T00:36:02.723000;2c32f7c6-1106-4b75-8433-6ce3077bfaad;407.45;0.032;SELL
2016-02-17T00:36:02.667000;2016-02-17T00:36:02.737000;c53316a3-dc5b-4d69-a45e-1592bfc0ef2a;407.45;0.117;SELL
2016-02-17T00:36:02.667000;2016-02-17T00:36:02.737000;0b47307e-1c96-406f-a422-adb5b3e57391;407.45;0.18526;SELL
2016-02-17T00:37:01.530000;2016-02-17T00:37:01.580000;93015cbf-0700-4d89-ab9a-1c60bf7cba18;407.46;0.01;BUY
2016-02-17T00:37:01.530000;2016-02-17T00:37:01.597000;49aacb69-26cf-40dc-97d0-a8ab0bc10528;407.46;0.04199;BUY
2016-02-17T00:37:31.757000;2016-02-17T00:37:31.800000;51d8943f-f0ac-4fc2-8778-9ecc563cbbf5;407.46;0.18801;BUY
2016-02-17T00:37:31.757000;2016-02-17T00:37:31.830000;43d9eb24-38df-487e-b19c-affe43ebb56e;407.46;0.06;BUY
2016-02-17T00:37:31.757000;2016-02-17T00:37:31.830000;1c71b45c-a636-4415-97e9-5c70eaccf8a8;407.47;0.01;BUY
2016-02-17T00:37:31.757000;2016-02-17T00:37:31.830000;4dd77fa7-97dd-4812-bedc-c1fa02d7a4fb;407.48;0.01;BUY
2016-02-17T00:37:31.757000;2016-02-17T00:37:31.830000;b64344c6-76d8-4db2-9a87-836f1bd31a1d;407.49;0.01;BUY
