time_exchange;time_coinpai;guid;price;base_amount;taker_side
2016-02-17T00:00:06.000000;2016-02-17T00:00:06.000000;c36e1adf-bd9e-464a-827e-a16655dc5118;407.37;2.02824035;UNKNOWN
2016-02-17T00:00:27.000000;2016-02-17T00:00:27.000000;33ec1afd-8d79-4866-85d4-72b03244bf13;407.24;0.24332084;UNKNOWN
2016-02-17T00:00:55.000000;2016-02-17T00:00:55.000000;5dad691f-b4f8-4f02-bca1-5cb602ac1edc;407.55;0.03;UNKNOWN
2016-02-17T00:03:49.000000;2016-02-17T00:03:49.000000;7d55b49a-110e-4f4e-929a-08ded0962165;407.33;4.44175965;UNKNOWN
2016-02-17T00:03:49.000000;2016-02-17T00:03:49.000000;5057980f-5848-41dc-a9e3-2be31ac8a416;407.33;0.33924035;UNKNOWN
2016-02-17T00:03:49.000000;2016-02-17T00:03:49.000000;3403d156-09f5-425e-a2bc-c6bf4af94888;407.0;1.0;UNKNOWN
2016-02-17T00:08:37.000000;2016-02-17T00:08:37.000000;b078d306-f2d5-4d7b-b44d-911b3c9d56bd;407.0;0.02460308;UNKNOWN
2016-02-17T00:10:09.000000;2016-02-17T00:10:09.000000;af9329e2-e3c6-4f8e-9be0-f3d21d5e26ff;407.14;0.01;UNKNOWN
2016-02-17T00:10:09.000000;2016-02-17T00:10:09.000000;2cf2fffe-486c-4352-8785-0efb33a3f88b;407.14;0.01;UNKNOWN
2016-02-17T00:10:09.000000;2016-02-17T00:10:09.000000;5c73f67b-8cde-4c3f-9fa5-8c6323f87a3f;407.14;0.01;UNKNOWN
2016-02-17T00:10:09.000000;2016-02-17T00:10:09.000000;ecc27dc8-2860-4e14-9cc8-8d5362050d8e;407.2;0.70674314;UNKNOWN
2016-02-17T00:10:12.000000;2016-02-17T00:10:12.000000;48caf83a-501e-44d6-b51f-25eb1feea42a;407.2;10.0;UNKNOWN
2016-02-17T00:10:52.000000;2016-02-17T00:10:52.000000;8ff1013c-d213-4b17-a124-5c5d84b9588b;407.2;0.03;UNKNOWN
2016-02-17T00:11:00.000000;2016-02-17T00:11:00.000000;e7ca05c1-0b93-4697-a851-f7237654b43f;407.18;0.73673871;UNKNOWN
2016-02-17T00:11:12.000000;2016-02-17T00:11:12.000000;91af4c78-5c7b-41f0-8c50-a19878d532b3;407.2;4.26325686;UNKNOWN
2016-02-17T00:11:36.000000;2016-02-17T00:11:36.000000;30ba7da1-4ee3-4e01-9fc5-f9219fc98941;407.64;0.01965857;UNKNOWN
2016-02-17T00:12:09.000000;2016-02-17T00:12:09.000000;6e389049-d126-47b1-9fdb-a4407c1c2479;407.51;5.75;UNKNOWN
2016-02-17T00:12:12.000000;2016-02-17T00:12:12.000000;bec0afd3-f98e-4101-a7dd-b4597e11e4ad;406.73;0.139;UNKNOWN
2016-02-17T00:12:12.000000;2016-02-17T00:12:12.000000;16751d92-0557-4df1-a93e-d900e15117c8;406.7;0.01;UNKNOWN
2016-02-17T00:12:12.000000;2016-02-17T00:12:12.000000;98fb0230-132b-42b8-b37a-58137251e811;406.69;2.08188041;UNKNOWN
2016-02-17T00:12:12.000000;2016-02-17T00:12:12.000000;ca6193af-35b8-4e11-9adf-485423a064d3;406.74;3.54744111;UNKNOWN
2016-02-17T00:14:14.000000;2016-02-17T00:14:14.000000;0a5e7677-38c2-4989-b9b0-2155b41a2650;406.56;4.07;UNKNOWN
2016-02-17T00:14:14.000000;2016-02-17T00:14:14.000000;2848f418-437f-4fa6-af41-cb73a6f3c111;406.6;0.01;UNKNOWN
2016-02-17T00:14:14.000000;2016-02-17T00:14:14.000000;87723a16-df58-446b-885d-80fa465ff37e;406.96;3.0;UNKNOWN
2016-02-17T00:14:27.000000;2016-02-17T00:14:27.000000;a3082143-7650-43e6-a756-19ca739666be;406.56;0.06096423;UNKNOWN
2016-02-17T00:17:11.000000;2016-02-17T00:17:11.000000;b0214ed0-ef37-4c98-9e4a-45ff39e4825e;407.39;0.03;UNKNOWN
2016-02-17T00:17:11.000000;2016-02-17T00:17:11.000000;a6f91fdb-ce6d-4038-814f-a07ad1233405;407.4;0.1397349;UNKNOWN
2016-02-17T00:18:14.000000;2016-02-17T00:18:14.000000;d7a7e0ec-10a3-43d8-be11-9f15a366fdca;407.62;0.9;UNKNOWN
2016-02-17T00:19:06.000000;2016-02-17T00:19:06.000000;de3efa94-eb5c-42fc-9422-cf8b7d017008;407.64;0.08654836;UNKNOWN
2016-02-17T00:20:37.000000;2016-02-17T00:20:37.000000;ff361324-d9c2-41fb-a542-5416f23b7ad1;407.43;4.4526;UNKNOWN
2016-02-17T00:20:37.000000;2016-02-17T00:20:37.000000;a53f8a37-75e5-4de6-a349-4c1a1ff0dc46;407.02;0.01;UNKNOWN
2016-02-17T00:20:37.000000;2016-02-17T00:20:37.000000;872dea81-0b15-4634-ac57-baf9f99b18f0;407.43;0.5;UNKNOWN
2016-02-17T00:21:28.000000;2016-02-17T00:21:28.000000;b689f45c-b798-454d-a3a9-df6a050b3541;407.11;0.02431433;UNKNOWN
2016-02-17T00:22:22.000000;2016-02-17T00:22:22.000000;92fa179e-9bea-4725-99a9-aceefe6451ef;407.11;0.30144653;UNKNOWN
2016-02-17T00:22:28.000000;2016-02-17T00:22:28.000000;532f9002-7fad-4d63-abed-92cd491ce813;407.47;0.3678;UNKNOWN
2016-02-17T00:22:40.000000;2016-02-17T00:22:40.000000;86a9fcbd-2ef6-468c-852d-085d81d85ad7;407.11;0.01;UNKNOWN
2016-02-17T00:23:07.000000;2016-02-17T00:23:07.000000;77903359-daf0-4e37-bc90-609d5884e5ea;407.11;0.01;UNKNOWN
2016-02-17T00:23:07.000000;2016-02-17T00:23:07.000000;e738ad46-9f78-42e7-bd93-c9b6ab126ece;407.11;0.2312633;UNKNOWN
2016-02-17T00:23:35.000000;2016-02-17T00:23:35.000000;fb987118-4200-4528-906e-3b9d86d6e508;407.11;0.01;UNKNOWN
2016-02-17T00:23:38.000000;2016-02-17T00:23:38.000000;57cb2166-42bd-4c84-bfc4-8ab98e52ee29;407.23;0.0926887;UNKNOWN
2016-02-17T00:23:49.000000;2016-02-17T00:23:49.000000;3d1fa690-f60d-42b0-918c-dde0f4e77482;407.13;0.01;UNKNOWN
2016-02-17T00:24:11.000000;2016-02-17T00:24:11.000000;816e33f5-9cf3-4675-a760-907fae3171cb;407.12;0.01;UNKNOWN
2016-02-17T00:24:26.000000;2016-02-17T00:24:26.000000;3901f192-c8a1-4ada-beb8-2fff7f4b60b9;407.47;0.01483186;UNKNOWN
2016-02-17T00:24:38.000000;2016-02-17T00:24:38.000000;67748978-c572-40bf-b0bf-8efe065dc1f8;407.51;0.4905;UNKNOWN
2016-02-17T00:25:09.000000;2016-02-17T00:25:09.000000;9a9486bd-3454-4e2b-8f52-fe1aaae65bcc;407.24;0.01;UNKNOWN
2016-02-17T00:25:27.000000;2016-02-17T00:25:27.000000;43ebadd7-de6b-4d51-be49-7e9b092c8f18;407.26;0.2456;UNKNOWN
2016-02-17T00:25:42.000000;2016-02-17T00:25:42.000000;508b68bd-d1c3-4cf9-a555-b843520547ed;407.39;2.3;UNKNOWN
2016-02-17T00:25:42.000000;2016-02-17T00:25:42.000000;e7f2fbbd-55bb-48e1-ae27-85cfa6823e63;407.39;0.5;UNKNOWN
2016-02-17T00:25:43.000000;2016-02-17T00:25:43.000000;ac5f1e9d-8c0e-496a-bdfd-525cef1b160e;407.12;0.01;UNKNOWN
2016-02-17T00:25:56.000000;2016-02-17T00:25:56.000000;437e11f7-133f-46a0-81f0-9d969ef3420e;407.12;0.01;UNKNOWN
2016-02-17T00:26:05.000000;2016-02-17T00:26:05.000000;2f10118d-0d7e-4ead-85b0-d33c7b7290e8;407.13;0.01;UNKNOWN
2016-02-17T00:26:08.000000;2016-02-17T00:26:08.000000;fb3900a8-9222-48c0-8a2a-4cda5ac2f856;407.4;2.4518;UNKNOWN
2016-02-17T00:26:13.000000;2016-02-17T00:26:13.000000;e4e2af69-c2bc-44aa-a514-72361ac4c04d;407.17;0.01;UNKNOWN
2016-02-17T00:26:14.000000;2016-02-17T00:26:14.000000;453afeb9-9a9a-4832-8f67-56c50d5062ca;407.51;6.0892;UNKNOWN
2016-02-17T00:26:14.000000;2016-02-17T00:26:14.000000;96ee34cf-e988-44f5-8c5e-12c8417adc71;407.51;0.6108;UNKNOWN
2016-02-17T00:26:48.000000;2016-02-17T00:26:48.000000;fa2fb5dc-ea49-415e-9850-57b0656d1530;407.12;0.01;UNKNOWN
2016-02-17T00:27:06.000000;2016-02-17T00:27:06.000000;3765322d-8829-45da-a52f-6009deede8f1;407.12;0.29097665;UNKNOWN
2016-02-17T00:27:11.000000;2016-02-17T00:27:11.000000;c5198468-f506-456d-b3ea-a7495b133118;407.15;0.01;UNKNOWN
2016-02-17T00:27:22.000000;2016-02-17T00:27:22.000000;a3aca9cd-fbb6-4235-9934-282fbb7438c6;407.15;0.01;UNKNOWN
2016-02-17T00:27:43.000000;2016-02-17T00:27:43.000000;b1d2eb8a-6ef2-4267-bfa4-191f0009f621;407.15;0.01;UNKNOWN
2016-02-17T00:27:52.000000;2016-02-17T00:27:52.000000;44f1db48-258a-445b-b10e-b1eb8baabe47;407.15;0.01;UNKNOWN
2016-02-17T00:28:01.000000;2016-02-17T00:28:01.000000;6282ea7f-afad-4fd9-8544-3773672c9bc5;407.15;0.01;UNKNOWN
2016-02-17T00:28:17.000000;2016-02-17T00:28:17.000000;a8345616-df95-4fa0-9ca0-12f2fe7d3c20;407.15;0.01;UNKNOWN
2016-02-17T00:28:35.000000;2016-02-17T00:28:35.000000;701c8bf7-7e76-4635-9638-89c0e89d5605;407.19;0.015;UNKNOWN
2016-02-17T00:28:47.000000;2016-02-17T00:28:47.000000;f8ae9805-0009-4606-8b9d-3c6959a0fe86;407.39;0.75;UNKNOWN
2016-02-17T00:28:58.000000;2016-02-17T00:28:58.000000;a16d1d44-de15-488e-9102-1949021d6ed5;407.21;0.01;UNKNOWN
2016-02-17T00:29:06.000000;2016-02-17T00:29:06.000000;ce3c9dfe-0f65-4a18-8e5e-587933959980;407.15;0.01;UNKNOWN
2016-02-17T00:29:09.000000;2016-02-17T00:29:09.000000;2c916723-b011-4516-9850-fea34b6d3b19;407.15;0.01;UNKNOWN
2016-02-17T00:29:12.000000;2016-02-17T00:29:12.000000;9137f3b3-e09d-4b0b-b2ac-b5d332a7e263;407.2;0.01;UNKNOWN
2016-02-17T00:29:14.000000;2016-02-17T00:29:14.000000;f51dd706-f641-44a2-9b94-765fc0eef282;407.2;0.01;UNKNOWN
2016-02-17T00:30:31.000000;2016-02-17T00:30:31.000000;0523e7d3-5519-4814-8f16-29f3913f49c3;407.35;3.55298688;UNKNOWN
2016-02-17T00:30:31.000000;2016-02-17T00:30:31.000000;b0da7475-90e5-4c2b-9ce9-992703e1418b;407.41;23.5987;UNKNOWN
2016-02-17T00:30:31.000000;2016-02-17T00:30:31.000000;ff9d946b-491b-4e22-ad8c-34e1610665cc;407.41;0.01;UNKNOWN
2016-02-17T00:30:31.000000;2016-02-17T00:30:31.000000;20782f7c-1d11-41d5-bfee-2251b72aaa7b;407.35;3.5534919;UNKNOWN
2016-02-17T00:30:31.000000;2016-02-17T00:30:31.000000;223728b3-6bd2-4b01-ad02-e3a2e5be28e8;407.35;3.55298688;UNKNOWN
2016-02-17T00:30:31.000000;2016-02-17T00:30:31.000000;cb1ea3ba-e974-4c36-b651-230e8997ce27;407.35;6.0776;UNKNOWN
2016-02-17T00:30:37.000000;2016-02-17T00:30:37.000000;43e757eb-340f-4c80-81bf-0fdcb3d7fa47;407.43;1.226;UNKNOWN
2016-02-17T00:30:39.000000;2016-02-17T00:30:39.000000;10afcdc4-7819-4493-ab85-0aa2747d7304;407.41;0.07129111;UNKNOWN
2016-02-17T00:31:21.000000;2016-02-17T00:31:21.000000;f2b910f3-c0d0-40f6-adac-1183ae574c65;407.41;0.01;UNKNOWN
2016-02-17T00:31:35.000000;2016-02-17T00:31:35.000000;ebd1dbf0-38c5-426e-aba3-8a7ef5538126;407.41;0.01;UNKNOWN
2016-02-17T00:31:48.000000;2016-02-17T00:31:48.000000;222c2f3e-3764-47f9-a0d9-800f0729f4b0;407.55;0.44;UNKNOWN
2016-02-17T00:33:05.000000;2016-02-17T00:33:05.000000;a49929d1-0277-4b7f-8e51-868331c53571;407.42;2.71943205;UNKNOWN
2016-02-17T00:33:27.000000;2016-02-17T00:33:27.000000;d8ff1a87-70b9-4905-a2da-b46efbf65123;407.42;0.090798;UNKNOWN
2016-02-17T00:34:19.000000;2016-02-17T00:34:19.000000;2c951a66-fae6-4529-84e7-cfcbb392e395;407.41;4.0;UNKNOWN
2016-02-17T00:34:31.000000;2016-02-17T00:34:31.000000;23796b54-00dc-4e86-8a8b-7f0481744fae;407.53;0.30078551;UNKNOWN
2016-02-17T00:35:15.000000;2016-02-17T00:35:15.000000;72b17985-33d3-4e33-b5b2-e9de544b283e;407.68;0.24455;UNKNOWN
2016-02-17T00:35:15.000000;2016-02-17T00:35:15.000000;851099b5-964e-48b4-86b4-957e207809ef;407.66;0.02545;UNKNOWN
2016-02-17T00:35:27.000000;2016-02-17T00:35:27.000000;68d78aa0-1f7b-41de-99c3-11ccef69c0a5;407.42;0.50286658;UNKNOWN
2016-02-17T00:37:47.000000;2016-02-17T00:37:47.000000;d7594fd9-6c1a-4374-ba48-c0498b6dd315;407.45;0.3;UNKNOWN
2016-02-17T00:37:47.000000;2016-02-17T00:37:47.000000;2f762a53-06a7-427c-97d3-cbde2fa39ebd;407.42;2.14464176;UNKNOWN
2016-02-17T00:37:57.000000;2016-02-17T00:37:57.000000;d75ba757-52ec-4a40-82df-078c9a54e42d;407.42;0.12283726;UNKNOWN
2016-02-17T00:39:03.000000;2016-02-17T00:39:03.000000;479a4dae-cac8-4e29-a984-7fcdeac3c192;407.41;5.56294323;UNKNOWN
2016-02-17T00:39:03.000000;2016-02-17T00:39:03.000000;ab7598ae-b54a-496d-a57b-00c42c1f814c;407.42;6.0866;UNKNOWN
2016-02-17T00:40:05.000000;2016-02-17T00:40:05.000000;4201525d-919d-4c63-98ee-2e956dea2082;407.15;0.41091801;UNKNOWN
2016-02-17T00:40:05.000000;2016-02-17T00:40:05.000000;6c15c661-e4c7-4768-912a-5e13a4bc131b;407.12;3.04971046;UNKNOWN
2016-02-17T00:42:03.000000;2016-02-17T00:42:03.000000;40fac46d-89dd-4093-b2ef-88fa2b2548a3;407.4;24.8;UNKNOWN
2016-02-17T00:42:03.000000;2016-02-17T00:42:03.000000;81523550-2813-48b5-862d-f64667335604;407.4;6.1216;UNKNOWN
2016-02-17T00:46:42.000000;2016-02-17T00:46:42.000000;dc7011a6-2e22-4e3a-b6d1-2ebd70994529;407.11;4.0;UNKNOWN
2016-02-17T00:46:42.000000;2016-02-17T00:46:42.000000;0995eacf-aa97-4371-adff-3761d38deae1;407.1;1.0;UNKNOWN
2016-02-17T00:48:58.000000;2016-02-17T00:48:58.000000;224f85f0-cf15-489c-939a-e4f83b70151c;407.12;13.6742;UNKNOWN
2016-02-17T00:48:58.000000;2016-02-17T00:48:58.000000;d93aad5d-2fed-4fb1-9a90-d3bd1381be87;407.11;6.0537;UNKNOWN
2016-02-17T00:48:58.000000;2016-02-17T00:48:58.000000;e6435ae7-1d78-48a9-9c2c-f3b3c9c79521;407.11;28.2721;UNKNOWN
2016-02-17T00:49:27.000000;2016-02-17T00:49:27.000000;25a72347-fce3-4a4a-9a1f-a1c571bdea3f;407.11;0.12116209;UNKNOWN
2016-02-17T00:49:45.000000;2016-02-17T00:49:45.000000;30b16ec9-ac3d-4bfc-ad70-2a36031866ac;407.22;0.28908226;UNKNOWN
2016-02-17T00:49:55.000000;2016-02-17T00:49:55.000000;8f1c6eb5-29f1-49f7-be29-17d1d56aa2d2;407.2;0.2;UNKNOWN
2016-02-17T00:50:05.000000;2016-02-17T00:50:05.000000;573586d0-44a0-4724-b285-6dd1d3238a84;407.19;0.28520853;UNKNOWN
2016-02-17T00:50:06.000000;2016-02-17T00:50:06.000000;95d7a50e-8c0a-4670-bf36-681991b8f3e9;407.1;0.69289825;UNKNOWN
2016-02-17T00:50:07.000000;2016-02-17T00:50:07.000000;d37dab4b-82d6-42cb-9969-b8156a7423fe;407.19;0.3799;UNKNOWN
2016-02-17T00:50:31.000000;2016-02-17T00:50:31.000000;e7ac9503-8b46-4799-a8c0-3558ba5dd0e7;407.11;0.2992482;UNKNOWN
2016-02-17T00:51:26.000000;2016-02-17T00:51:26.000000;760663a5-1cbd-4b8f-946b-2d1ee40571c5;407.11;0.29810472;UNKNOWN
2016-02-17T00:51:45.000000;2016-02-17T00:51:45.000000;0eec8a84-6417-4767-9107-4d99536ea49a;407.11;0.29644976;UNKNOWN
2016-02-17T00:52:05.000000;2016-02-17T00:52:05.000000;10443882-54a7-417c-b3ea-ee2b34e8d093;407.11;0.29526269;UNKNOWN
2016-02-17T00:52:11.000000;2016-02-17T00:52:11.000000;90e0a187-a308-4aa8-9f80-d1561f078749;407.11;0.29559641;UNKNOWN
2016-02-17T00:52:30.000000;2016-02-17T00:52:30.000000;9fd3f543-a7e5-4d7b-88e2-8a58d435afb9;407.11;0.28288646;UNKNOWN
2016-02-17T00:52:46.000000;2016-02-17T00:52:46.000000;7b15b500-a867-4b18-a6c0-acb4e884852c;407.11;0.28398215;UNKNOWN
2016-02-17T00:52:47.000000;2016-02-17T00:52:47.000000;5323d463-ab03-4cc3-b53a-b4e9bf4a27ab;407.1;2.28420687;UNKNOWN
2016-02-17T00:53:07.000000;2016-02-17T00:53:07.000000;2282f916-2718-404e-bffa-d9162ee4e0d6;407.1;0.04425943;UNKNOWN
2016-02-17T00:54:37.000000;2016-02-17T00:54:37.000000;a98d88fc-e07e-4b67-b808-598ea199cbef;407.1;3.02136455;UNKNOWN
2016-02-17T00:54:37.000000;2016-02-17T00:54:37.000000;a0cbb2e7-f7b9-4d41-b8e7-77d0a09e769b;407.1;5.97863545;UNKNOWN
2016-02-17T00:55:39.000000;2016-02-17T00:55:39.000000;e9c47832-b0ba-4629-85c4-6b018eedc30f;407.1;1.3;UNKNOWN
2016-02-17T00:55:47.000000;2016-02-17T00:55:47.000000;a20d3cbc-9981-4160-83aa-9f33eac77356;407.1;0.2;UNKNOWN
2016-02-17T00:55:47.000000;2016-02-17T00:55:47.000000;7c4555ef-28a0-4142-9ac0-e2920fd52cc4;406.88;1.0;UNKNOWN
2016-02-17T00:55:47.000000;2016-02-17T00:55:47.000000;5ce5d9f7-a791-4f70-9913-3520b1aef56f;407.1;5.67863545;UNKNOWN
2016-02-17T00:55:47.000000;2016-02-17T00:55:47.000000;3ba42dd4-f6ee-4f62-b531-99107ee200c1;406.81;1.12136455;UNKNOWN
2016-02-17T00:55:56.000000;2016-02-17T00:55:56.000000;01c70fbc-1b88-4b2a-bbf2-8befda4485fd;406.8;0.27;UNKNOWN
2016-02-17T00:56:09.000000;2016-02-17T00:56:09.000000;deecda30-dd4b-4530-9bda-e7bffc0ebaa3;406.8;0.9482;UNKNOWN
2016-02-17T00:56:09.000000;2016-02-17T00:56:09.000000;10ed5e66-4304-41be-b234-b805277a1d1d;406.53;0.97605;UNKNOWN
2016-02-17T00:56:09.000000;2016-02-17T00:56:09.000000;f72bf1c5-75e1-4109-854e-44e5dea3c072;406.61;0.2;UNKNOWN
2016-02-17T00:56:09.000000;2016-02-17T00:56:09.000000;1e5a3f16-3dce-413a-8865-bce5c50d7792;406.58;0.8;UNKNOWN
2016-02-17T00:56:09.000000;2016-02-17T00:56:09.000000;87bf4ff8-b764-4270-abe4-3e4f0d737f93;406.54;0.07575;UNKNOWN
2016-02-17T00:56:14.000000;2016-02-17T00:56:14.000000;26041353-dc2a-4e04-9113-d89413bc69ab;406.55;2.0;UNKNOWN
2016-02-17T00:56:35.000000;2016-02-17T00:56:35.000000;4e2cda7a-2c1a-46cc-b4ef-00619564b230;406.89;0.2;UNKNOWN
2016-02-17T00:57:07.000000;2016-02-17T00:57:07.000000;e564c033-e03d-474d-a40a-254a889583db;406.52;0.18564376;UNKNOWN
2016-02-17T00:57:27.000000;2016-02-17T00:57:27.000000;ad9e3ddb-a3d0-429f-ae87-08bfc110df8d;406.53;0.40355005;UNKNOWN
2016-02-17T00:57:31.000000;2016-02-17T00:57:31.000000;a35bab33-7bca-4b92-8932-08312a2be198;406.73;0.258257;UNKNOWN
2016-02-17T00:58:27.000000;2016-02-17T00:58:27.000000;3d93a190-3d66-48ca-9878-32c8cc9b7789;406.52;0.02226333;UNKNOWN
2016-02-17T00:58:35.000000;2016-02-17T00:58:35.000000;e760ce3e-374e-47f5-aab5-f031a58bef1b;406.52;6.1361;UNKNOWN
2016-02-17T00:59:05.000000;2016-02-17T00:59:05.000000;2885d61e-e814-4928-9444-a20e12ab588a;406.52;3.85299501;UNKNOWN
2016-02-17T01:00:06.000000;2016-02-17T01:00:06.000000;19f4c8e2-a5c7-4116-9e54-d6f5a3f557c3;406.52;0.05783822;UNKNOWN
2016-02-17T01:00:24.000000;2016-02-17T01:00:24.000000;1d8406f2-2014-4bb7-a5c7-8cd83dceaae2;406.53;3.6196;UNKNOWN
2016-02-17T01:00:27.000000;2016-02-17T01:00:27.000000;46e4a690-02c5-4c98-b95b-2974b6259870;406.52;0.06402151;UNKNOWN
2016-02-17T01:00:50.000000;2016-02-17T01:00:50.000000;daff718a-5d1d-4d39-a71c-31c9c94f3f02;406.52;4.68113817;UNKNOWN
2016-02-17T01:00:50.000000;2016-02-17T01:00:50.000000;a2918e51-569c-4677-888d-d348b16636f2;406.52;0.197;UNKNOWN
2016-02-17T01:00:51.000000;2016-02-17T01:00:51.000000;81661a7a-2103-49dd-85cb-6281a1a3abff;406.52;0.2;UNKNOWN
2016-02-17T01:01:10.000000;2016-02-17T01:01:10.000000;39194e66-27f5-4919-90a7-14515eda1833;406.5;0.01;UNKNOWN
2016-02-17T01:01:12.000000;2016-02-17T01:01:12.000000;4f7b1d12-ed54-49b4-9921-86722d3328a1;406.4;0.01;UNKNOWN
2016-02-17T01:02:15.000000;2016-02-17T01:02:15.000000;cf6aca32-7eb9-4f26-9d40-0a19d77e528b;406.15;3.0;UNKNOWN
2016-02-17T01:02:15.000000;2016-02-17T01:02:15.000000;8a35413c-d24f-4667-bc8e-f8d4e94d97d4;406.04;1.6557;UNKNOWN
2016-02-17T01:02:15.000000;2016-02-17T01:02:15.000000;4fb42595-f64d-4813-8274-1062e19c3b4e;406.23;1.59;UNKNOWN
2016-02-17T01:02:15.000000;2016-02-17T01:02:15.000000;f96d2d93-2bc7-4a69-bcfa-afeacd683c2e;406.3;0.01;UNKNOWN
2016-02-17T01:02:15.000000;2016-02-17T01:02:15.000000;ba95d51d-35fc-40d0-b9b9-a0e07579761c;406.16;6.0676;UNKNOWN
2016-02-17T01:02:15.000000;2016-02-17T01:02:15.000000;06e81801-c5c8-400c-adfe-9fe04e837892;406.1;0.01;UNKNOWN
2016-02-17T01:02:15.000000;2016-02-17T01:02:15.000000;7f0fa63c-58c1-4ca7-8d01-fe3115271834;406.1;1.1567;UNKNOWN
2016-02-17T01:02:15.000000;2016-02-17T01:02:15.000000;aa045475-df2a-415d-85aa-59d12fc64c2d;406.24;0.5;UNKNOWN
2016-02-17T01:02:15.000000;2016-02-17T01:02:15.000000;82b5bd6b-4ca8-4d36-8257-4e79d1839cf1;406.15;6.0;UNKNOWN
2016-02-17T01:02:15.000000;2016-02-17T01:02:15.000000;9108ecd6-86d5-46ea-bd76-adc9fc73ad68;406.2;0.01;UNKNOWN
2016-02-17T01:02:17.000000;2016-02-17T01:02:17.000000;3822f977-39b9-4f80-a34c-94b877e852f5;406.02;0.04924731;UNKNOWN
2016-02-17T01:02:19.000000;2016-02-17T01:02:19.000000;b5bb2a45-c9fb-437a-b218-e966cc49ee33;405.8;0.02;UNKNOWN
2016-02-17T01:02:19.000000;2016-02-17T01:02:19.000000;f6bacbb4-a19a-443f-bf1f-34b4ba40f186;405.75;0.58154731;UNKNOWN
2016-02-17T01:02:19.000000;2016-02-17T01:02:19.000000;c6d13a54-19a4-4355-b7c9-ea4a143a03e3;405.99;0.169;UNKNOWN
2016-02-17T01:02:19.000000;2016-02-17T01:02:19.000000;f6771077-f6c9-4dca-babe-dde7ca07a10a;406.0;1.0;UNKNOWN
2016-02-17T01:02:19.000000;2016-02-17T01:02:19.000000;927c15c4-e595-492b-90c8-6c467b55f94e;405.91;0.0487;UNKNOWN
2016-02-17T01:02:19.000000;2016-02-17T01:02:19.000000;8ef5d511-2834-4ef0-817f-ccbc8e75e0ca;406.02;0.15075269;UNKNOWN
2016-02-17T01:02:19.000000;2016-02-17T01:02:19.000000;eb09f0c2-81df-4a4b-b822-f5e0324882e9;405.9;0.01;UNKNOWN
2016-02-17T01:02:19.000000;2016-02-17T01:02:19.000000;e2bb1e56-3d61-49b7-bbd3-30de94f126be;406.0;0.01;UNKNOWN
2016-02-17T01:02:19.000000;2016-02-17T01:02:19.000000;0b6b6e60-9c31-4c85-931b-c0b7e3902351;405.8;0.01;UNKNOWN
2016-02-17T01:02:22.000000;2016-02-17T01:02:22.000000;30ccb0be-6a1f-4e3a-82f7-d0253502129e;405.76;0.02;UNKNOWN
2016-02-17T01:02:34.000000;2016-02-17T01:02:34.000000;d0188133-ff9b-4392-a5dc-25f6e983a70f;405.93;0.89;UNKNOWN
2016-02-17T01:04:35.000000;2016-02-17T01:04:35.000000;39703866-8e92-49cf-b2e9-c5f09f009d9c;405.75;2.4;UNKNOWN
2016-02-17T01:04:46.000000;2016-02-17T01:04:46.000000;28c1f881-6bec-4907-b83a-ff2a48151161;405.75;12.78;UNKNOWN
2016-02-17T01:05:26.000000;2016-02-17T01:05:26.000000;a5740113-623e-4211-9b0c-d235bfb774a9;405.75;0.3;UNKNOWN
2016-02-17T01:05:41.000000;2016-02-17T01:05:41.000000;ee10ae7e-1d9e-49f9-bbeb-99611c74dc16;405.51;2.79496914;UNKNOWN
2016-02-17T01:05:41.000000;2016-02-17T01:05:41.000000;0796a860-ddfd-4053-adab-dad94a512038;405.7;0.01;UNKNOWN
2016-02-17T01:05:41.000000;2016-02-17T01:05:41.000000;f6cd8fbe-6f65-4b43-b3bc-882cc06cc9d6;405.67;0.45;UNKNOWN
2016-02-17T01:05:41.000000;2016-02-17T01:05:41.000000;6219959c-fa07-4321-9e0b-d62b80161790;405.6;0.75;UNKNOWN
2016-02-17T01:05:41.000000;2016-02-17T01:05:41.000000;20355cb8-c323-4776-97dc-0a9ba1f39621;405.6;0.01;UNKNOWN
2016-02-17T01:05:41.000000;2016-02-17T01:05:41.000000;f296454c-baaf-40e9-bbbe-0a96789ab67c;405.61;6.1176;UNKNOWN
2016-02-17T01:05:41.000000;2016-02-17T01:05:41.000000;f474cec5-36d0-4e44-885f-88be1bb93e44;405.75;9.86743086;UNKNOWN
2016-02-17T01:05:45.000000;2016-02-17T01:05:45.000000;e5d353c3-e7da-4b95-b88f-3a0b51b7e639;405.51;1.0;UNKNOWN
2016-02-17T01:05:46.000000;2016-02-17T01:05:46.000000;6abe0dc7-2e7d-411a-99a7-d71530ede009;405.51;3.0;UNKNOWN
2016-02-17T01:05:52.000000;2016-02-17T01:05:52.000000;fcd80f89-6638-4910-b869-f64d92ee05ce;405.58;0.08517;UNKNOWN
2016-02-17T01:06:02.000000;2016-02-17T01:06:02.000000;42ed9c62-cf46-4e88-92fa-c122119cc8a2;405.54;0.18236;UNKNOWN
2016-02-17T01:06:08.000000;2016-02-17T01:06:08.000000;bb571962-84b5-429c-81c8-246599c0ef02;405.51;0.3;UNKNOWN
2016-02-17T01:06:09.000000;2016-02-17T01:06:09.000000;583dde02-928b-401e-8f77-2d0981b4274f;405.58;0.05411;UNKNOWN
2016-02-17T01:06:16.000000;2016-02-17T01:06:16.000000;e78433a7-be5e-480d-b440-674de639c79c;405.55;0.03006;UNKNOWN
2016-02-17T01:06:21.000000;2016-02-17T01:06:21.000000;18c4163b-2de6-4f19-8694-0a89d2cdc94e;405.52;0.11222;UNKNOWN
2016-02-17T01:06:28.000000;2016-02-17T01:06:28.000000;133ae5a6-15f8-4f34-9732-ae594fa70bbf;405.51;0.03453853;UNKNOWN
2016-02-17T01:06:28.000000;2016-02-17T01:06:28.000000;aecdc295-3394-47e6-b379-204a47c2fbf5;405.61;0.09319;UNKNOWN
2016-02-17T01:06:35.000000;2016-02-17T01:06:35.000000;bc943adc-6a52-42e8-ad09-167ad41c1160;405.58;0.03607;UNKNOWN
2016-02-17T01:06:39.000000;2016-02-17T01:06:39.000000;92aebc58-9b23-4cfe-bd46-53c03e8064ef;405.53;0.31;UNKNOWN
2016-02-17T01:06:42.000000;2016-02-17T01:06:42.000000;9a235c70-ebe9-4bb1-8c69-4dca6da2a631;405.51;6.0887;UNKNOWN
2016-02-17T01:06:42.000000;2016-02-17T01:06:42.000000;2b1306ff-5107-4577-8f60-1a58cf9cac8d;405.52;0.23046;UNKNOWN
2016-02-17T01:07:00.000000;2016-02-17T01:07:00.000000;254119a3-e40a-4a37-b7f5-a05a27641c85;405.52;0.25;UNKNOWN
2016-02-17T01:07:01.000000;2016-02-17T01:07:01.000000;300bc5e8-c729-4e96-ade5-ff8af78f824d;405.52;0.1984;UNKNOWN
2016-02-17T01:07:07.000000;2016-02-17T01:07:07.000000;61d289ca-9ffe-43b3-ada8-771e75cb64ff;405.52;0.2515;UNKNOWN
2016-02-17T01:07:43.000000;2016-02-17T01:07:43.000000;21cd6781-988e-41d3-9a66-5ccf01de8eb5;405.6;15.3489;UNKNOWN
2016-02-17T01:07:43.000000;2016-02-17T01:07:43.000000;be61d8a5-6935-4cff-bad1-45797face004;405.64;6.0882;UNKNOWN
2016-02-17T01:07:43.000000;2016-02-17T01:07:43.000000;7392b76b-8c17-4471-acb8-402470aea09b;405.6;3.0;UNKNOWN
2016-02-17T01:07:43.000000;2016-02-17T01:07:43.000000;2806f741-5d76-40ac-b102-cf6e3bb8e30d;405.6;0.5;UNKNOWN
2016-02-17T01:07:43.000000;2016-02-17T01:07:43.000000;f4604aa1-a544-40b0-8a1c-5eefb6ddeca9;405.65;11.84469233;UNKNOWN
2016-02-17T01:08:11.000000;2016-02-17T01:08:11.000000;c2f850f4-4761-4279-8717-8f106f8a1ca1;405.52;0.3;UNKNOWN
2016-02-17T01:08:35.000000;2016-02-17T01:08:35.000000;cf807375-4527-4ad7-a86f-3186113ba8bc;405.51;1.0;UNKNOWN
2016-02-17T01:10:05.000000;2016-02-17T01:10:05.000000;9c344fee-b948-409f-ab20-414d429e672d;405.2;0.01;UNKNOWN
2016-02-17T01:10:05.000000;2016-02-17T01:10:05.000000;f02bbe3e-98c4-4a61-9f1d-2ff500e22657;405.2;0.02;UNKNOWN
2016-02-17T01:10:05.000000;2016-02-17T01:10:05.000000;5ba38cdd-ff9f-4894-afdc-6d9c7d9c45b2;405.3;0.01;UNKNOWN
2016-02-17T01:10:05.000000;2016-02-17T01:10:05.000000;f9ad2bba-5200-4401-a250-a445e29d8cba;405.16;0.25835;UNKNOWN
2016-02-17T01:10:05.000000;2016-02-17T01:10:05.000000;3bb3116d-946d-4a24-95c5-aaa34b033124;405.5;0.01;UNKNOWN
2016-02-17T01:10:05.000000;2016-02-17T01:10:05.000000;21de5bf3-991f-4385-a644-10676432edfc;405.42;0.0612;UNKNOWN
2016-02-17T01:10:05.000000;2016-02-17T01:10:05.000000;55221c2c-c25e-44ae-81cf-342fa5152d72;405.4;0.01;UNKNOWN
2016-02-17T01:10:09.000000;2016-02-17T01:10:09.000000;11c7a737-0549-4272-8fff-adefaf5cc358;405.62;0.5;UNKNOWN
2016-02-17T01:10:09.000000;2016-02-17T01:10:09.000000;eb56d4f0-e4c9-4633-bb6c-1e9fd93b1a98;405.62;3.0;UNKNOWN
2016-02-17T01:10:09.000000;2016-02-17T01:10:09.000000;1f8386ab-aec7-4d6b-90da-d35358d58602;405.63;0.74642898;UNKNOWN
2016-02-17T01:10:16.000000;2016-02-17T01:10:16.000000;2257983b-d0cc-4778-bdd0-8bb72fbbb3a0;405.32;0.45;UNKNOWN
2016-02-17T01:10:16.000000;2016-02-17T01:10:16.000000;16cbf97d-bd19-4215-9b91-49fa8eba5d87;405.32;2.04;UNKNOWN
2016-02-17T01:10:26.000000;2016-02-17T01:10:26.000000;67a3b642-2995-4f96-956c-446c48e7915c;405.64;0.1;UNKNOWN
2016-02-17T01:11:55.000000;2016-02-17T01:11:55.000000;452064d7-1d09-4542-a161-a5fcf7ee08d2;405.97;1.1863;UNKNOWN
2016-02-17T01:11:55.000000;2016-02-17T01:11:55.000000;ef0aeb9e-0629-4926-b684-e7ce402f76f9;405.87;3.56540134;UNKNOWN
2016-02-17T01:11:55.000000;2016-02-17T01:11:55.000000;c0cdfe21-278a-4958-95fa-d1c10c030551;405.92;14.0335;UNKNOWN
2016-02-17T01:11:55.000000;2016-02-17T01:11:55.000000;7c325686-1d57-49c6-a87b-04940b06bbb9;405.92;3.56540134;UNKNOWN
2016-02-17T01:12:25.000000;2016-02-17T01:12:25.000000;3618f022-2d2a-4b9b-b36e-37d3623b8f9f;406.08;4.25;UNKNOWN
2016-02-17T01:12:37.000000;2016-02-17T01:12:37.000000;03c3c843-f9d3-4932-b19c-79f45efe2cac;405.99;0.02715415;UNKNOWN
2016-02-17T01:13:17.000000;2016-02-17T01:13:17.000000;a02f9ab1-bf36-406a-8eed-9625768b49ce;406.27;1.0;UNKNOWN
2016-02-17T01:14:08.000000;2016-02-17T01:14:08.000000;9c76b668-b580-4d4b-af0a-5d19d905f1cf;405.5;0.41384634;UNKNOWN
2016-02-17T01:14:08.000000;2016-02-17T01:14:08.000000;e51e188b-4a5b-4367-a9c3-dc288a442c49;405.51;6.10598233;UNKNOWN
2016-02-17T01:14:08.000000;2016-02-17T01:14:08.000000;6cf69db5-e0e3-4c38-9940-897bade696ab;405.51;0.04931767;UNKNOWN
2016-02-17T01:14:27.000000;2016-02-17T01:14:27.000000;7336865c-ff82-4866-bd84-42205b4bf01e;405.52;3.90982568;UNKNOWN
2016-02-17T01:14:40.000000;2016-02-17T01:14:40.000000;b8944596-cfcd-498c-b5f3-a2730550a197;405.76;0.03;UNKNOWN
2016-02-17T01:15:38.000000;2016-02-17T01:15:38.000000;79d7b7a0-f80a-4972-be2a-f2386f299265;405.5;1.1848502;UNKNOWN
2016-02-17T01:17:05.000000;2016-02-17T01:17:05.000000;4ac93b38-02e0-4810-844a-7241fb2ae3e8;405.65;0.02458331;UNKNOWN
2016-02-17T01:19:49.000000;2016-02-17T01:19:49.000000;e0e1546c-b17d-4f23-82e6-5598e1a1a9a1;405.7;0.55;UNKNOWN
2016-02-17T01:20:05.000000;2016-02-17T01:20:05.000000;21cea2c4-337c-440c-be4f-bd37654a4956;406.09;1.0;UNKNOWN
2016-02-17T01:21:24.000000;2016-02-17T01:21:24.000000;c54e8b29-34ee-4c91-9f3a-88aac0b528f6;406.02;0.5;UNKNOWN
2016-02-17T01:21:24.000000;2016-02-17T01:21:24.000000;0e8b7981-5812-4b7c-b096-253a74ccee4a;406.0;0.05;UNKNOWN
2016-02-17T01:21:24.000000;2016-02-17T01:21:24.000000;1fc327d0-0a0e-4f2f-ac97-5adf69129ead;406.0;0.5;UNKNOWN
2016-02-17T01:21:24.000000;2016-02-17T01:21:24.000000;dcfe1951-3acc-43e1-9099-fa59170f1ad5;406.02;6.0;UNKNOWN
2016-02-17T01:21:24.000000;2016-02-17T01:21:24.000000;303567a7-2900-459c-8108-be6e72f4bbe6;406.0;12.4;UNKNOWN
2016-02-17T01:21:24.000000;2016-02-17T01:21:24.000000;53228072-4962-4386-8a51-5e93b45799d6;406.0;0.5;UNKNOWN
2016-02-17T01:21:24.000000;2016-02-17T01:21:24.000000;706a24d7-2367-4e75-af3d-f9031bbc6a89;406.01;6.1156;UNKNOWN
2016-02-17T01:21:42.000000;2016-02-17T01:21:42.000000;404c3bf4-0aa2-433c-a3b9-0d9228c4c79f;406.0;3.9344;UNKNOWN
2016-02-17T01:21:44.000000;2016-02-17T01:21:44.000000;f6189ad9-cd6b-47fd-a40c-0f8ef8f41438;406.27;1.002;UNKNOWN
2016-02-17T01:22:02.000000;2016-02-17T01:22:02.000000;7c377c88-61f1-4dca-aa4d-d6476f720623;406.37;0.2;UNKNOWN
2016-02-17T01:22:02.000000;2016-02-17T01:22:02.000000;109efda9-cf07-4310-9ae4-26a729383f82;406.42;14.7354;UNKNOWN
2016-02-17T01:22:02.000000;2016-02-17T01:22:02.000000;b162c87b-fd32-4c2b-bfde-dcbe949bb6ea;406.42;3.56167636;UNKNOWN
2016-02-17T01:22:07.000000;2016-02-17T01:22:07.000000;5bcf35ee-ed92-4436-ac12-3433d2aee58a;406.33;0.09873264;UNKNOWN
2016-02-17T01:22:21.000000;2016-02-17T01:22:21.000000;87834d51-5a13-49fe-a1cf-c8bfc092e774;406.08;0.03044028;UNKNOWN
2016-02-17T01:22:21.000000;2016-02-17T01:22:21.000000;2da94f7f-a564-4093-a7da-3901eada8ce4;406.36;0.5;UNKNOWN
2016-02-17T01:22:56.000000;2016-02-17T01:22:56.000000;7ccd19ee-2e56-4aee-8b47-5838fee3f6e0;406.56;3.8;UNKNOWN
2016-02-17T01:23:35.000000;2016-02-17T01:23:35.000000;3fcb1096-f8c4-4585-80ca-ecc98ea3e63d;406.53;3.0;UNKNOWN
2016-02-17T01:23:35.000000;2016-02-17T01:23:35.000000;ca38f06e-6a92-47e9-86fd-085c70489514;406.68;12.0;UNKNOWN
2016-02-17T01:23:35.000000;2016-02-17T01:23:35.000000;d3430205-d090-4e57-876d-9ef3be87b5f4;406.58;6.0;UNKNOWN
2016-02-17T01:23:35.000000;2016-02-17T01:23:35.000000;82473983-5610-42d3-8169-1b8fb8916d2a;406.74;3.37800014;UNKNOWN
2016-02-17T01:23:35.000000;2016-02-17T01:23:35.000000;b04cc035-95dd-4dfd-ab74-52894a6d6816;406.61;3.56099993;UNKNOWN
2016-02-17T01:23:35.000000;2016-02-17T01:23:35.000000;30821b89-de5d-4896-9620-1e3fc280bb79;406.52;0.5;UNKNOWN
2016-02-17T01:23:35.000000;2016-02-17T01:23:35.000000;b529fb7d-5f76-48b7-b6ff-1f3b9c1e9073;406.56;3.56099993;UNKNOWN
2016-02-17T01:23:57.000000;2016-02-17T01:23:57.000000;98fe884b-aa8d-4573-9519-8d6e21004b2d;406.16;0.112113;UNKNOWN
2016-02-17T01:25:27.000000;2016-02-17T01:25:27.000000;ad783c18-4e0d-4319-b48f-a30db8dce1ef;406.36;1.705734;UNKNOWN
2016-02-17T01:26:06.000000;2016-02-17T01:26:06.000000;eeddad84-723c-4021-9301-056f119097e1;406.14;0.92160103;UNKNOWN
2016-02-17T01:27:05.000000;2016-02-17T01:27:05.000000;ccabb894-3bee-4cde-ba20-66e2ee3018e2;406.14;1.53609546;UNKNOWN
2016-02-17T01:27:07.000000;2016-02-17T01:27:07.000000;410f6da5-422a-49d1-8f7c-ddb193744370;406.14;0.08629106;UNKNOWN
2016-02-17T01:27:44.000000;2016-02-17T01:27:44.000000;4c33e895-9291-438b-a9b8-211089d7de6a;406.15;0.2;UNKNOWN
2016-02-17T01:30:38.000000;2016-02-17T01:30:38.000000;339f286b-3c46-487b-b152-3183b26ed3e3;406.14;0.02464669;UNKNOWN
2016-02-17T01:31:19.000000;2016-02-17T01:31:19.000000;72a49a1e-0868-4f8a-b2bb-eeeaeac9548c;406.15;0.3;UNKNOWN
2016-02-17T01:31:46.000000;2016-02-17T01:31:46.000000;93c25c9a-c2ce-4a1c-a570-f97eb7150a3f;406.16;0.2;UNKNOWN
2016-02-17T01:32:05.000000;2016-02-17T01:32:05.000000;fbd6b407-2e9f-44a7-923a-0f6ade0f0927;406.24;0.110018;UNKNOWN
2016-02-17T01:33:06.000000;2016-02-17T01:33:06.000000;d6c339b7-7f66-4304-80b5-7fc4cf92b6c0;406.62;1.44573691;UNKNOWN
2016-02-17T01:33:06.000000;2016-02-17T01:33:06.000000;a1164c59-b741-4174-b686-0fb5bc096230;406.63;0.15;UNKNOWN
2016-02-17T01:33:37.000000;2016-02-17T01:33:37.000000;3ee2d40e-846b-4b9c-a2a7-3480122ef399;406.01;0.59885581;UNKNOWN
2016-02-17T01:33:49.000000;2016-02-17T01:33:49.000000;b146df74-e1d1-43b5-8bc4-e7b18279d09d;406.06;0.1;UNKNOWN
2016-02-17T01:37:05.000000;2016-02-17T01:37:05.000000;af32cd34-18e6-4f5e-a4e2-f4324b187677;406.33;3.0;UNKNOWN
2016-02-17T01:37:05.000000;2016-02-17T01:37:05.000000;a6b0cb49-1412-4702-9840-009728462a32;406.33;0.5;UNKNOWN
2016-02-17T01:37:05.000000;2016-02-17T01:37:05.000000;a91a825b-e802-4a19-a6bf-c0af7c99dc4b;406.11;0.4241;UNKNOWN
2016-02-17T01:37:05.000000;2016-02-17T01:37:05.000000;1339e50e-8165-457d-b43d-cfbb955899be;406.32;6.0759;UNKNOWN
2016-02-17T01:37:28.000000;2016-02-17T01:37:28.000000;53b3e7e6-6edd-4dec-920d-8a4f7c51a53a;406.18;0.12171077;UNKNOWN
2016-02-17T01:37:36.000000;2016-02-17T01:37:36.000000;57ae07e0-82d4-43e0-91dc-ecc2337c3fc3;406.24;0.5;UNKNOWN
2016-02-17T01:37:36.000000;2016-02-17T01:37:36.000000;41b9b81f-c8d3-4301-85cd-706060d9ce25;406.17;6.0;UNKNOWN
2016-02-17T01:37:36.000000;2016-02-17T01:37:36.000000;60b2b331-ab8c-498c-b4ee-8d6c17d73c13;406.22;6.1434;UNKNOWN
2016-02-17T01:37:36.000000;2016-02-17T01:37:36.000000;0347efa5-a7e5-4113-a8ef-0fc3e873eba1;406.13;9.3566;UNKNOWN
2016-02-17T01:37:36.000000;2016-02-17T01:37:36.000000;23120912-2416-424d-ac77-9da14b64e515;406.24;3.0;UNKNOWN
2016-02-17T01:38:29.000000;2016-02-17T01:38:29.000000;ff11b9e2-69e1-43d2-b9fe-4ad6f2d96537;406.02;31.9421;UNKNOWN
2016-02-17T01:38:29.000000;2016-02-17T01:38:29.000000;af230f83-15e6-4c67-9630-1e5ca147e5b2;406.01;6.1411;UNKNOWN
2016-02-17T01:38:29.000000;2016-02-17T01:38:29.000000;362faeee-9d56-460a-b80b-40223d595aea;405.9;4.8512;UNKNOWN
2016-02-17T01:38:29.000000;2016-02-17T01:38:29.000000;6ba13271-5774-4f4f-9aec-d685c4ab9523;406.06;0.5;UNKNOWN
2016-02-17T01:38:29.000000;2016-02-17T01:38:29.000000;63d90c76-224e-4f5a-b383-282b2249b80e;406.3;0.5;UNKNOWN
2016-02-17T01:38:29.000000;2016-02-17T01:38:29.000000;61d1ae60-819b-44f0-a328-df0774bb33cb;406.0;6.0656;UNKNOWN
2016-02-17T01:39:05.000000;2016-02-17T01:39:05.000000;0d5cad70-2c8a-4c00-96e0-f46d5cb0ceaf;405.91;0.8;UNKNOWN
2016-02-17T01:40:05.000000;2016-02-17T01:40:05.000000;8d8bf954-73ec-4375-bcc3-f3970e2f916f;406.38;0.30772632;UNKNOWN
2016-02-17T01:40:05.000000;2016-02-17T01:40:05.000000;560f052d-f758-4244-83aa-4e3ba56a377e;406.38;0.2;UNKNOWN
2016-02-17T01:41:27.000000;2016-02-17T01:41:27.000000;d417f33b-faf3-43af-81d0-66ed999c8c3d;406.07;0.1228;UNKNOWN
2016-02-17T01:42:05.000000;2016-02-17T01:42:05.000000;f090184d-6bda-4551-8a46-21f00c50b123;406.41;1.67565787;UNKNOWN
2016-02-17T01:42:05.000000;2016-02-17T01:42:05.000000;0f2ca4df-8523-4e25-9838-d081484d2501;406.41;0.5;UNKNOWN
2016-02-17T01:42:40.000000;2016-02-17T01:42:40.000000;d7a50680-21eb-495b-898f-18856c796e92;406.44;0.2;UNKNOWN
2016-02-17T01:43:05.000000;2016-02-17T01:43:05.000000;47472e5f-7d97-46ad-a369-2b915864affb;406.42;0.08;UNKNOWN
2016-02-17T01:44:07.000000;2016-02-17T01:44:07.000000;654b06db-a4b5-4d81-a9c7-5f6808a6dca9;406.42;0.03694457;UNKNOWN
2016-02-17T01:45:07.000000;2016-02-17T01:45:07.000000;781df1be-6a58-4cf8-bce8-0b57b3b2d0d4;406.42;0.12295;UNKNOWN
2016-02-17T01:46:05.000000;2016-02-17T01:46:05.000000;4b9a85a9-1d2c-4a58-b979-b54e936dea60;406.42;0.15;UNKNOWN
2016-02-17T01:46:27.000000;2016-02-17T01:46:27.000000;af32290c-1f62-4314-93c0-87efed122614;406.42;0.07388915;UNKNOWN
2016-02-17T01:48:08.000000;2016-02-17T01:48:08.000000;8d82c124-af74-4fb0-b1ef-bbe6deeeb521;406.42;4.53621628;UNKNOWN
2016-02-17T01:48:09.000000;2016-02-17T01:48:09.000000;255b62f8-3b0a-4f7b-a446-c27a059cbd57;406.43;0.04;UNKNOWN
2016-02-17T01:48:35.000000;2016-02-17T01:48:35.000000;c1580798-0031-4da1-9832-52fff8a29b91;406.13;0.03507;UNKNOWN
2016-02-17T01:48:42.000000;2016-02-17T01:48:42.000000;e817915b-7dcd-4d2e-af58-f94a97b28c60;406.13;1.002;UNKNOWN
2016-02-17T01:48:48.000000;2016-02-17T01:48:48.000000;1e50d9ef-2ec9-4cdd-ac07-ac13df939cc6;406.13;0.47595;UNKNOWN
2016-02-17T01:49:06.000000;2016-02-17T01:49:06.000000;43b3adf1-84a6-423d-a430-531db156358a;406.08;0.14429;UNKNOWN
2016-02-17T01:49:12.000000;2016-02-17T01:49:12.000000;f8a21843-b0d2-4886-9d0d-8acadb9e49c2;406.08;1.002;UNKNOWN
2016-02-17T01:49:18.000000;2016-02-17T01:49:18.000000;3cad1f2a-79ba-4f09-b7d6-ee889e892b18;406.25;0.32465;UNKNOWN
2016-02-17T01:49:29.000000;2016-02-17T01:49:29.000000;8f6d52f7-1edc-4c22-a6b0-21168e497b97;406.06;0.18637;UNKNOWN
2016-02-17T01:49:36.000000;2016-02-17T01:49:36.000000;6a669611-1da2-4a5f-b2d1-3617e052e0e6;406.06;0.45391;UNKNOWN
2016-02-17T01:49:41.000000;2016-02-17T01:49:41.000000;e941e287-f1da-470d-824a-2d8155e1c951;406.06;0.45391;UNKNOWN
2016-02-17T01:49:49.000000;2016-02-17T01:49:49.000000;42917170-f21f-4856-8cf6-d42539a5d3df;406.06;0.37775;UNKNOWN
2016-02-17T01:49:55.000000;2016-02-17T01:49:55.000000;7931e86d-9ef9-4212-a109-bebe992099f1;406.06;0.14529;UNKNOWN
2016-02-17T01:50:01.000000;2016-02-17T01:50:01.000000;4995fb5e-469b-4651-a5c7-4e6d75547d9d;406.06;0.32465;UNKNOWN
2016-02-17T01:50:05.000000;2016-02-17T01:50:05.000000;41fd9389-258c-4465-ad38-4931de96f0c6;406.06;0.63459363;UNKNOWN
2016-02-17T01:50:08.000000;2016-02-17T01:50:08.000000;b1aa16ed-d214-4d70-8eb8-7127bbc47c63;406.06;0.14529;UNKNOWN
2016-02-17T01:50:15.000000;2016-02-17T01:50:15.000000;0c865016-320a-43fd-81d5-4d7a760a9b7f;406.06;0.10922;UNKNOWN
2016-02-17T01:50:21.000000;2016-02-17T01:50:21.000000;06e82786-d3b2-4218-9eeb-ffc43a12d818;406.06;0.13627;UNKNOWN
2016-02-17T01:50:28.000000;2016-02-17T01:50:28.000000;3e982474-c3bf-46a2-bc07-f8b2f79a5a78;406.06;0.1483;UNKNOWN
2016-02-17T01:50:30.000000;2016-02-17T01:50:30.000000;1a03456a-da1a-4f06-b453-96ead0708b20;406.26;6.145;UNKNOWN
2016-02-17T01:50:30.000000;2016-02-17T01:50:30.000000;1bac97ad-951c-41fe-a57d-25fc275e48b4;406.06;6.22444637;UNKNOWN
2016-02-17T01:50:30.000000;2016-02-17T01:50:30.000000;14acc85e-4616-4312-8ce9-5676d3901637;406.27;0.63055363;UNKNOWN
2016-02-17T01:50:35.000000;2016-02-17T01:50:35.000000;b115c341-eeb0-4b3a-9022-4af2e3595a18;406.43;0.63126;UNKNOWN
2016-02-17T01:51:05.000000;2016-02-17T01:51:05.000000;3304bbb8-7117-457c-bfc2-172a63837db9;406.01;2.5314;UNKNOWN
2016-02-17T01:51:08.000000;2016-02-17T01:51:08.000000;d8e100cf-ad66-4b06-b9b4-9b4644298b78;406.0;0.10333092;UNKNOWN
2016-02-17T01:52:05.000000;2016-02-17T01:52:05.000000;18544944-68e5-458d-8caa-29bb43422b8f;406.5;0.02331126;UNKNOWN
2016-02-17T01:52:05.000000;2016-02-17T01:52:05.000000;67265104-3418-4d0e-a543-8a87a06ef381;406.61;6.97668874;UNKNOWN
2016-02-17T01:52:26.000000;2016-02-17T01:52:26.000000;e89797b4-6c88-4aaf-94b4-2685d757fef5;406.6;0.28174226;UNKNOWN
2016-02-17T01:52:50.000000;2016-02-17T01:52:50.000000;1b268583-dcbc-49b9-a639-10d36bcb6196;406.41;0.5;UNKNOWN
2016-02-17T01:52:50.000000;2016-02-17T01:52:50.000000;2a150a66-86ab-4229-95cf-b5e331483653;406.4;3.0;UNKNOWN
2016-02-17T01:52:50.000000;2016-02-17T01:52:50.000000;52c40d43-b492-4052-9f51-e15b9b23b608;406.0;7.54313092;UNKNOWN
2016-02-17T01:52:50.000000;2016-02-17T01:52:50.000000;d2cef86f-8d2e-46ea-a12f-c12e4c20be81;406.02;18.0;UNKNOWN
2016-02-17T01:52:50.000000;2016-02-17T01:52:50.000000;5a16d68e-8e9c-4b9b-b785-4abe479fe97a;406.39;6.0;UNKNOWN
2016-02-17T01:52:50.000000;2016-02-17T01:52:50.000000;a56cb618-2c40-4484-be9b-7e41fc83710b;406.0;14.89666908;UNKNOWN
2016-02-17T01:52:50.000000;2016-02-17T01:52:50.000000;8a045833-dee5-4a98-a7ac-a4e201572410;406.04;6.1072;UNKNOWN
2016-02-17T01:52:50.000000;2016-02-17T01:52:50.000000;45fd659d-5005-4588-b2c2-a4ba33c007b4;406.01;31.953;UNKNOWN
2016-02-17T01:52:50.000000;2016-02-17T01:52:50.000000;9ec3f66c-daf8-48b5-9f12-fd4ba32a3e93;406.03;12.0;UNKNOWN
2016-02-17T01:54:34.000000;2016-02-17T01:54:34.000000;860d6f38-ec54-44c8-aee9-31cb336b654f;406.41;3.8;UNKNOWN
2016-02-17T01:57:38.000000;2016-02-17T01:57:38.000000;e0a4e9f8-dc24-459c-bc68-e2976ce552de;406.4;0.7995964;UNKNOWN
2016-02-17T01:58:47.000000;2016-02-17T01:58:47.000000;43f686df-65f1-4be2-9520-7f2a47c11fee;406.21;0.5385964;UNKNOWN
2016-02-17T01:58:47.000000;2016-02-17T01:58:47.000000;44f447bd-be09-4d11-b012-20244b56c949;406.4;0.2004036;UNKNOWN
2016-02-17T01:59:48.000000;2016-02-17T01:59:48.000000;038cbf08-25f9-43d6-9f08-910b57b3f4fb;406.54;0.5;UNKNOWN
2016-02-17T01:59:48.000000;2016-02-17T01:59:48.000000;a9e5dd57-66e4-4b9c-9cf1-57f10c17fa80;406.55;0.3763;UNKNOWN
2016-02-17T01:59:48.000000;2016-02-17T01:59:48.000000;419c9cf1-b2be-4111-bf71-de2ceaf512b2;406.54;3.0;UNKNOWN
2016-02-17T01:59:48.000000;2016-02-17T01:59:48.000000;5c9efe9a-621b-4d0f-b2bf-3945af3e752e;406.54;6.1237;UNKNOWN
2016-02-17T02:00:58.000000;2016-02-17T02:00:58.000000;9a92430b-65f3-4369-9f20-6f50f8e81f46;406.59;0.5;UNKNOWN
2016-02-17T02:00:58.000000;2016-02-17T02:00:58.000000;18857eb0-b6c2-4de9-bc44-acd43686587c;406.59;0.5;UNKNOWN
2016-02-17T02:01:15.000000;2016-02-17T02:01:15.000000;41441799-5dd2-4e18-b588-d9a2f6ab782a;406.52;3.0;UNKNOWN
2016-02-17T02:02:05.000000;2016-02-17T02:02:05.000000;b0d31592-418d-4736-bfd4-2e2b9d4788b4;406.69;2.0;UNKNOWN
2016-02-17T02:02:27.000000;2016-02-17T02:02:27.000000;6bbbcfb1-f6b8-49cd-ba6e-ad9e82312b94;406.21;0.36885;UNKNOWN
2016-02-17T02:03:27.000000;2016-02-17T02:03:27.000000;5981a264-d404-4f79-816b-badccce93b6f;406.4;0.48687862;UNKNOWN
2016-02-17T02:05:05.000000;2016-02-17T02:05:05.000000;6dc96fe1-65e3-42e3-bff6-46eb34160720;406.65;0.02486267;UNKNOWN
2016-02-17T02:05:27.000000;2016-02-17T02:05:27.000000;518aba83-8fb9-4bca-87ae-a2a0f3592c07;406.4;0.06071423;UNKNOWN
2016-02-17T02:06:05.000000;2016-02-17T02:06:05.000000;e18c9323-bf5e-4707-999c-dfa5fdda445a;406.57;0.01010868;UNKNOWN
2016-02-17T02:09:45.000000;2016-02-17T02:09:45.000000;1e7f192a-5f6a-40b4-8555-114fc427cc37;406.4;0.01;UNKNOWN
2016-02-17T02:13:06.000000;2016-02-17T02:13:06.000000;716f8e81-30ad-408c-9a6e-d5141cbe5ee4;406.74;3.62231962;UNKNOWN
2016-02-17T02:13:41.000000;2016-02-17T02:13:41.000000;43e8e16f-4906-48a2-8800-355c672bab46;406.75;3.0;UNKNOWN
2016-02-17T02:13:41.000000;2016-02-17T02:13:41.000000;0ccbb689-d331-4b33-a884-b70822d0faa7;406.75;1.5;UNKNOWN
2016-02-17T02:13:41.000000;2016-02-17T02:13:41.000000;cf34d5a9-8c51-43b5-b306-57f20e6c8524;406.75;0.5;UNKNOWN
2016-02-17T02:13:48.000000;2016-02-17T02:13:48.000000;94ea0ce6-fec1-42cb-ac4d-51a582ae162e;406.76;4.0;UNKNOWN
2016-02-17T02:13:49.000000;2016-02-17T02:13:49.000000;293357d3-fd93-4b22-8867-6ea918af34f6;406.76;5.0;UNKNOWN
2016-02-17T02:13:54.000000;2016-02-17T02:13:54.000000;60c89c06-2d9c-4d7d-8d94-caf4be70b036;406.91;5.0;UNKNOWN
2016-02-17T02:14:01.000000;2016-02-17T02:14:01.000000;ae2bf5bf-f593-4c9f-88fc-1e0320f5c3e1;406.89;0.5;UNKNOWN
2016-02-17T02:14:01.000000;2016-02-17T02:14:01.000000;f332f9fd-6ca3-49ea-b0c9-44c1538d55b9;406.91;1.5;UNKNOWN
2016-02-17T02:14:01.000000;2016-02-17T02:14:01.000000;a67c0b52-8397-406e-9c49-8d87955267f4;406.9;3.0;UNKNOWN
2016-02-17T02:14:07.000000;2016-02-17T02:14:07.000000;18a02a32-5847-4104-ab03-3fa1b70faeb2;406.9;0.07;UNKNOWN
2016-02-17T02:14:14.000000;2016-02-17T02:14:14.000000;410b8983-a496-485b-96a0-b3a6ed46543d;407.05;0.15395;UNKNOWN
2016-02-17T02:14:14.000000;2016-02-17T02:14:14.000000;8a26d4d7-8449-44a8-a8a4-2c6794e5585d;407.05;0.97605;UNKNOWN
2016-02-17T02:14:43.000000;2016-02-17T02:14:43.000000;183c0d8f-2031-4cdc-9803-999690c3f364;406.96;0.49;UNKNOWN
2016-02-17T02:14:49.000000;2016-02-17T02:14:49.000000;030b5592-0c6e-406d-abe8-f4f17cc5523b;406.94;0.49;UNKNOWN
2016-02-17T02:14:55.000000;2016-02-17T02:14:55.000000;91a5d2df-edd8-4892-a632-93679ae5d454;407.06;2.62;UNKNOWN
2016-02-17T02:15:01.000000;2016-02-17T02:15:01.000000;b27bcb77-fe9b-4f99-94e9-06604f89a4ab;407.0;0.5;UNKNOWN
2016-02-17T02:15:01.000000;2016-02-17T02:15:01.000000;ea1eabd6-2df4-4ac3-934f-b9f902b8fe64;407.05;0.67;UNKNOWN
2016-02-17T02:15:08.000000;2016-02-17T02:15:08.000000;0538c859-72a3-427c-b22a-3f63ea507a92;407.01;0.47;UNKNOWN
2016-02-17T02:15:21.000000;2016-02-17T02:15:21.000000;d9da554a-fbdf-4e03-bf6c-761b8d40ea7f;406.96;5.0;UNKNOWN
2016-02-17T02:15:29.000000;2016-02-17T02:15:29.000000;6d74c0ae-b202-42c0-b7f9-7d02e912c77f;407.06;1.5;UNKNOWN
2016-02-17T02:15:29.000000;2016-02-17T02:15:29.000000;dfc99a6d-d3b1-44a1-9d09-825bb9c0e06a;406.95;0.5;UNKNOWN
2016-02-17T02:15:29.000000;2016-02-17T02:15:29.000000;96c9c330-68ee-4bb4-9a62-0b88fa6f0625;406.95;3.0;UNKNOWN
2016-02-17T02:15:40.000000;2016-02-17T02:15:40.000000;2ad33ee3-e9aa-47e7-a730-4bc24c1a0e28;406.27;1.96583567;UNKNOWN
2016-02-17T02:15:48.000000;2016-02-17T02:15:48.000000;8b1795d1-afd1-412a-9846-cb992ef7f870;406.9;4.0;UNKNOWN
2016-02-17T02:16:28.000000;2016-02-17T02:16:28.000000;fbd991f0-c539-4ddf-9658-2c2c44526be7;407.0;0.5;UNKNOWN
2016-02-17T02:16:28.000000;2016-02-17T02:16:28.000000;97877639-f270-46d2-af1e-847ed6405081;407.0;0.5;UNKNOWN
2016-02-17T02:17:01.000000;2016-02-17T02:17:01.000000;761efcb6-9f5d-46c7-aa6a-8b725421095e;407.19;0.3968;UNKNOWN
2016-02-17T02:17:01.000000;2016-02-17T02:17:01.000000;cc528943-b2b1-420f-84f5-c1dfa63cda3a;407.11;0.05;UNKNOWN
2016-02-17T02:17:01.000000;2016-02-17T02:17:01.000000;e434eeaa-cc15-4a8d-953a-061aa16dfa9b;407.06;10.8862;UNKNOWN
2016-02-17T02:17:16.000000;2016-02-17T02:17:16.000000;dd92e6a6-f075-4d58-ad13-49a33b59b9b0;407.09;3.04;UNKNOWN
2016-02-17T02:17:37.000000;2016-02-17T02:17:37.000000;c7528421-d47a-449b-a3e1-d246ebddfd01;407.19;10.074;UNKNOWN
2016-02-17T02:18:27.000000;2016-02-17T02:18:27.000000;0736e7f1-7136-487c-b919-7b75b18e4cdd;406.51;0.07700709;UNKNOWN
2016-02-17T02:18:29.000000;2016-02-17T02:18:29.000000;62e28aaf-a435-4838-9a0d-329eaeb67d4d;407.17;1.0;UNKNOWN
2016-02-17T02:18:30.000000;2016-02-17T02:18:30.000000;04421465-ea52-4d03-bc43-478a85cea601;406.5;0.725995;UNKNOWN
2016-02-17T02:18:45.000000;2016-02-17T02:18:45.000000;adf62e9d-fc12-4e44-a72c-1841ba804401;406.96;0.08;UNKNOWN
2016-02-17T02:18:45.000000;2016-02-17T02:18:45.000000;8d1f3415-26d5-4685-8616-10e62c681b2e;406.96;4.92;UNKNOWN
2016-02-17T02:18:50.000000;2016-02-17T02:18:50.000000;216dec34-dc0c-42fa-aebd-bf22e65158c9;406.94;5.0;UNKNOWN
2016-02-17T02:18:56.000000;2016-02-17T02:18:56.000000;0c84ba18-c111-4bdc-ba26-bdf07b67e60a;406.95;7.96;UNKNOWN
2016-02-17T02:18:57.000000;2016-02-17T02:18:57.000000;20d56294-3b9d-4fdf-a360-7be763814aa2;406.94;5.0;UNKNOWN
2016-02-17T02:19:04.000000;2016-02-17T02:19:04.000000;3afad813-fffa-4e31-b54f-36ec3b86d493;407.18;4.59;UNKNOWN
2016-02-17T02:19:31.000000;2016-02-17T02:19:31.000000;fdade84e-3680-4638-9cf1-d652820a484e;407.15;3.0;UNKNOWN
2016-02-17T02:19:31.000000;2016-02-17T02:19:31.000000;956ea74c-f0c6-4e0d-b7c6-1253436684ed;407.16;4.542;UNKNOWN
2016-02-17T02:19:31.000000;2016-02-17T02:19:31.000000;a2e377a7-d73e-41fa-9fa3-d515ff846650;407.14;0.5;UNKNOWN
2016-02-17T02:20:07.000000;2016-02-17T02:20:07.000000;293c8ca0-1173-4a29-b2d6-0126a50ab93a;407.1;7.1199;UNKNOWN
2016-02-17T02:20:12.000000;2016-02-17T02:20:12.000000;6c12d6b6-11ed-466b-a8fa-7bb5b478bcb8;407.2;7.148;UNKNOWN
2016-02-17T02:20:17.000000;2016-02-17T02:20:17.000000;10655063-4ed6-4e53-9951-4d12df4cfd58;407.15;1.00210886;UNKNOWN
2016-02-17T02:20:27.000000;2016-02-17T02:20:27.000000;4fa678a4-a2b3-43a2-9df2-9a1bab6e7df1;407.15;0.76659122;UNKNOWN
2016-02-17T02:20:47.000000;2016-02-17T02:20:47.000000;656b30b0-5814-4f59-8236-9bd8bc689072;407.2;6.354;UNKNOWN
2016-02-17T02:21:08.000000;2016-02-17T02:21:08.000000;02bd902e-89fe-4b02-8ce6-0ee564cf05b5;407.19;5.0;UNKNOWN
2016-02-17T02:21:22.000000;2016-02-17T02:21:22.000000;ba0dfdfc-dad0-44a3-a90f-f6d5d15c2226;407.19;0.5;UNKNOWN
2016-02-17T02:21:22.000000;2016-02-17T02:21:22.000000;c34653ed-614c-4c45-b5cd-58b7d1b4d15b;407.19;2.1199;UNKNOWN
2016-02-17T02:21:22.000000;2016-02-17T02:21:22.000000;4b17d9bf-6fe9-405b-9908-7dd806f2c348;407.19;3.0;UNKNOWN
2016-02-17T02:21:22.000000;2016-02-17T02:21:22.000000;94d4fbb9-a7e2-45dc-9e32-514cc3cba969;407.2;0.0281;UNKNOWN
2016-02-17T02:21:43.000000;2016-02-17T02:21:43.000000;d2ea7c96-1318-4149-84dd-ad3b8d641c52;407.16;2.1199;UNKNOWN
2016-02-17T02:21:43.000000;2016-02-17T02:21:43.000000;7e8107f3-74c7-4d79-a25b-ff2cfa09abed;407.17;0.25;UNKNOWN
2016-02-17T02:21:43.000000;2016-02-17T02:21:43.000000;042cd350-014d-43c6-a33f-35974ac6c656;407.19;2.6301;UNKNOWN
2016-02-17T02:21:58.000000;2016-02-17T02:21:58.000000;7d11ef64-27b9-4af5-8153-51beb8fba083;407.2;4.393;UNKNOWN
2016-02-17T02:22:28.000000;2016-02-17T02:22:28.000000;9fa8bda8-5b6c-40ca-a208-d8cf1a88bc32;407.11;0.01;UNKNOWN
2016-02-17T02:22:34.000000;2016-02-17T02:22:34.000000;5ebcd10f-9664-4fcc-ab4a-f4c11dfb00ca;407.06;3.417;UNKNOWN
2016-02-17T02:23:10.000000;2016-02-17T02:23:10.000000;ffb21fb0-c516-4d08-aa5f-7d77ea0e2c14;407.17;2.157;UNKNOWN
2016-02-17T02:23:10.000000;2016-02-17T02:23:10.000000;e0eb818f-a4a8-4423-9c05-e625a47f37a7;407.17;0.5;UNKNOWN
2016-02-17T02:23:18.000000;2016-02-17T02:23:18.000000;c38e2753-2cfd-405f-8586-eda9e992541c;407.18;0.5501;UNKNOWN
2016-02-17T02:23:27.000000;2016-02-17T02:23:27.000000;9e24b95d-47f1-4f54-8651-ce3b7e09ca25;407.1;0.06985;UNKNOWN
2016-02-17T02:23:45.000000;2016-02-17T02:23:45.000000;856a081c-dcda-41fc-80f3-494c966f7063;407.19;0.05;UNKNOWN
2016-02-17T02:23:45.000000;2016-02-17T02:23:45.000000;d0f36f3e-ef64-455d-b80b-4cff7921946d;407.19;2.067;UNKNOWN
2016-02-17T02:24:05.000000;2016-02-17T02:24:05.000000;1c46a5fb-3eb4-41b1-82b1-930553598855;407.19;4.93;UNKNOWN
2016-02-17T02:24:20.000000;2016-02-17T02:24:20.000000;dddbcc39-7f99-47db-bfe1-cbafed14a845;407.14;0.5;UNKNOWN
2016-02-17T02:24:20.000000;2016-02-17T02:24:20.000000;8ed6d21e-12df-42d7-ba08-a9803c5550bf;407.14;1.108;UNKNOWN
2016-02-17T02:24:25.000000;2016-02-17T02:24:25.000000;1ebf8e7e-9ffc-43be-81c1-f57e453a0eb6;407.14;0.04;UNKNOWN
2016-02-17T02:24:28.000000;2016-02-17T02:24:28.000000;976c7ee0-d8f8-41ae-8065-8f3ba9164d2a;407.14;0.09978138;UNKNOWN
2016-02-17T02:24:55.000000;2016-02-17T02:24:55.000000;adace594-e349-4f88-8727-d860e4c2c98f;407.14;1.25;UNKNOWN
2016-02-17T02:25:05.000000;2016-02-17T02:25:05.000000;224f07a6-bdda-41ce-a23c-765318782905;406.65;1.21300389;UNKNOWN
2016-02-17T02:25:05.000000;2016-02-17T02:25:05.000000;62944597-e79a-41de-96b4-fe244dd39380;406.66;0.5;UNKNOWN
2016-02-17T02:25:05.000000;2016-02-17T02:25:05.000000;fa196915-6a58-458b-860b-09d5be652d44;406.67;0.01;UNKNOWN
2016-02-17T02:25:31.000000;2016-02-17T02:25:31.000000;4d0be04e-6b01-4154-8cb2-cb850d139f41;407.0;0.5;UNKNOWN
2016-02-17T02:25:31.000000;2016-02-17T02:25:31.000000;f885b55f-32ec-4f4a-a22d-d747473a498a;407.05;0.472;UNKNOWN
2016-02-17T02:26:06.000000;2016-02-17T02:26:06.000000;2b7d756f-fce0-429c-9059-670ffadbffea;407.18;0.756;UNKNOWN
2016-02-17T02:26:41.000000;2016-02-17T02:26:41.000000;a21cb893-6f54-49c7-bd65-3fb5e7e1153f;407.06;0.395;UNKNOWN
2016-02-17T02:26:54.000000;2016-02-17T02:26:54.000000;11ce7df7-5adf-4fce-878d-a4bd1928aced;406.22;13.0;UNKNOWN
2016-02-17T02:26:54.000000;2016-02-17T02:26:54.000000;f33f7839-50e8-44c1-bc95-1a29a97dc77f;406.3;0.2;UNKNOWN
2016-02-17T02:26:54.000000;2016-02-17T02:26:54.000000;ba0e0dd1-7822-4e11-8c15-d08b39e84d74;406.2;3.6;UNKNOWN
2016-02-17T02:26:54.000000;2016-02-17T02:26:54.000000;7140e6f2-76c5-42b7-bc39-22dafb1441d5;406.52;6.52;UNKNOWN
2016-02-17T02:26:54.000000;2016-02-17T02:26:54.000000;83f3ec4f-4595-46b8-8753-a669696e4415;406.24;0.5;UNKNOWN
2016-02-17T02:26:54.000000;2016-02-17T02:26:54.000000;67b33b39-d464-44bc-9906-ce1b283e292b;406.23;6.0951;UNKNOWN
2016-02-17T02:26:54.000000;2016-02-17T02:26:54.000000;a8817719-913a-4896-8601-13967de59d46;406.8;0.4429;UNKNOWN
2016-02-17T02:26:54.000000;2016-02-17T02:26:54.000000;9fd5c3e1-0630-42a2-9ccc-17d258520ba2;406.51;13.0;UNKNOWN
2016-02-17T02:26:54.000000;2016-02-17T02:26:54.000000;ddd59bd3-544c-4066-a04d-bc43206fe191;406.2;13.2304;UNKNOWN
2016-02-17T02:26:54.000000;2016-02-17T02:26:54.000000;89949070-b486-4a43-9353-749edd19d6f8;406.08;15.0;UNKNOWN
2016-02-17T02:26:54.000000;2016-02-17T02:26:54.000000;1c269314-7d82-4424-a54e-33fe39538610;406.03;12.7885;UNKNOWN
2016-02-17T02:26:54.000000;2016-02-17T02:26:54.000000;1ef4f05b-2052-4b8b-a5ac-dbe26f72f2f4;406.19;15.6231;UNKNOWN
2016-02-17T02:27:17.000000;2016-02-17T02:27:17.000000;4b7ad64e-d586-4b98-80d8-086a8fa7dce7;406.22;0.1;UNKNOWN
2016-02-17T02:27:53.000000;2016-02-17T02:27:53.000000;cfddf47a-23e4-4665-b2c8-6f59e3a9a4f7;406.12;0.025;UNKNOWN
2016-02-17T02:27:56.000000;2016-02-17T02:27:56.000000;f3382221-3527-4f11-8da8-fb0ff5e91d0e;406.0;4.05202;UNKNOWN
2016-02-17T02:29:28.000000;2016-02-17T02:29:28.000000;737d50af-f7fe-431f-87ea-305fc6897827;406.0;0.06163799;UNKNOWN
2016-02-17T02:30:57.000000;2016-02-17T02:30:57.000000;291cc604-b9a3-48d0-9074-edc757e84f7c;406.0;0.03683282;UNKNOWN
2016-02-17T02:32:07.000000;2016-02-17T02:32:07.000000;810bac0f-8774-4683-8220-8dfd20fceb4b;406.01;0.16412421;UNKNOWN
2016-02-17T02:32:12.000000;2016-02-17T02:32:12.000000;3fade914-5466-41b0-aed5-9da6a963df0d;406.02;0.01904;UNKNOWN
2016-02-17T02:33:54.000000;2016-02-17T02:33:54.000000;bd8483bc-b300-49e8-8f16-c901ea0e979c;406.02;0.02705;UNKNOWN
2016-02-17T02:34:09.000000;2016-02-17T02:34:09.000000;554414f3-5c91-4fcc-9095-e80f7111fc59;406.02;1.002;UNKNOWN
2016-02-17T02:34:17.000000;2016-02-17T02:34:17.000000;e2f0cc01-c336-43b3-a4c2-d0f759258d4c;406.02;0.22846;UNKNOWN
2016-02-17T02:34:17.000000;2016-02-17T02:34:17.000000;67ebe445-bf6e-4527-a62a-60be8e0114e8;406.01;0.03587579;UNKNOWN
2016-02-17T02:34:25.000000;2016-02-17T02:34:25.000000;d4ca83cc-0588-4bfe-a20e-8e89e2755275;406.02;1.002;UNKNOWN
2016-02-17T02:34:30.000000;2016-02-17T02:34:30.000000;7bc67408-63fd-49c1-8073-86b4b57ad2a2;406.02;0.78557;UNKNOWN
2016-02-17T02:34:37.000000;2016-02-17T02:34:37.000000;62ace466-5686-4597-b9f0-969a2e486fbd;406.02;0.1493;UNKNOWN
2016-02-17T02:34:44.000000;2016-02-17T02:34:44.000000;f38dc474-ae9d-44d7-871f-d1ac0b27f5a5;406.02;0.1513;UNKNOWN
2016-02-17T02:34:50.000000;2016-02-17T02:34:50.000000;4b9bf797-7844-4579-b915-2719e1cceb30;406.02;0.08717;UNKNOWN
2016-02-17T02:34:56.000000;2016-02-17T02:34:56.000000;c44d8ef9-2956-4b48-aec9-b87a44516ff8;406.02;0.54811;UNKNOWN
2016-02-17T02:34:56.000000;2016-02-17T02:34:56.000000;da475cb3-af4f-4e6c-aae5-27f6f776c362;406.29;0.00109;UNKNOWN
2016-02-17T02:38:27.000000;2016-02-17T02:38:27.000000;b0ec3eb0-6f2e-4068-b18e-1376ee76382c;406.0;0.043;UNKNOWN
2016-02-17T02:39:13.000000;2016-02-17T02:39:13.000000;92312d3f-66b8-4b88-8d0b-27a27edd25dd;406.02;0.5;UNKNOWN
2016-02-17T02:39:13.000000;2016-02-17T02:39:13.000000;aec3149b-4cba-4d14-8be0-2cd0879c8396;406.01;6.14;UNKNOWN
2016-02-17T02:39:13.000000;2016-02-17T02:39:13.000000;0c450ec6-b56f-413b-a2d2-5fd5e99d4b43;406.01;3.0;UNKNOWN
2016-02-17T02:39:20.000000;2016-02-17T02:39:20.000000;b6f40298-fd6a-4cc4-94ac-90886c4b74d6;406.01;0.04208;UNKNOWN
2016-02-17T02:39:26.000000;2016-02-17T02:39:26.000000;118978d8-5137-4167-b6db-4409000c5ca5;406.01;0.02104;UNKNOWN
2016-02-17T02:39:33.000000;2016-02-17T02:39:33.000000;612d589b-2ab0-46bc-9de7-021a4e1181cd;406.01;1.002;UNKNOWN
2016-02-17T02:39:39.000000;2016-02-17T02:39:39.000000;54803e53-79b0-4d3b-b2c0-dcf01c1b389d;406.01;0.22745;UNKNOWN
2016-02-17T02:39:46.000000;2016-02-17T02:39:46.000000;e5a7da5c-e80c-4cc6-9eb1-d8bcabd3679c;406.01;0.29759;UNKNOWN
2016-02-17T02:39:51.000000;2016-02-17T02:39:51.000000;400d4ca1-66c7-492f-b99d-ed9213df8196;406.0;7.0;UNKNOWN
2016-02-17T02:39:52.000000;2016-02-17T02:39:52.000000;a8fb4581-07ca-4d30-8ded-9892a77c737c;406.01;0.21844;UNKNOWN
2016-02-17T02:39:58.000000;2016-02-17T02:39:58.000000;565231bb-5882-435d-b1ff-0ab0ebea454c;406.01;0.48096;UNKNOWN
2016-02-17T02:40:05.000000;2016-02-17T02:40:05.000000;4ca5be32-664c-451a-bc0c-f388b4755623;406.01;0.07315;UNKNOWN
2016-02-17T02:40:06.000000;2016-02-17T02:40:06.000000;f38be792-a4f8-4a9b-baab-114895321ed8;406.01;0.14515811;UNKNOWN
2016-02-17T02:40:12.000000;2016-02-17T02:40:12.000000;714f5b4e-fe2d-4a95-998e-aacac7d54daf;406.01;0.2004;UNKNOWN
2016-02-17T02:40:18.000000;2016-02-17T02:40:18.000000;1e1f2d42-91ce-4f2e-b0d4-d91b36108fc1;406.01;0.35872;UNKNOWN
2016-02-17T02:40:25.000000;2016-02-17T02:40:25.000000;73015ca2-26b9-4017-b9e3-a96caff96e4f;406.01;0.37575;UNKNOWN
2016-02-17T02:40:31.000000;2016-02-17T02:40:31.000000;8c0f8152-8a70-418c-9733-4c088414b39b;406.01;0.16633;UNKNOWN
2016-02-17T02:40:38.000000;2016-02-17T02:40:38.000000;6a6ee96c-4069-47ba-be7d-70fb8834488a;406.01;1.002;UNKNOWN
2016-02-17T02:40:45.000000;2016-02-17T02:40:45.000000;53e4a0e8-22c0-4f24-a279-f3b84d1390ce;406.01;0.5;UNKNOWN
2016-02-17T02:40:52.000000;2016-02-17T02:40:52.000000;d54012df-13d6-4a60-b8e4-6286ff795bb6;406.01;0.99599;UNKNOWN
2016-02-17T02:40:58.000000;2016-02-17T02:40:58.000000;be362c15-0029-4899-be4b-ac5833e4f4ab;406.01;1.002;UNKNOWN
2016-02-17T02:41:05.000000;2016-02-17T02:41:05.000000;6e8ac519-ff2b-4ac7-9d35-34e94b20612d;406.01;0.19439;UNKNOWN
2016-02-17T02:41:12.000000;2016-02-17T02:41:12.000000;7c102b49-9eb9-415e-8a74-ac7760fd9554;406.01;0.47896;UNKNOWN
2016-02-17T02:41:19.000000;2016-02-17T02:41:19.000000;b07115a4-6504-4639-b412-ae1352fc2183;406.01;0.97495;UNKNOWN
2016-02-17T02:41:25.000000;2016-02-17T02:41:25.000000;fd58b925-ce3a-4bb9-84c1-dbd79e747307;406.01;1.002;UNKNOWN
2016-02-17T02:41:31.000000;2016-02-17T02:41:31.000000;09b4ecd3-7872-4bd4-905f-bcba47b0f85a;406.01;0.05912;UNKNOWN
2016-02-17T02:41:38.000000;2016-02-17T02:41:38.000000;c94a58a8-8a3a-4e58-8fcf-07392446dce9;406.01;0.22745;UNKNOWN
2016-02-17T02:41:45.000000;2016-02-17T02:41:45.000000;4a71034f-3969-4dae-96b5-8dec40908ace;406.01;0.05812;UNKNOWN
2016-02-17T02:41:48.000000;2016-02-17T02:41:48.000000;53e3644b-e746-4cc8-9261-b0664a23936c;406.01;1.0;UNKNOWN
2016-02-17T02:41:51.000000;2016-02-17T02:41:51.000000;424766fe-5a35-4260-98c3-8f126fbd34ee;406.01;0.48697;UNKNOWN
2016-02-17T02:41:58.000000;2016-02-17T02:41:58.000000;f6c2602b-de1b-462e-b302-1a59eba5a651;406.01;0.72545;UNKNOWN
2016-02-17T02:42:04.000000;2016-02-17T02:42:04.000000;ab737990-f691-44c3-806d-42142a9ea8b3;406.01;0.7996;UNKNOWN
2016-02-17T02:42:11.000000;2016-02-17T02:42:11.000000;8a368a79-4712-43a7-b6b1-a8e4c1531602;406.01;1.002;UNKNOWN
2016-02-17T02:42:17.000000;2016-02-17T02:42:17.000000;53a094d1-d3e9-4492-aa20-b6892fb9de93;406.01;0.04208;UNKNOWN
2016-02-17T02:42:23.000000;2016-02-17T02:42:23.000000;55b58431-d3b7-4cc7-b80a-2e97fcbedf1c;406.01;0.24148;UNKNOWN
2016-02-17T02:42:29.000000;2016-02-17T02:42:29.000000;fad3e11c-480e-487a-b400-bf18565824de;406.01;0.13427;UNKNOWN
2016-02-17T02:42:35.000000;2016-02-17T02:42:35.000000;df8758a8-bb63-4def-8ce1-31ec6a564ab8;406.01;0.02906;UNKNOWN
2016-02-17T02:42:43.000000;2016-02-17T02:42:43.000000;1ef5092c-28da-44b2-a9a8-24268c2d28b0;406.01;0.34168;UNKNOWN
2016-02-17T02:42:50.000000;2016-02-17T02:42:50.000000;680e2972-95f2-40db-8270-9e0c357b7fc3;406.01;0.14629;UNKNOWN
2016-02-17T02:42:56.000000;2016-02-17T02:42:56.000000;e3a75f24-d273-44b2-8742-c711ef35937c;406.01;0.1503;UNKNOWN
2016-02-17T02:43:03.000000;2016-02-17T02:43:03.000000;828db8c0-5f72-4901-aba0-0e74014eb273;406.01;1.002;UNKNOWN
2016-02-17T02:43:09.000000;2016-02-17T02:43:09.000000;90f68709-66f5-4076-8016-ab7bd8ac01b4;406.01;1.002;UNKNOWN
2016-02-17T02:43:15.000000;2016-02-17T02:43:15.000000;05183e97-6134-4a52-b272-702e78dde6b0;406.01;0.9519;UNKNOWN
2016-02-17T02:43:22.000000;2016-02-17T02:43:22.000000;cc67fd9e-7947-42ed-8bf1-5dadc0ea9c89;406.01;0.17435;UNKNOWN
2016-02-17T02:43:29.000000;2016-02-17T02:43:29.000000;9160acd8-0601-4e2d-902d-1257b856276b;406.01;0.11623;UNKNOWN
2016-02-17T02:43:35.000000;2016-02-17T02:43:35.000000;a9acc7c4-4665-4f0f-a0c1-31db2fdd2327;406.01;0.501;UNKNOWN
2016-02-17T02:43:41.000000;2016-02-17T02:43:41.000000;b42ea6c3-a56f-4ba2-87e3-59357cf5d146;406.01;0.08016;UNKNOWN
2016-02-17T02:43:48.000000;2016-02-17T02:43:48.000000;119eede2-6b2a-4fc9-aa51-4ef97412c6bf;406.01;0.1002;UNKNOWN
2016-02-17T02:43:54.000000;2016-02-17T02:43:54.000000;8b39b0b2-cc40-4ce6-98e1-a5ccdc864c9b;406.01;0.06513;UNKNOWN
2016-02-17T02:43:57.000000;2016-02-17T02:43:57.000000;57a45a87-fb13-4539-9893-219a509e3826;406.01;0.0147;UNKNOWN
2016-02-17T02:44:01.000000;2016-02-17T02:44:01.000000;b00de69a-a47d-4bf4-92cc-cdf8fa156e00;406.01;0.03307;UNKNOWN
2016-02-17T02:44:07.000000;2016-02-17T02:44:07.000000;b412e1cf-99a5-4b90-9dc8-5501ad6af509;406.01;0.01403;UNKNOWN
2016-02-17T02:44:13.000000;2016-02-17T02:44:13.000000;2101da2e-0704-443d-9c94-43a9d0cf5dc2;406.01;1.002;UNKNOWN
2016-02-17T02:44:20.000000;2016-02-17T02:44:20.000000;c7027ba8-ef6b-48df-9fe6-f3e2c359a00a;406.01;0.10000189;UNKNOWN
2016-02-17T02:44:20.000000;2016-02-17T02:44:20.000000;a34b2451-f59d-4dc8-ae8d-ad1457c82e0c;406.4;0.00019811;UNKNOWN
2016-02-17T02:45:55.000000;2016-02-17T02:45:55.000000;764f7091-3ff8-4cd0-aac7-11c2ccf31d62;406.13;5.0;UNKNOWN
2016-02-17T02:46:00.000000;2016-02-17T02:46:00.000000;1ddc5c7a-5e19-4d49-82ac-847cda68bfc2;406.06;5.0;UNKNOWN
2016-02-17T02:46:18.000000;2016-02-17T02:46:18.000000;6c33238a-0244-434b-bb51-579407ede711;406.4;0.09875556;UNKNOWN
2016-02-17T02:46:18.000000;2016-02-17T02:46:18.000000;643d8ece-2204-4983-a5e5-eb3228a41636;406.51;0.17773844;UNKNOWN
2016-02-17T02:46:53.000000;2016-02-17T02:46:53.000000;8f091ce2-e8d4-48ef-87f9-fc919ccb10f4;406.18;0.22414725;UNKNOWN
2016-02-17T02:46:59.000000;2016-02-17T02:46:59.000000;351a4716-8202-45b1-a7f4-61017d5eb18e;406.01;6.1072;UNKNOWN
2016-02-17T02:47:05.000000;2016-02-17T02:47:05.000000;56f3940e-cde7-4ee7-870a-13428e07eb18;406.45;0.12415266;UNKNOWN
2016-02-17T02:47:46.000000;2016-02-17T02:47:46.000000;823f2a2b-4162-4c10-9455-629338c5ad2f;406.44;0.29359;UNKNOWN
2016-02-17T02:49:17.000000;2016-02-17T02:49:17.000000;83b38aa4-8e7e-48b4-891a-5271a45cf69f;406.21;0.14046542;UNKNOWN
2016-02-17T02:50:12.000000;2016-02-17T02:50:12.000000;8aa2e035-4cab-47c3-864b-9f3df2a9871c;406.29;0.04208;UNKNOWN
2016-02-17T02:51:29.000000;2016-02-17T02:51:29.000000;bfa1cb0c-cbbc-401a-a895-9a14b6be2b38;406.22;19.7;UNKNOWN
2016-02-17T02:51:29.000000;2016-02-17T02:51:29.000000;e8f4a779-7739-4402-acc6-3635e600d25f;406.21;30.3;UNKNOWN
2016-02-17T02:51:47.000000;2016-02-17T02:51:47.000000;a37963ea-d9d8-483a-a28b-4b25e8f351f4;406.02;2.0;UNKNOWN
2016-02-17T02:52:00.000000;2016-02-17T02:52:00.000000;dfea2b74-8657-49ad-abbc-1d6b1fc8be0d;406.28;0.2004;UNKNOWN
2016-02-17T02:52:06.000000;2016-02-17T02:52:06.000000;528529ff-a4b9-4641-9975-6f92cb964db6;406.17;1.002;UNKNOWN
2016-02-17T02:52:06.000000;2016-02-17T02:52:06.000000;716473b2-2cc9-40ef-908d-10e981c8a4f0;406.18;10.0;UNKNOWN
2016-02-17T02:52:13.000000;2016-02-17T02:52:13.000000;e9e14380-7242-4f3a-862b-093b2e15552d;406.14;0.49098;UNKNOWN
2016-02-17T02:52:15.000000;2016-02-17T02:52:15.000000;33b62cdb-5d63-4c7e-a1c2-dd5f25c49830;406.01;5.0;UNKNOWN
2016-02-17T02:52:16.000000;2016-02-17T02:52:16.000000;de63df0f-2b20-4b6c-87ae-193be41f33e9;406.01;5.0;UNKNOWN
2016-02-17T02:52:18.000000;2016-02-17T02:52:18.000000;69dae516-9023-4ac3-920f-c1c78b58afe3;406.01;5.0;UNKNOWN
2016-02-17T02:52:21.000000;2016-02-17T02:52:21.000000;25017205-b570-48a9-8f3a-a3e3d56733ed;406.01;5.0;UNKNOWN
2016-02-17T02:52:22.000000;2016-02-17T02:52:22.000000;e13bc7c6-1ff2-4be1-8e89-37da541c7595;406.14;0.06212;UNKNOWN
2016-02-17T02:52:27.000000;2016-02-17T02:52:27.000000;89d670da-bd35-45e7-bab4-7b1b06516853;406.03;5.0;UNKNOWN
2016-02-17T02:52:28.000000;2016-02-17T02:52:28.000000;09239c83-3df4-4cf6-ac5b-deea67a60766;406.14;0.43788;UNKNOWN
2016-02-17T02:52:28.000000;2016-02-17T02:52:28.000000;ec0589af-1261-4bc5-8893-13f575de85cc;406.02;5.0;UNKNOWN
2016-02-17T02:52:28.000000;2016-02-17T02:52:28.000000;698a3fe4-8cd0-41a3-8195-2d57ce8c2419;406.31;0.00088;UNKNOWN
2016-02-17T02:52:34.000000;2016-02-17T02:52:34.000000;41128806-ea64-4576-9d6d-83e261ddb4ee;406.21;0.10321;UNKNOWN
2016-02-17T02:52:39.000000;2016-02-17T02:52:39.000000;c4e5ca76-87d0-4f91-a6a8-b030ca48383d;406.13;0.03808;UNKNOWN
2016-02-17T02:52:41.000000;2016-02-17T02:52:41.000000;ac2bc5e7-053f-4095-b9c5-09962f806c58;406.01;5.0;UNKNOWN
2016-02-17T02:52:45.000000;2016-02-17T02:52:45.000000;c06ce531-6ebf-47cd-aad1-0fded3df8202;406.0;5.0;UNKNOWN
2016-02-17T02:52:46.000000;2016-02-17T02:52:46.000000;2d7f79c1-3da3-4e1d-94ed-0ef5c032a726;406.1;0.19339;UNKNOWN
2016-02-17T02:52:52.000000;2016-02-17T02:52:52.000000;05afa63a-4b22-4ec3-a2e7-72b23f725706;406.37;0.30721;UNKNOWN
2016-02-17T02:52:52.000000;2016-02-17T02:52:52.000000;310317ba-5a27-47cb-8747-7ffda4d25e8c;406.01;5.0;UNKNOWN
2016-02-17T02:52:57.000000;2016-02-17T02:52:57.000000;85e0aa1e-6d12-4609-81cf-b507fa28004e;406.0;5.0;UNKNOWN
2016-02-17T02:53:03.000000;2016-02-17T02:53:03.000000;f0eb5926-49a7-4442-8026-bfec852f9130;406.23;0.02004;UNKNOWN
2016-02-17T02:53:09.000000;2016-02-17T02:53:09.000000;9fadb065-f5a9-487f-8524-d4167e5d994d;406.17;0.09319;UNKNOWN
2016-02-17T02:53:16.000000;2016-02-17T02:53:16.000000;eb83dcbc-e17b-4cc5-acdc-aa4ce73c35c2;406.38;0.04509;UNKNOWN
2016-02-17T02:53:26.000000;2016-02-17T02:53:26.000000;464998fc-b564-43f9-aa47-e0010c4deec5;406.24;0.29759;UNKNOWN
2016-02-17T02:53:32.000000;2016-02-17T02:53:32.000000;ca20c244-99d9-4ee7-9407-d038bdada4f7;406.19;0.06814;UNKNOWN
2016-02-17T02:53:37.000000;2016-02-17T02:53:37.000000;27f2cbf9-80ef-4189-9637-9092c981dbd7;406.01;0.15;UNKNOWN
2016-02-17T02:53:38.000000;2016-02-17T02:53:38.000000;191f1033-9b40-45d6-a255-0c1df3845fa4;406.2;1.002;UNKNOWN
2016-02-17T02:53:44.000000;2016-02-17T02:53:44.000000;1d362e5e-d798-41e4-8d98-ae80c37d7825;406.26;0.03407;UNKNOWN
2016-02-17T02:53:51.000000;2016-02-17T02:53:51.000000;eebf6380-795b-4839-a4ad-d36e6f97472d;406.25;0.19639;UNKNOWN
2016-02-17T02:53:53.000000;2016-02-17T02:53:53.000000;8442276a-2b59-4b7b-ab69-efb6f0ae2f8b;406.2;1.0;UNKNOWN
2016-02-17T02:53:57.000000;2016-02-17T02:53:57.000000;18fe43a0-78e5-4794-9628-730a4dc556c9;406.24;0.1022;UNKNOWN
2016-02-17T02:54:03.000000;2016-02-17T02:54:03.000000;07dd114c-0ea2-4fe2-a3a5-e12bb5e0cf11;406.18;0.11723;UNKNOWN
2016-02-17T02:54:09.000000;2016-02-17T02:54:09.000000;6ed917f8-0dc9-4516-b64f-e38a2dfa69a1;406.23;0.02004;UNKNOWN
2016-02-17T02:54:14.000000;2016-02-17T02:54:14.000000;0e491e2e-a188-455f-b325-1774f39591bf;406.4;11.33;UNKNOWN
2016-02-17T02:54:14.000000;2016-02-17T02:54:14.000000;c6145351-fb56-4068-b05f-dc8b32381022;406.41;9.67;UNKNOWN
2016-02-17T02:54:15.000000;2016-02-17T02:54:15.000000;cdb44ca1-3cbc-46ee-aade-63ea6ee447cd;406.42;0.06914;UNKNOWN
2016-02-17T02:55:55.000000;2016-02-17T02:55:55.000000;a096d5ea-1555-4edc-8264-92359834299f;406.51;0.02226156;UNKNOWN
2016-02-17T02:55:55.000000;2016-02-17T02:55:55.000000;52673b7e-685b-4fba-9598-582a9e1cffa7;406.54;0.40959844;UNKNOWN
2016-02-17T02:57:55.000000;2016-02-17T02:57:55.000000;7f7b2388-c62b-432c-ad1d-ba6b456b290c;406.59;0.49927897;UNKNOWN
2016-02-17T02:58:48.000000;2016-02-17T02:58:48.000000;a07093eb-6831-45de-bb8b-d1b8aeb28b80;406.16;0.14536541;UNKNOWN
2016-02-17T03:00:07.000000;2016-02-17T03:00:07.000000;ec6d729d-7bc7-43a3-b9b6-81c6b0b960ae;406.12;0.30052695;UNKNOWN
2016-02-17T03:00:30.000000;2016-02-17T03:00:30.000000;cba67b8a-0cc7-45ad-baa1-15b38b194d36;406.18;0.15331;UNKNOWN
2016-02-17T03:00:38.000000;2016-02-17T03:00:38.000000;55f71dcc-4b21-4de2-8ca8-614fed56fd0d;406.14;0.48797;UNKNOWN
2016-02-17T03:00:45.000000;2016-02-17T03:00:45.000000;722cbc6c-feca-43fc-9599-049cc03fdfa3;406.14;0.02906;UNKNOWN
2016-02-17T03:00:53.000000;2016-02-17T03:00:53.000000;0fc6ecd2-28e3-474e-961d-df258d65580b;406.23;1.002;UNKNOWN
2016-02-17T03:01:01.000000;2016-02-17T03:01:01.000000;736348d9-73c2-4fd9-b882-68490f9e73f1;406.17;0.02104;UNKNOWN
2016-02-17T03:01:09.000000;2016-02-17T03:01:09.000000;866db901-5706-4671-897f-7a6f1bf8e064;406.12;0.2485;UNKNOWN
2016-02-17T03:01:17.000000;2016-02-17T03:01:17.000000;84ef6ec3-a610-4ede-8c30-9adc3e71480b;406.12;1.002;UNKNOWN
2016-02-17T03:01:25.000000;2016-02-17T03:01:25.000000;c6dcca61-3e84-4838-b7d0-ea9d1bb00d81;406.12;0.23547;UNKNOWN
2016-02-17T03:01:33.000000;2016-02-17T03:01:33.000000;330f980f-b1ca-4373-b307-afabe7f04663;406.27;0.04709;UNKNOWN
2016-02-17T03:01:41.000000;2016-02-17T03:01:41.000000;95040653-2506-4ed6-a23e-f5846129a4d3;406.26;0.67835;UNKNOWN
2016-02-17T03:01:51.000000;2016-02-17T03:01:51.000000;00561ed7-8ef9-4d6b-9c2f-0be10c44b4f7;406.25;0.02605;UNKNOWN
2016-02-17T03:01:58.000000;2016-02-17T03:01:58.000000;8d54b819-a311-48b1-9e32-2098d486de54;406.4;0.01202;UNKNOWN
2016-02-17T03:02:17.000000;2016-02-17T03:02:17.000000;a710db12-6035-4acf-88e5-13028d535cee;406.11;0.06901755;UNKNOWN
2016-02-17T03:02:19.000000;2016-02-17T03:02:19.000000;bd1e9cc4-2648-40ea-b711-d665b27a46fe;406.27;0.931;UNKNOWN
2016-02-17T03:02:27.000000;2016-02-17T03:02:27.000000;8fc78dfe-7e28-40d8-86c6-d57bfc2a1abb;406.27;0.99699;UNKNOWN
2016-02-17T03:02:34.000000;2016-02-17T03:02:34.000000;5d0f1121-a781-4717-951e-d7507e079f12;406.27;0.05311;UNKNOWN
2016-02-17T03:02:42.000000;2016-02-17T03:02:42.000000;aaa1dd12-64a3-4100-a62b-2c73d37194f7;406.27;1.002;UNKNOWN
2016-02-17T03:02:50.000000;2016-02-17T03:02:50.000000;5ab49ba0-3f49-488a-8d33-99c473c179d9;406.27;1.0;UNKNOWN
2016-02-17T03:02:51.000000;2016-02-17T03:02:51.000000;fe4c4950-259a-4e69-928e-de8adcb2fcf4;406.27;0.14128;UNKNOWN
2016-02-17T03:03:00.000000;2016-02-17T03:03:00.000000;3bc79210-2b2a-433b-a911-6460498728dc;406.27;0.04108;UNKNOWN
2016-02-17T03:03:05.000000;2016-02-17T03:03:05.000000;1dce938c-2871-423a-aee0-2a37c7cb1ef3;406.11;1.0;UNKNOWN
2016-02-17T03:03:05.000000;2016-02-17T03:03:05.000000;465193d1-db6e-4d9a-9018-327dfc10a3a8;406.1;0.0989;UNKNOWN
2016-02-17T03:03:05.000000;2016-02-17T03:03:05.000000;664267ab-d28d-4959-88dd-580548ec92ca;406.1;2.20251;UNKNOWN
2016-02-17T03:03:05.000000;2016-02-17T03:03:05.000000;2682548f-b86c-42c5-80a0-649a13675aa5;406.12;0.5;UNKNOWN
2016-02-17T03:03:33.000000;2016-02-17T03:03:33.000000;54eb86a7-4da1-435f-a1d7-f0d7d03724a8;406.26;0.19238;UNKNOWN
2016-02-17T03:03:52.000000;2016-02-17T03:03:52.000000;4c4d20df-d2c5-42dc-bc40-7266e369dc94;406.2;0.01002;UNKNOWN
2016-02-17T03:03:59.000000;2016-02-17T03:03:59.000000;2b177df8-1ce6-41f9-9aa8-932233d53065;406.2;0.02405;UNKNOWN
2016-02-17T03:04:08.000000;2016-02-17T03:04:08.000000;5a00f237-f45c-4198-adb6-d559635bad16;406.17;0.26052;UNKNOWN
2016-02-17T03:04:14.000000;2016-02-17T03:04:14.000000;1a24a770-b9ae-4ac0-9c9d-65945b4b1308;406.09;0.34869;UNKNOWN
2016-02-17T03:04:14.000000;2016-02-17T03:04:14.000000;6d8cb0d3-620c-4dcf-b069-e82917674d49;406.09;0.5;UNKNOWN
2016-02-17T03:04:20.000000;2016-02-17T03:04:20.000000;96190ef6-dcd5-4980-be5c-7a50b1d52293;406.06;0.5;UNKNOWN
2016-02-17T03:04:20.000000;2016-02-17T03:04:20.000000;b7ad80ba-b4c7-4cd9-b86d-0de6d403a83e;406.07;0.001;UNKNOWN
2016-02-17T03:04:26.000000;2016-02-17T03:04:26.000000;27e8784b-d872-41f4-bc4b-c64b375a4d02;406.04;0.43387;UNKNOWN
2016-02-17T03:04:32.000000;2016-02-17T03:04:32.000000;4a1d6072-e472-412c-a08c-c80273f13772;406.1;0.45691;UNKNOWN
2016-02-17T03:04:47.000000;2016-02-17T03:04:47.000000;b5c79722-1930-4a37-9d22-390bc0150739;406.04;0.5;UNKNOWN
2016-02-17T03:04:47.000000;2016-02-17T03:04:47.000000;9ca71c56-fb09-4e17-8b31-6caf77dd170a;406.05;0.5;UNKNOWN
2016-02-17T03:04:53.000000;2016-02-17T03:04:53.000000;bebaff3f-138e-4bcc-b184-50d1a08329cf;406.04;0.5;UNKNOWN
2016-02-17T03:05:11.000000;2016-02-17T03:05:11.000000;017ae831-e99f-4453-95bb-d3549a144441;406.21;0.5;UNKNOWN
2016-02-17T03:05:11.000000;2016-02-17T03:05:11.000000;dab32773-f377-46cd-a047-e0eb2ee785c9;406.14;0.5;UNKNOWN
2016-02-17T03:05:19.000000;2016-02-17T03:05:19.000000;6531cd20-16b1-4c16-abfc-6d3ffd193eb1;406.19;0.5;UNKNOWN
2016-02-17T03:05:19.000000;2016-02-17T03:05:19.000000;912a57dc-803a-4256-89f8-8fdd93ec4007;406.18;0.5;UNKNOWN
2016-02-17T03:05:50.000000;2016-02-17T03:05:50.000000;b65598ca-64ae-4185-96f7-f378fa197299;406.28;0.5;UNKNOWN
2016-02-17T03:06:02.000000;2016-02-17T03:06:02.000000;12faf6c7-e89b-49c0-88ef-2a8ea1c0e55c;406.28;1.0;UNKNOWN
2016-02-17T03:06:10.000000;2016-02-17T03:06:10.000000;9f81de11-de7c-48e8-9090-608c781fdf46;406.43;1.0;UNKNOWN
2016-02-17T03:08:05.000000;2016-02-17T03:08:05.000000;162dd6b0-5c98-4f1d-9863-f7bf38c47166;406.25;0.14508826;UNKNOWN
2016-02-17T03:08:38.000000;2016-02-17T03:08:38.000000;a5d9f035-992b-4763-9987-29021e9f6106;406.25;1.0077017;UNKNOWN
2016-02-17T03:08:46.000000;2016-02-17T03:08:46.000000;004b9505-27fd-4355-811b-04a222f831b6;406.11;0.06581267;UNKNOWN
2016-02-17T03:09:27.000000;2016-02-17T03:09:27.000000;736d07dd-7304-40f2-8539-595f4e40724a;406.25;0.282555;UNKNOWN
2016-02-17T03:09:41.000000;2016-02-17T03:09:41.000000;4cb5dff3-77eb-4d14-ae5f-99ef58347179;406.26;0.1;UNKNOWN
2016-02-17T03:10:00.000000;2016-02-17T03:10:00.000000;0ed73cd5-6b99-4e80-88c7-ee469d18027d;406.25;1.0;UNKNOWN
2016-02-17T03:10:00.000000;2016-02-17T03:10:00.000000;96531c55-b48f-490a-9c80-f509bf0e4b41;406.25;1.0;UNKNOWN
2016-02-17T03:10:00.000000;2016-02-17T03:10:00.000000;9570cba2-eeee-46e1-a2ac-967f96e9651e;406.25;0.717445;UNKNOWN
2016-02-17T03:10:00.000000;2016-02-17T03:10:00.000000;cf117cc4-4fb9-4c38-9f2f-e8c139fa4148;406.25;0.96298499;UNKNOWN
2016-02-17T03:10:42.000000;2016-02-17T03:10:42.000000;8d588b3b-d337-4d4e-9266-7566fa443cef;406.4;0.0988011;UNKNOWN
2016-02-17T03:10:42.000000;2016-02-17T03:10:42.000000;ddf2cae8-2cc1-4d0f-84b7-a378ae316fcb;406.42;0.9011989;UNKNOWN
2016-02-17T03:10:47.000000;2016-02-17T03:10:47.000000;9c785616-cbec-4814-9c0e-52f0d221ebb1;406.28;0.2505874;UNKNOWN
2016-02-17T03:11:17.000000;2016-02-17T03:11:17.000000;ca0138eb-3d7b-4ebf-b324-51f6f0d1f2d3;406.0;0.30818236;UNKNOWN
2016-02-17T03:13:27.000000;2016-02-17T03:13:27.000000;9a55beb0-234b-41bc-9ef2-56afb43420f5;406.3;0.0987;UNKNOWN
2016-02-17T03:13:27.000000;2016-02-17T03:13:27.000000;81d11d69-2e3a-4d4d-b566-5755bd3f7e5c;406.03;0.02290716;UNKNOWN
2016-02-17T03:14:00.000000;2016-02-17T03:14:00.000000;7bb8f590-7f6f-4308-a40e-a723c2da407b;406.26;1.0;UNKNOWN
2016-02-17T03:14:04.000000;2016-02-17T03:14:04.000000;2010d932-004d-4fd8-afa0-6634b3ca6fff;406.26;1.0;UNKNOWN
2016-02-17T03:14:21.000000;2016-02-17T03:14:21.000000;7cef8eac-19e3-48e8-a885-4aea8118a89f;406.41;0.12936257;UNKNOWN
2016-02-17T03:14:27.000000;2016-02-17T03:14:27.000000;a5dd3b5e-558c-4fc7-b831-fe34eab9436f;406.4;0.08028605;UNKNOWN
2016-02-17T03:15:20.000000;2016-02-17T03:15:20.000000;e6658837-3a3e-4c65-8757-c21c0802d6a9;406.41;0.92;UNKNOWN
2016-02-17T03:16:22.000000;2016-02-17T03:16:22.000000;c78a1d07-2c51-48fe-a599-7fc328b5ae50;406.01;0.53181345;UNKNOWN
2016-02-17T03:17:05.000000;2016-02-17T03:17:05.000000;a19d1c6a-68f3-4805-a338-fedf4bdf1461;406.38;0.2466229;UNKNOWN
2016-02-17T03:17:58.000000;2016-02-17T03:17:58.000000;1e9f0164-d1d7-4561-bfc8-cafd342266c3;406.03;6.1359;UNKNOWN
2016-02-17T03:17:58.000000;2016-02-17T03:17:58.000000;e5799db4-e837-4705-83ef-5f1eaaf77b53;406.02;3.51205085;UNKNOWN
2016-02-17T03:18:18.000000;2016-02-17T03:18:18.000000;0fac3962-8634-4900-8058-041d8856ffe2;406.23;0.05;UNKNOWN
2016-02-17T03:18:19.000000;2016-02-17T03:18:19.000000;22de3cb2-e186-4bfa-aacd-0b7e77e2aa04;406.22;1.0;UNKNOWN
2016-02-17T03:18:33.000000;2016-02-17T03:18:33.000000;dcea9ff8-1ad4-4900-9111-9d0f54a9de94;406.16;0.5;UNKNOWN
2016-02-17T03:18:33.000000;2016-02-17T03:18:33.000000;616642c2-3ba3-424d-9430-70bf7b3ae04c;406.15;0.5;UNKNOWN
2016-02-17T03:18:52.000000;2016-02-17T03:18:52.000000;42466643-501d-47d0-9297-2d7e575e6d2f;406.0;0.3684;UNKNOWN
2016-02-17T03:18:52.000000;2016-02-17T03:18:52.000000;33de2f3f-4505-456b-9448-ab6dcc657154;406.15;1.0;UNKNOWN
2016-02-17T03:18:52.000000;2016-02-17T03:18:52.000000;0763a2d3-d1ca-47dd-85b1-84f305c019ea;406.16;6.1316;UNKNOWN
2016-02-17T03:18:53.000000;2016-02-17T03:18:53.000000;fda6ab64-2012-4837-bf4d-f62cdb02a700;406.0;0.58679591;UNKNOWN
2016-02-17T03:18:53.000000;2016-02-17T03:18:53.000000;ff4ab0b8-b938-4676-a553-4d70e80843bd;405.65;6.91320409;UNKNOWN
2016-02-17T03:18:54.000000;2016-02-17T03:18:54.000000;65a537d1-5791-49c0-bd46-3447f6a6776c;405.55;3.3763755;UNKNOWN
2016-02-17T03:19:11.000000;2016-02-17T03:19:11.000000;af6c4ebb-da6a-4a2b-8675-89dc7be348fc;406.06;1.0;UNKNOWN
2016-02-17T03:19:18.000000;2016-02-17T03:19:18.000000;6fb061d8-136f-450b-b170-319fba2b3ff1;406.05;0.5;UNKNOWN
2016-02-17T03:19:27.000000;2016-02-17T03:19:27.000000;24c62a0a-a216-4af4-bc11-b1e5428f94e4;406.05;0.05;UNKNOWN
2016-02-17T03:20:28.000000;2016-02-17T03:20:28.000000;4d568e2e-8c60-4197-b419-fa8a8ddfcea4;406.06;0.45;UNKNOWN
2016-02-17T03:21:05.000000;2016-02-17T03:21:05.000000;b224c5bd-b425-44fd-b2bc-4b0dd8db0fc4;406.06;2.53952872;UNKNOWN
2016-02-17T03:21:07.000000;2016-02-17T03:21:07.000000;9e833ef1-1fd6-4647-ad14-897a178eb175;406.06;0.42238921;UNKNOWN
2016-02-17T03:21:07.000000;2016-02-17T03:21:07.000000;1d540e07-19c4-4841-92a6-b7f726632888;406.06;0.57761079;UNKNOWN
2016-02-17T03:21:10.000000;2016-02-17T03:21:10.000000;8d325af9-a123-474a-ad46-2fdfe04d47a3;406.06;1.0;UNKNOWN
2016-02-17T03:21:26.000000;2016-02-17T03:21:26.000000;eda7bf25-15d9-4875-9e36-297300b4bda6;406.06;1.0;UNKNOWN
2016-02-17T03:21:30.000000;2016-02-17T03:21:30.000000;cc681a06-213f-4a6e-addb-8c52cf93a3f7;406.06;1.0;UNKNOWN
2016-02-17T03:21:37.000000;2016-02-17T03:21:37.000000;719245af-3ee5-4475-9110-b33dedc3ddc9;406.06;1.0;UNKNOWN
2016-02-17T03:22:05.000000;2016-02-17T03:22:05.000000;2185ce81-da02-4456-a982-ad72f605709f;406.06;1.0;UNKNOWN
2016-02-17T03:22:18.000000;2016-02-17T03:22:18.000000;79752e2c-927f-482c-b83e-95fc8f971149;406.11;1.0;UNKNOWN
2016-02-17T03:22:21.000000;2016-02-17T03:22:21.000000;81f81089-b51a-48fc-a9d9-9958deb51d69;406.11;1.0;UNKNOWN
2016-02-17T03:22:24.000000;2016-02-17T03:22:24.000000;8f90cdb0-4015-4ce2-ab78-55b682e644e0;406.11;1.0;UNKNOWN
2016-02-17T03:22:33.000000;2016-02-17T03:22:33.000000;0a28f675-7f18-47c8-9870-374c2dd4be44;406.16;0.43286049;UNKNOWN
2016-02-17T03:22:33.000000;2016-02-17T03:22:33.000000;6fa8114f-4d6d-42cd-bb92-f3d07ce6295d;406.11;0.56713951;UNKNOWN
2016-02-17T03:22:35.000000;2016-02-17T03:22:35.000000;603e63de-8986-4095-a806-cfe6cec682a9;406.16;1.0;UNKNOWN
2016-02-17T03:22:48.000000;2016-02-17T03:22:48.000000;4faac5d4-213d-4097-98e0-98cfcb85dcf0;406.18;1.0;UNKNOWN
2016-02-17T03:23:04.000000;2016-02-17T03:23:04.000000;16375425-2d6e-43fc-b72f-ff27586eb793;406.19;1.0;UNKNOWN
2016-02-17T03:24:38.000000;2016-02-17T03:24:38.000000;5c09e192-3bd2-4d63-8db4-b489b9420af2;406.19;1.0;UNKNOWN
2016-02-17T03:24:59.000000;2016-02-17T03:24:59.000000;fabbc0db-7662-4c8e-8b5f-404d85914165;406.19;1.0;UNKNOWN
2016-02-17T03:25:03.000000;2016-02-17T03:25:03.000000;e1e0fe8f-1008-47f6-9cee-f10916f15c3c;406.19;0.56692745;UNKNOWN
2016-02-17T03:25:03.000000;2016-02-17T03:25:03.000000;d9282f3f-7c14-49ef-ba60-5b37a437a5f5;406.25;0.43307255;UNKNOWN
2016-02-17T03:25:05.000000;2016-02-17T03:25:05.000000;89c0a2c0-f244-4fb1-b2a0-b18b052aa4a6;406.2;0.07521559;UNKNOWN
2016-02-17T03:25:16.000000;2016-02-17T03:25:16.000000;7620ecf2-cb0c-4d6f-b508-e6922e786813;406.2;1.0;UNKNOWN
2016-02-17T03:25:23.000000;2016-02-17T03:25:23.000000;6826d101-35dc-446a-a384-71e66cb0c8b8;406.2;1.0;UNKNOWN
2016-02-17T03:25:28.000000;2016-02-17T03:25:28.000000;2260e1f1-ecf1-4d44-8621-2df0bb7c1596;406.2;1.0;UNKNOWN
2016-02-17T03:25:42.000000;2016-02-17T03:25:42.000000;bc3405e7-7796-4147-aca9-f78e277b0e03;406.2;0.49213601;UNKNOWN
2016-02-17T03:25:47.000000;2016-02-17T03:25:47.000000;e9cee8c6-50d2-4a91-956a-56a404d7a81f;406.23;1.0;UNKNOWN
2016-02-17T03:25:47.000000;2016-02-17T03:25:47.000000;19db9978-4afe-4971-b845-feea8b94a04f;406.23;0.50786399;UNKNOWN
2016-02-17T03:26:06.000000;2016-02-17T03:26:06.000000;f9bed55a-c3b3-49f6-a2f1-dc47e7c2817b;406.19;1.0;UNKNOWN
2016-02-17T03:26:06.000000;2016-02-17T03:26:06.000000;d7866e05-9ac0-44ee-b583-5deb78e07e72;406.19;1.0;UNKNOWN
2016-02-17T03:26:06.000000;2016-02-17T03:26:06.000000;c1726930-1c24-4851-9954-f80fc7d58b55;406.19;0.5519;UNKNOWN
2016-02-17T03:26:06.000000;2016-02-17T03:26:06.000000;e86fabac-edd8-4121-959f-815a07865f30;406.19;1.0;UNKNOWN
2016-02-17T03:27:00.000000;2016-02-17T03:27:00.000000;0b04adc9-8b31-4763-8bc4-0fbf4dcc4b82;406.19;1.0;UNKNOWN
2016-02-17T03:27:00.000000;2016-02-17T03:27:00.000000;a3b59e9d-5a55-4f69-a5f2-b1baae6e69ef;406.19;1.0;UNKNOWN
2016-02-17T03:27:00.000000;2016-02-17T03:27:00.000000;3b3bf77a-c6d0-4d2f-8fca-7e30fb304905;406.19;1.0;UNKNOWN
2016-02-17T03:27:00.000000;2016-02-17T03:27:00.000000;c023e728-96ca-4690-a94f-0ac7ae787be5;406.03;2.0519;UNKNOWN
2016-02-17T03:27:00.000000;2016-02-17T03:27:00.000000;3654e8e2-eef8-46a0-b44b-aedd6fcb2cfa;406.19;1.0;UNKNOWN
2016-02-17T03:27:00.000000;2016-02-17T03:27:00.000000;692c82df-bbf0-4029-998f-1e51d3a83681;406.19;1.0;UNKNOWN
2016-02-17T03:27:00.000000;2016-02-17T03:27:00.000000;dc2682cb-1913-41b9-8787-bc370c2b7870;406.19;0.4481;UNKNOWN
2016-02-17T03:28:57.000000;2016-02-17T03:28:57.000000;143b20df-ff87-4db7-ba2d-c7752e07a7ee;406.19;0.3638858;UNKNOWN
2016-02-17T03:29:14.000000;2016-02-17T03:29:14.000000;89562436-3664-4e36-a403-f35b27997f74;406.21;1.0;UNKNOWN
2016-02-17T03:29:14.000000;2016-02-17T03:29:14.000000;5921f511-4215-49a5-89e7-e902c31d26c0;406.19;0.13237745;UNKNOWN
2016-02-17T03:29:25.000000;2016-02-17T03:29:25.000000;caef2589-002d-4343-adc0-1e9893e1f6f5;406.21;0.504;UNKNOWN
2016-02-17T03:29:28.000000;2016-02-17T03:29:28.000000;1fef7bd9-3d13-439f-8bf5-6e9b6f12ef11;406.21;1.0;UNKNOWN
2016-02-17T03:30:28.000000;2016-02-17T03:30:28.000000;50ece86c-0246-4e4b-9c2e-45a5dfeb5e47;405.8;0.24343338;UNKNOWN
2016-02-17T03:30:56.000000;2016-02-17T03:30:56.000000;3e71e4fe-b0d1-40f6-90b2-0e0c0f4ea11a;405.97;0.5039;UNKNOWN
2016-02-17T03:31:57.000000;2016-02-17T03:31:57.000000;40d07984-756a-4f0d-916c-05d5b7eed8bf;405.73;0.2465823;UNKNOWN
2016-02-17T03:32:25.000000;2016-02-17T03:32:25.000000;0e7e9ec0-1030-4162-98aa-e1538a6cd40f;405.8;5.3905;UNKNOWN
2016-02-17T03:32:25.000000;2016-02-17T03:32:25.000000;ffe4446a-0353-4722-909f-787f94d47287;405.87;6.0845;UNKNOWN
2016-02-17T03:32:25.000000;2016-02-17T03:32:25.000000;dfbe66c0-9adc-4e1e-b8ac-f0b7f5348fc9;405.86;0.5;UNKNOWN
2016-02-17T03:32:25.000000;2016-02-17T03:32:25.000000;166e0c90-7f93-4a0c-a8cc-28975c0b1a22;405.86;3.0;UNKNOWN
2016-02-17T03:32:25.000000;2016-02-17T03:32:25.000000;32241f4f-5839-4e38-b140-df7c3b8c49fa;405.83;6.0;UNKNOWN
2016-02-17T03:33:10.000000;2016-02-17T03:33:10.000000;81f60a46-7feb-4ff7-9e8c-f6805e4eff91;406.24;0.57114;UNKNOWN
2016-02-17T03:33:19.000000;2016-02-17T03:33:19.000000;32809b3a-ec31-4e25-b44d-f6203b1a9ee4;406.24;1.002;UNKNOWN
2016-02-17T03:33:34.000000;2016-02-17T03:33:34.000000;a0a5fdbf-0a84-4aa0-bc5f-3ead920deab6;406.26;0.09018;UNKNOWN
2016-02-17T03:33:43.000000;2016-02-17T03:33:43.000000;3379448e-bea8-49cd-b723-f1753e79fc13;406.26;0.47595;UNKNOWN
2016-02-17T03:33:52.000000;2016-02-17T03:33:52.000000;e0370d78-649c-43d3-bdce-4d680fd5a2fa;406.26;1.002;UNKNOWN
2016-02-17T03:34:01.000000;2016-02-17T03:34:01.000000;7f08b368-b2c9-4a67-ac2d-431cc3fdac6e;406.39;0.02906;UNKNOWN
2016-02-17T03:34:05.000000;2016-02-17T03:34:05.000000;194b1b3a-6e66-41c6-b324-4fff3be101b6;406.0;0.35889044;UNKNOWN
2016-02-17T03:35:01.000000;2016-02-17T03:35:01.000000;7f56d1fa-caaf-4733-bcbe-21ea0c031823;406.39;0.57815;UNKNOWN
2016-02-17T03:35:09.000000;2016-02-17T03:35:09.000000;fd49d9f6-7c57-4147-a16e-6b4fc224ace7;406.39;0.11423;UNKNOWN
2016-02-17T03:35:18.000000;2016-02-17T03:35:18.000000;f252021e-2924-4f06-8fab-e1afe16fc455;406.39;1.002;UNKNOWN
2016-02-17T03:35:27.000000;2016-02-17T03:35:27.000000;f602f0fb-78c8-478e-9235-5f622e6eafea;406.4;0.57114;UNKNOWN
2016-02-17T03:35:35.000000;2016-02-17T03:35:35.000000;70bcc1ee-d4b5-4845-bc15-d559e7d49e45;406.4;1.002;UNKNOWN
2016-02-17T03:35:43.000000;2016-02-17T03:35:43.000000;ca9c3efc-515f-42d5-b98e-a0236d065c0a;406.4;0.04409;UNKNOWN
2016-02-17T03:35:50.000000;2016-02-17T03:35:50.000000;12aba4d9-d8ed-4764-9fb6-0bb8e50852ca;406.4;1.0;UNKNOWN
2016-02-17T03:35:52.000000;2016-02-17T03:35:52.000000;0cf9c466-67cf-443f-93d2-abdf4af07b8b;406.4;1.002;UNKNOWN
2016-02-17T03:35:58.000000;2016-02-17T03:35:58.000000;ba1fc681-8fd4-46c4-8c4a-c908b45b43e7;406.4;0.01002;UNKNOWN
2016-02-17T03:36:05.000000;2016-02-17T03:36:05.000000;e833d0ca-48ef-4d0d-bf3a-a1b6462f791d;406.38;1.0;UNKNOWN
2016-02-17T03:36:06.000000;2016-02-17T03:36:06.000000;71d88da6-1d12-483e-a149-38ebe5a9a445;406.4;1.002;UNKNOWN
2016-02-17T03:36:12.000000;2016-02-17T03:36:12.000000;37c4b1d2-c921-45f4-a72c-df202a04bc0e;406.38;1.0;UNKNOWN
2016-02-17T03:36:12.000000;2016-02-17T03:36:12.000000;7e36f81f-1773-4605-a5f2-d8f3a242995b;406.38;1.0;UNKNOWN
2016-02-17T03:36:12.000000;2016-02-17T03:36:12.000000;06352639-b426-47f3-b90b-c59623551f04;406.38;1.0;UNKNOWN
2016-02-17T03:36:12.000000;2016-02-17T03:36:12.000000;1d317ea3-3ab3-410e-8713-90e553b6f837;406.38;1.0;UNKNOWN
2016-02-17T03:36:12.000000;2016-02-17T03:36:12.000000;5bf8ccce-535b-4502-a7f7-ad9fc66d2152;406.01;2.20755352;UNKNOWN
2016-02-17T03:36:12.000000;2016-02-17T03:36:12.000000;537fd002-0b8d-4ed4-878d-e150273c00bd;406.38;1.0;UNKNOWN
2016-02-17T03:36:14.000000;2016-02-17T03:36:14.000000;91710998-6c99-4c57-ab6e-3d96c99f8bd5;406.4;0.26254;UNKNOWN
2016-02-17T03:37:58.000000;2016-02-17T03:37:58.000000;31c3ccf1-4877-428a-9951-ab346dc42d2f;406.4;1.0;UNKNOWN
2016-02-17T03:38:09.000000;2016-02-17T03:38:09.000000;a3c2ac31-282d-4efc-991b-086d206afe6c;406.4;1.0;UNKNOWN
2016-02-17T03:38:24.000000;2016-02-17T03:38:24.000000;0673f783-b936-4772-8f56-421445dabde6;406.4;1.0;UNKNOWN
2016-02-17T03:38:31.000000;2016-02-17T03:38:31.000000;2c5ec2cd-6696-4e8b-881d-d45a8bcec87b;406.4;1.0;UNKNOWN
2016-02-17T03:38:34.000000;2016-02-17T03:38:34.000000;20b6587c-daa8-4286-b126-381bed28a091;406.4;1.0;UNKNOWN
2016-02-17T03:38:41.000000;2016-02-17T03:38:41.000000;09bd87fb-3b39-4cf1-a045-baedf428d136;406.4;1.0;UNKNOWN
2016-02-17T03:40:24.000000;2016-02-17T03:40:24.000000;ed6c5ff8-bed0-4628-b305-2eae7431fe3d;406.4;1.0;UNKNOWN
2016-02-17T03:40:26.000000;2016-02-17T03:40:26.000000;95653340-8f06-4bb6-8820-dbfe31af58cc;406.39;1.0;UNKNOWN
2016-02-17T03:40:26.000000;2016-02-17T03:40:26.000000;3908975b-7651-40da-896c-4db4584b742d;406.39;1.0;UNKNOWN
2016-02-17T03:40:26.000000;2016-02-17T03:40:26.000000;ecf56139-4e07-4461-ad79-1a4d8236edee;406.39;1.0;UNKNOWN
2016-02-17T03:40:26.000000;2016-02-17T03:40:26.000000;66ed2200-eace-4101-bd7a-80dd14be60c3;406.39;1.0;UNKNOWN
2016-02-17T03:40:26.000000;2016-02-17T03:40:26.000000;05f2c0d1-0b39-4f84-a413-a1a35e490181;406.39;1.0;UNKNOWN
2016-02-17T03:40:32.000000;2016-02-17T03:40:32.000000;4b746794-8231-4371-bab7-4a08c9d99f20;406.39;1.0;UNKNOWN
2016-02-17T03:41:24.000000;2016-02-17T03:41:24.000000;64cdce92-6410-4168-b511-b8655ee5cfb4;406.39;1.0;UNKNOWN
2016-02-17T03:41:24.000000;2016-02-17T03:41:24.000000;91393c99-5bff-40ac-89a7-e224dfc55005;406.39;1.0;UNKNOWN
2016-02-17T03:41:24.000000;2016-02-17T03:41:24.000000;8df4b1f0-47e8-4385-8b55-dfafbbfd223c;406.39;1.0;UNKNOWN
2016-02-17T03:41:24.000000;2016-02-17T03:41:24.000000;895e4514-d167-4f1f-98a3-e431be7635f7;406.39;1.0;UNKNOWN
2016-02-17T03:41:24.000000;2016-02-17T03:41:24.000000;982b6b9b-3b0e-4278-ac8a-abf5c1670683;406.39;1.0;UNKNOWN
2016-02-17T03:41:41.000000;2016-02-17T03:41:41.000000;43e697bd-4cc3-45e7-87be-8a860a49ee9c;406.36;1.0;UNKNOWN
2016-02-17T03:42:04.000000;2016-02-17T03:42:04.000000;7949149e-c561-430c-a01e-25eb1ed1b1f9;406.34;0.49;UNKNOWN
2016-02-17T03:42:27.000000;2016-02-17T03:42:27.000000;d16c7ad9-fd08-4b4a-92ea-02c13ea914f6;406.3;0.02463153;UNKNOWN
2016-02-17T03:42:28.000000;2016-02-17T03:42:28.000000;0fc4a778-bb03-4dcf-9613-16d8f56d84e2;406.3;0.09727626;UNKNOWN
2016-02-17T03:43:42.000000;2016-02-17T03:43:42.000000;883d93dd-7b25-46bd-a099-9990e54d169a;406.4;0.88;UNKNOWN
2016-02-17T03:44:02.000000;2016-02-17T03:44:02.000000;3cb8c46e-6f49-41b1-bb1e-4818deb43cbb;406.4;1.0;UNKNOWN
2016-02-17T03:44:04.000000;2016-02-17T03:44:04.000000;4cc3ab5c-5f57-4c71-ab18-8e294297b602;406.39;0.1;UNKNOWN
2016-02-17T03:44:18.000000;2016-02-17T03:44:18.000000;6e7b59ec-a9f3-4c96-b49f-afcbaf37cea7;406.4;25.0;UNKNOWN
2016-02-17T03:45:49.000000;2016-02-17T03:45:49.000000;e1350fcf-8107-4e7d-a871-a6395a4700b9;406.4;1.0;UNKNOWN
2016-02-17T03:48:05.000000;2016-02-17T03:48:05.000000;639c08fc-f86f-4194-8a4a-7ee988af7108;406.25;3.16541758;UNKNOWN
2016-02-17T03:48:05.000000;2016-02-17T03:48:05.000000;34ce62f0-6e2b-4715-a666-6f895e1af6d0;406.3;0.37809221;UNKNOWN
2016-02-17T03:48:37.000000;2016-02-17T03:48:37.000000;721a4089-dcc1-4674-ab86-d707fa6f7278;406.4;3.0;UNKNOWN
2016-02-17T03:49:24.000000;2016-02-17T03:49:24.000000;c24faf4b-bfc9-4bd7-b2a1-ac73290c1b1e;406.11;0.49593414;UNKNOWN
2016-02-17T03:49:44.000000;2016-02-17T03:49:44.000000;9af73a8e-ea80-43de-87ca-45bbb9e41fee;406.4;6.0;UNKNOWN
2016-02-17T03:53:47.000000;2016-02-17T03:53:47.000000;9f5b33b9-5de8-4a48-b68b-33295a1ec98b;406.37;1.5;UNKNOWN
2016-02-17T03:53:47.000000;2016-02-17T03:53:47.000000;497c8bfd-a683-4053-bc1b-2c5d3c831c57;406.36;3.0;UNKNOWN
2016-02-17T03:53:47.000000;2016-02-17T03:53:47.000000;a42170f9-856a-4385-8847-e3842cac3a48;406.36;0.5;UNKNOWN
2016-02-17T03:54:21.000000;2016-02-17T03:54:21.000000;ed993d69-fdc9-40e7-a20f-b60e9f5f95ef;406.39;0.2716185;UNKNOWN
2016-02-17T03:54:21.000000;2016-02-17T03:54:21.000000;7e4a89e9-aedd-46d1-bc94-bd17d44315b9;406.35;0.0283815;UNKNOWN
2016-02-17T03:54:42.000000;2016-02-17T03:54:42.000000;f2226ff2-17b1-49b4-9e43-fdde455f89d6;406.39;0.1;UNKNOWN
2016-02-17T03:55:27.000000;2016-02-17T03:55:27.000000;1c094418-685a-4e78-9a4a-27cce2f58afc;406.18;0.13786291;UNKNOWN
2016-02-17T03:55:52.000000;2016-02-17T03:55:52.000000;7255f37f-f033-4437-bfc2-c7a4336f2ae5;406.26;0.45;UNKNOWN
2016-02-17T03:55:59.000000;2016-02-17T03:55:59.000000;8cca51c4-7ea2-4560-a763-cfb30a59ff51;406.36;0.41;UNKNOWN
2016-02-17T03:58:04.000000;2016-02-17T03:58:04.000000;cb6291f4-a596-43b3-8679-052ebd892b2e;406.16;0.25778652;UNKNOWN
2016-02-17T03:58:27.000000;2016-02-17T03:58:27.000000;49b60b22-1240-4f99-bbfb-5733babcb07c;406.16;0.04221348;UNKNOWN
2016-02-17T03:58:27.000000;2016-02-17T03:58:27.000000;33c08f7f-9301-4f07-83fd-4a3cd4e0f969;406.12;0.15727355;UNKNOWN
2016-02-17T03:58:54.000000;2016-02-17T03:58:54.000000;4e3e6e9a-2acf-413b-a78a-adce2bc22a23;406.14;0.01;UNKNOWN
2016-02-17T03:59:29.000000;2016-02-17T03:59:29.000000;11eda5a4-b62d-4768-a16a-4c5ca885c673;406.13;0.01;UNKNOWN
2016-02-17T03:59:53.000000;2016-02-17T03:59:53.000000;2b08f252-ead5-4187-9928-5ef2a033f798;406.11;0.01;UNKNOWN
2016-02-17T04:00:00.000000;2016-02-17T04:00:00.000000;e5e081d5-16c8-49d5-90b6-51c4db4df6dc;406.11;0.01;UNKNOWN
2016-02-17T04:00:09.000000;2016-02-17T04:00:09.000000;c451b903-3283-4a7c-96f6-9c65a63f96a1;406.11;0.01;UNKNOWN
2016-02-17T04:01:07.000000;2016-02-17T04:01:07.000000;0f7ddc19-4656-4025-a305-35c94d08e18a;406.1;0.01;UNKNOWN
2016-02-17T04:01:13.000000;2016-02-17T04:01:13.000000;ae5a295e-68bb-45b3-8def-7dd1ac58b0be;406.1;0.01;UNKNOWN
2016-02-17T04:01:15.000000;2016-02-17T04:01:15.000000;8229622c-cbf7-438d-a034-9e109319d0b9;406.1;0.01;UNKNOWN
2016-02-17T04:01:22.000000;2016-02-17T04:01:22.000000;1ee7ca10-8b3b-4716-935c-3a46a70f261f;406.1;0.01;UNKNOWN
2016-02-17T04:01:24.000000;2016-02-17T04:01:24.000000;61c91a4d-de13-4835-91a4-54d7f61df1d9;406.1;0.01;UNKNOWN
2016-02-17T04:01:25.000000;2016-02-17T04:01:25.000000;9c2e1420-d0d2-4813-a29f-32b53ff7f556;406.1;0.01;UNKNOWN
2016-02-17T04:01:26.000000;2016-02-17T04:01:26.000000;68ec2419-3b45-43b4-b045-826878ebd014;406.1;0.01;UNKNOWN
2016-02-17T04:01:27.000000;2016-02-17T04:01:27.000000;7c64e719-5dbc-4e76-8dc0-8482f1ff1d77;406.1;0.01;UNKNOWN
2016-02-17T04:01:29.000000;2016-02-17T04:01:29.000000;e3fc8f6b-3dbb-484b-837b-123e65b0097f;406.1;0.01;UNKNOWN
2016-02-17T04:01:30.000000;2016-02-17T04:01:30.000000;88c28d07-0fc0-40f5-a8cd-b51da5a3046a;406.1;0.01;UNKNOWN
2016-02-17T04:01:31.000000;2016-02-17T04:01:31.000000;b328a5db-17e9-4c0d-b057-5ce3e9e82e4e;406.1;0.01;UNKNOWN
2016-02-17T04:01:31.000000;2016-02-17T04:01:31.000000;a7a17da3-7a0e-42b3-a932-58ab153d87c1;406.1;0.01;UNKNOWN
2016-02-17T04:01:32.000000;2016-02-17T04:01:32.000000;1e76dc48-bb5a-4f16-9eea-5c97acaea83d;406.1;0.01;UNKNOWN
2016-02-17T04:01:33.000000;2016-02-17T04:01:33.000000;1b2ae046-c737-49d6-b97e-7c4d2454661a;406.1;0.01;UNKNOWN
2016-02-17T04:01:34.000000;2016-02-17T04:01:34.000000;e085d0de-eec4-49ae-ab0a-c10af61e8105;406.1;0.01;UNKNOWN
2016-02-17T04:01:34.000000;2016-02-17T04:01:34.000000;3c70a583-f98b-4775-9556-f94a935825ce;406.1;0.01;UNKNOWN
2016-02-17T04:01:35.000000;2016-02-17T04:01:35.000000;bc59ba1d-136a-45cf-87e6-61a8aa2c86a1;406.1;0.01;UNKNOWN
2016-02-17T04:01:36.000000;2016-02-17T04:01:36.000000;8b213109-3cd5-4005-9b70-f050ce24d572;406.1;0.01;UNKNOWN
2016-02-17T04:01:38.000000;2016-02-17T04:01:38.000000;257b1e53-5233-42b9-8b20-3943cecaf795;406.1;0.01;UNKNOWN
2016-02-17T04:01:39.000000;2016-02-17T04:01:39.000000;44b84913-33ac-4e89-97ee-a77c6d8ab498;406.1;0.01;UNKNOWN
2016-02-17T04:01:45.000000;2016-02-17T04:01:45.000000;f55dba0a-5e1b-4af2-b5be-9d87a5fc2439;406.11;6.8501;UNKNOWN
2016-02-17T04:01:45.000000;2016-02-17T04:01:45.000000;0065c15c-502c-4a1a-bd5f-fabddee94479;406.12;6.1499;UNKNOWN
2016-02-17T04:01:46.000000;2016-02-17T04:01:46.000000;e2a78f42-4c76-436d-ada5-8f925c5a00ea;406.11;0.01;UNKNOWN
2016-02-17T04:02:16.000000;2016-02-17T04:02:16.000000;9552aae6-42ed-45fa-82c7-52ffa6f9fa60;406.1;0.01;UNKNOWN
2016-02-17T04:02:18.000000;2016-02-17T04:02:18.000000;d45ce6c6-ae7d-44eb-9ef1-86dc57ca7d7b;406.1;0.01;UNKNOWN
2016-02-17T04:02:19.000000;2016-02-17T04:02:19.000000;c84ff534-2c2a-4530-bfe7-c3910dfee27a;406.1;0.01;UNKNOWN
2016-02-17T04:02:20.000000;2016-02-17T04:02:20.000000;42da6dfd-532e-4add-b282-2ff9ae252607;406.1;0.01;UNKNOWN
2016-02-17T04:02:21.000000;2016-02-17T04:02:21.000000;9b9a6fd6-a6e0-4f08-acda-32efc3202ffe;406.1;0.01;UNKNOWN
2016-02-17T04:02:22.000000;2016-02-17T04:02:22.000000;737801d2-0200-4100-9479-0b3fde9f5ff7;406.1;0.01;UNKNOWN
2016-02-17T04:02:22.000000;2016-02-17T04:02:22.000000;b8c69752-90f4-44df-913a-6edaadf72703;406.1;0.01;UNKNOWN
2016-02-17T04:02:23.000000;2016-02-17T04:02:23.000000;c38f5043-5471-44ee-ac00-a438e0f8eaeb;406.1;0.01;UNKNOWN
2016-02-17T04:02:23.000000;2016-02-17T04:02:23.000000;d585ed35-5e06-466f-846a-f404d5d4a3c0;406.1;0.01;UNKNOWN
2016-02-17T04:02:24.000000;2016-02-17T04:02:24.000000;aa8f6e8a-86cb-48cc-8388-2e37a0401f62;406.1;0.01;UNKNOWN
2016-02-17T04:02:25.000000;2016-02-17T04:02:25.000000;de2af32e-1be5-4d1c-8f33-edc1bb15f535;406.1;0.01;UNKNOWN
2016-02-17T04:02:25.000000;2016-02-17T04:02:25.000000;9fed40e0-ff40-4aa0-b26e-51ebdb3fb952;406.1;0.01;UNKNOWN
2016-02-17T04:02:26.000000;2016-02-17T04:02:26.000000;69b636ef-ae6e-414a-9705-64867061c8be;406.1;0.01;UNKNOWN
2016-02-17T04:02:26.000000;2016-02-17T04:02:26.000000;0d6f4b3c-1f67-4c90-a1f7-fc6e451fe42a;406.1;0.01;UNKNOWN
2016-02-17T04:02:27.000000;2016-02-17T04:02:27.000000;dcea6917-9587-4014-a926-5d54e51ce876;406.1;0.01;UNKNOWN
2016-02-17T04:02:28.000000;2016-02-17T04:02:28.000000;e59918fd-9e72-4a93-8f6e-80a4a1539da4;406.1;0.01;UNKNOWN
2016-02-17T04:02:28.000000;2016-02-17T04:02:28.000000;e84556ff-95e6-45c6-bc31-1aea0bc11126;406.1;0.01;UNKNOWN
2016-02-17T04:02:29.000000;2016-02-17T04:02:29.000000;cdbd021e-3c4a-4a1f-8565-ddb2b0a5e351;406.1;0.01;UNKNOWN
2016-02-17T04:02:30.000000;2016-02-17T04:02:30.000000;ba0304b8-131a-4c82-a6ed-0a14c2b298ee;406.1;0.01;UNKNOWN
2016-02-17T04:02:30.000000;2016-02-17T04:02:30.000000;dd47f70a-bee9-4f30-a0f4-f91bb2b63e8c;406.1;0.01;UNKNOWN
2016-02-17T04:02:31.000000;2016-02-17T04:02:31.000000;ef0b4c59-df33-4656-99f9-572513e97670;406.1;0.01;UNKNOWN
2016-02-17T04:02:31.000000;2016-02-17T04:02:31.000000;efcfc5ca-9f57-4d30-aae0-3c5b5e2a5ae0;406.1;0.01;UNKNOWN
2016-02-17T04:02:32.000000;2016-02-17T04:02:32.000000;65650ef8-9412-4444-b14e-4c6db6934837;406.1;0.01;UNKNOWN
2016-02-17T04:02:33.000000;2016-02-17T04:02:33.000000;dd50148b-7f64-4546-bb9a-351664e95c38;406.1;0.01;UNKNOWN
2016-02-17T04:02:33.000000;2016-02-17T04:02:33.000000;97a52005-7a33-4c3e-8c53-a4392bbccc35;406.1;0.01;UNKNOWN
2016-02-17T04:02:34.000000;2016-02-17T04:02:34.000000;7382ee0b-7ae9-4737-8da5-235a4143785c;406.1;0.01;UNKNOWN
2016-02-17T04:02:35.000000;2016-02-17T04:02:35.000000;73a5d04a-18d5-4412-b077-209737e9edfd;406.1;0.01;UNKNOWN
2016-02-17T04:02:35.000000;2016-02-17T04:02:35.000000;00dbd864-b020-41b7-998b-cb7280a98d0d;406.1;0.01;UNKNOWN
2016-02-17T04:02:37.000000;2016-02-17T04:02:37.000000;cda9e595-d286-4863-b71b-25587941c563;406.1;0.01;UNKNOWN
2016-02-17T04:03:45.000000;2016-02-17T04:03:45.000000;f3796709-29dc-4bf9-9b5b-e1236300928c;405.88;1.99;UNKNOWN
2016-02-17T04:03:45.000000;2016-02-17T04:03:45.000000;abff961d-88c2-4de0-b918-a99ea132e070;406.1;0.01;UNKNOWN
2016-02-17T04:04:16.000000;2016-02-17T04:04:16.000000;9354b890-c7cf-436a-b29e-7cb1462c8cc6;405.87;0.01;UNKNOWN
2016-02-17T04:04:28.000000;2016-02-17T04:04:28.000000;de5347fd-7c62-4b52-aff6-8a7393269a39;405.96;0.04425936;UNKNOWN
2016-02-17T04:04:41.000000;2016-02-17T04:04:41.000000;6fb572bd-6291-4d08-ad22-6c0018a430ce;405.98;0.01;UNKNOWN
2016-02-17T04:04:47.000000;2016-02-17T04:04:47.000000;63beffdf-e0fb-42c0-9293-17d68d764e77;405.9;0.01;UNKNOWN
2016-02-17T04:05:11.000000;2016-02-17T04:05:11.000000;cb17e4db-2e49-40fc-ad7a-551d81eb6ba1;405.86;0.01;UNKNOWN
2016-02-17T04:05:21.000000;2016-02-17T04:05:21.000000;08e04930-1d21-4d79-bc27-05d04d15d1a6;405.83;0.01;UNKNOWN
2016-02-17T04:05:26.000000;2016-02-17T04:05:26.000000;79b2e263-6655-4c19-a9d2-6345e2801465;405.91;0.01;UNKNOWN
2016-02-17T04:06:36.000000;2016-02-17T04:06:36.000000;c770e467-24cb-490f-8bce-f28a0a1e1058;405.91;0.01;UNKNOWN
2016-02-17T04:06:47.000000;2016-02-17T04:06:47.000000;de615aa8-01ca-4cde-a805-ab51ad405a20;405.89;0.01;UNKNOWN
2016-02-17T04:06:51.000000;2016-02-17T04:06:51.000000;4a186730-0e2f-4147-a893-75bda4e21ced;405.89;0.01;UNKNOWN
2016-02-17T04:06:55.000000;2016-02-17T04:06:55.000000;eef3e6a8-6cf6-425b-9e48-041fbf7a4406;405.89;0.01;UNKNOWN
2016-02-17T04:06:58.000000;2016-02-17T04:06:58.000000;ecb1496d-c6a6-4038-8481-406f3989b857;405.89;9.9236;UNKNOWN
2016-02-17T04:06:58.000000;2016-02-17T04:06:58.000000;0cf892ce-077b-4437-a04f-05bc06f11161;405.89;0.97;UNKNOWN
2016-02-17T04:06:58.000000;2016-02-17T04:06:58.000000;2817d16c-6efc-41e8-ae6c-a6b6a0c0a48d;405.89;6.1064;UNKNOWN
2016-02-17T04:06:59.000000;2016-02-17T04:06:59.000000;e41e4d5e-90cd-4548-9ee4-7762f6b8e462;405.89;0.01;UNKNOWN
2016-02-17T04:07:03.000000;2016-02-17T04:07:03.000000;50a944b0-f993-48f3-b277-788cdb12448a;405.89;0.01;UNKNOWN
2016-02-17T04:07:54.000000;2016-02-17T04:07:54.000000;d5a9aa81-ff28-4d3e-bd99-e98cba6736be;406.21;0.01;UNKNOWN
2016-02-17T04:08:04.000000;2016-02-17T04:08:04.000000;a9bdd9c6-a0f9-4e8a-b287-af2a7d603f24;406.35;0.250001;UNKNOWN
2016-02-17T04:08:08.000000;2016-02-17T04:08:08.000000;53b4ad03-8de4-446d-b216-ed53153799b3;406.35;0.1;UNKNOWN
2016-02-17T04:08:25.000000;2016-02-17T04:08:25.000000;d38dd373-dfe5-4665-a4ec-7d439fad4b24;406.39;0.250001;UNKNOWN
2016-02-17T04:09:04.000000;2016-02-17T04:09:04.000000;1b42ce58-8ad6-429c-b45e-45ba557f71d9;406.4;0.01;UNKNOWN
2016-02-17T04:09:32.000000;2016-02-17T04:09:32.000000;e92bc30c-a49e-4db3-87ac-875178e4577d;406.36;0.01;UNKNOWN
2016-02-17T04:09:47.000000;2016-02-17T04:09:47.000000;fc620772-6cf8-4448-8e99-905340872eb1;406.36;0.240001;UNKNOWN
2016-02-17T04:09:47.000000;2016-02-17T04:09:47.000000;7d39923a-a120-4440-9913-5b5aa41f0957;406.35;0.2285747;UNKNOWN
2016-02-17T04:09:54.000000;2016-02-17T04:09:54.000000;cc75e1cc-056d-4810-95b4-b611bc6f37b5;406.35;0.01;UNKNOWN
2016-02-17T04:09:58.000000;2016-02-17T04:09:58.000000;73c481c2-a14f-4ea8-98d8-8ced2b039ced;406.35;0.01;UNKNOWN
2016-02-17T04:10:03.000000;2016-02-17T04:10:03.000000;2eec41bf-fbe3-46a1-a305-1b01734a2439;406.35;0.0014263;UNKNOWN
2016-02-17T04:10:03.000000;2016-02-17T04:10:03.000000;2c09575a-0b06-41a8-bccc-2624ff95fc29;406.35;0.0085737;UNKNOWN
2016-02-17T04:10:43.000000;2016-02-17T04:10:43.000000;5d582de2-03b8-4fcc-aafa-6a9f711ec475;406.35;0.01;UNKNOWN
2016-02-17T04:10:50.000000;2016-02-17T04:10:50.000000;d6ad7690-8456-49ab-9134-85586df209d5;406.35;0.01;UNKNOWN
2016-02-17T04:11:53.000000;2016-02-17T04:11:53.000000;02aa4108-c2d0-4c65-9dc3-7b1bf000e307;406.39;3.0;UNKNOWN
2016-02-17T04:11:53.000000;2016-02-17T04:11:53.000000;a07be762-c05c-4b40-8025-250c1830ff54;406.39;2.3;UNKNOWN
2016-02-17T04:12:29.000000;2016-02-17T04:12:29.000000;671abe07-fc99-42e6-86e8-18270cc4cee0;406.35;0.05;UNKNOWN
2016-02-17T04:12:54.000000;2016-02-17T04:12:54.000000;baef1fbb-fd7e-43c0-891d-7eb305c0adfe;406.35;0.01;UNKNOWN
2016-02-17T04:13:45.000000;2016-02-17T04:13:45.000000;f6e82e8e-bc08-4bd5-9c42-fbca8a511e57;406.35;0.01;UNKNOWN
2016-02-17T04:14:08.000000;2016-02-17T04:14:08.000000;238290f5-e627-439f-97f0-eee73ab3d944;406.35;0.01;UNKNOWN
2016-02-17T04:14:14.000000;2016-02-17T04:14:14.000000;1b45bcbe-95f0-4246-a0a5-08ce4355ee6b;406.35;0.01;UNKNOWN
2016-02-17T04:14:23.000000;2016-02-17T04:14:23.000000;1b1149bc-ce33-405e-8506-2d410c71a067;406.35;0.01;UNKNOWN
2016-02-17T04:14:26.000000;2016-02-17T04:14:26.000000;7546336b-163c-4ecd-8a9a-9332c11983ac;406.35;0.01;UNKNOWN
2016-02-17T04:14:30.000000;2016-02-17T04:14:30.000000;a5eaa348-d688-450a-abbb-bcb08c4f045a;406.35;0.01;UNKNOWN
2016-02-17T04:14:39.000000;2016-02-17T04:14:39.000000;e6a461f5-c02c-474d-9c8b-ed4bc97eddc1;406.35;0.01;UNKNOWN
2016-02-17T04:14:51.000000;2016-02-17T04:14:51.000000;0794f281-ff8a-4122-b56e-9bccf84dad8c;406.35;0.01;UNKNOWN
2016-02-17T04:15:05.000000;2016-02-17T04:15:05.000000;fafaa5cc-fcd2-4317-acaa-a2d212172e46;406.39;0.05;UNKNOWN
2016-02-17T04:15:05.000000;2016-02-17T04:15:05.000000;6d02a1bf-a679-4088-b6da-abb2127b6696;406.39;0.13081281;UNKNOWN
2016-02-17T04:15:10.000000;2016-02-17T04:15:10.000000;a440d8b9-f70b-454a-a995-efd3c3f074e1;406.35;0.02;UNKNOWN
2016-02-17T04:15:19.000000;2016-02-17T04:15:19.000000;30f3e5e0-578a-46b8-b96b-65d8d9b5bf7c;406.35;0.01;UNKNOWN
2016-02-17T04:15:24.000000;2016-02-17T04:15:24.000000;7ef8f820-6e3b-4fbe-8daf-ef1e2c6beeba;406.35;0.01;UNKNOWN
2016-02-17T04:15:39.000000;2016-02-17T04:15:39.000000;7dad7b6f-e639-4f0e-9460-51a2be258fa9;406.35;0.01;UNKNOWN
