time_exchange;time_coinpai;guid;price;base_amount;taker_side
2016-02-10T00:02:21.000000;2016-02-10T00:02:21.000000;e8562da8-e288-4d5a-b3b1-308370826134;374.43;2.44894398;UNKNOWN
2016-02-10T00:02:21.000000;2016-02-10T00:02:21.000000;ba055243-74a6-4f34-8739-c750bae446cd;374.43;0.30105602;UNKNOWN
2016-02-10T00:03:12.000000;2016-02-10T00:03:12.000000;00295d5b-a64e-480c-b756-bdcc046ccec4;374.18;2.0;UNKNOWN
2016-02-10T00:04:20.000000;2016-02-10T00:04:20.000000;5207d4cc-b6e1-4718-9b2b-8168ba920ff9;373.96;4.25;UNKNOWN
2016-02-10T00:04:23.000000;2016-02-10T00:04:23.000000;d92ee0c3-4bf6-41ae-b2d6-7052fa720a22;373.95;5.84;UNKNOWN
2016-02-10T00:04:26.000000;2016-02-10T00:04:26.000000;4b31aed6-8689-49d9-bd3d-6e683408d736;373.95;1.21;UNKNOWN
2016-02-10T00:04:29.000000;2016-02-10T00:04:29.000000;812f0257-dcd0-4860-9089-2e0dd47a85a2;373.95;4.6;UNKNOWN
2016-02-10T00:04:32.000000;2016-02-10T00:04:32.000000;fade10f2-7afd-4af0-a13c-6bcdd1928d34;373.96;1.16;UNKNOWN
2016-02-10T00:04:36.000000;2016-02-10T00:04:36.000000;7a118130-7cff-4ec1-a902-0575deb856e4;373.96;3.86;UNKNOWN
2016-02-10T00:04:41.000000;2016-02-10T00:04:41.000000;5300734d-8d33-4757-a5a6-f166ef812fa0;373.95;0.22145345;UNKNOWN
2016-02-10T00:04:42.000000;2016-02-10T00:04:42.000000;e2caea2d-b7de-4f08-9c7c-ff0c354b00fe;373.95;0.42;UNKNOWN
2016-02-10T00:04:46.000000;2016-02-10T00:04:46.000000;0b5232f5-ed79-4a23-902e-0af627f01a70;373.95;1.39;UNKNOWN
2016-02-10T00:04:50.000000;2016-02-10T00:04:50.000000;4345ba64-8b85-4d28-9841-812a39e18445;373.95;0.88;UNKNOWN
2016-02-10T00:04:53.000000;2016-02-10T00:04:53.000000;3fca746c-4e55-4d63-8300-3070be335e14;373.95;6.93;UNKNOWN
2016-02-10T00:04:56.000000;2016-02-10T00:04:56.000000;0dfad192-0f95-4583-8182-c449d0f42962;373.95;0.14393704;UNKNOWN
2016-02-10T00:05:18.000000;2016-02-10T00:05:18.000000;c456f22c-f532-474b-ba1e-b984247e77be;373.4;0.1;UNKNOWN
2016-02-10T00:05:18.000000;2016-02-10T00:05:18.000000;b0764fe8-5356-4efe-a56d-c74c0c63c824;373.8;0.05;UNKNOWN
2016-02-10T00:05:18.000000;2016-02-10T00:05:18.000000;f7b173e6-9cbb-4969-9ade-04367834dd9b;373.8;0.1;UNKNOWN
2016-02-10T00:05:18.000000;2016-02-10T00:05:18.000000;3ffebdb7-a51c-4bb0-9ce2-b1524a592d8f;373.4;0.0489;UNKNOWN
2016-02-10T00:05:18.000000;2016-02-10T00:05:18.000000;e52d54fd-4e14-4111-856a-f30e6fc2d03e;373.7;0.1;UNKNOWN
2016-02-10T00:05:18.000000;2016-02-10T00:05:18.000000;7b2a2c9b-7841-4d9e-874f-69f3ca12b490;373.6;0.1;UNKNOWN
2016-02-10T00:05:18.000000;2016-02-10T00:05:18.000000;88e3d9a4-d1bd-4f28-a13d-cfe7158e775b;373.5;0.1;UNKNOWN
2016-02-10T00:05:18.000000;2016-02-10T00:05:18.000000;2db25f99-263e-4014-bf73-8cde08d9ea9b;373.9;0.1;UNKNOWN
2016-02-10T00:05:18.000000;2016-02-10T00:05:18.000000;16dd1967-1e7b-423c-ab79-7036b2aff945;373.49;0.1;UNKNOWN
2016-02-10T00:05:21.000000;2016-02-10T00:05:21.000000;e75c671b-6517-4768-bf84-f461009201a4;373.39;0.01366734;UNKNOWN
2016-02-10T00:05:23.000000;2016-02-10T00:05:23.000000;8d3cb002-5997-4f3c-a0cd-662b86816357;373.38;0.01305561;UNKNOWN
2016-02-10T00:05:25.000000;2016-02-10T00:05:25.000000;abba9899-f03c-4773-bc68-01f5dafddc5b;373.34;6.48;UNKNOWN
2016-02-10T00:05:27.000000;2016-02-10T00:05:27.000000;d239b875-731a-4fde-b071-ea288923f4bb;373.37;0.01274996;UNKNOWN
2016-02-10T00:05:30.000000;2016-02-10T00:05:30.000000;8b1c4a46-e7d0-48ff-84bc-fa1567322272;373.37;0.01219279;UNKNOWN
2016-02-10T00:05:33.000000;2016-02-10T00:05:33.000000;b0a2810f-f112-4262-95ec-65616ef94fb3;373.37;0.01167161;UNKNOWN
2016-02-10T00:05:36.000000;2016-02-10T00:05:36.000000;3e5bc4e5-81c4-4eb1-8f60-cb2ae35e2cca;373.37;0.01118337;UNKNOWN
2016-02-10T00:05:39.000000;2016-02-10T00:05:39.000000;107443a6-3145-40dd-b8b0-9731b9c5d833;373.36;0.01072534;UNKNOWN
2016-02-10T00:05:42.000000;2016-02-10T00:05:42.000000;a5d6ca23-20bf-4cf5-b6e6-29e020843c7b;373.36;0.01029507;UNKNOWN
2016-02-10T00:06:05.000000;2016-02-10T00:06:05.000000;47006fed-c541-4dca-a426-5d8ef46e466f;373.35;0.107;UNKNOWN
2016-02-10T00:06:29.000000;2016-02-10T00:06:29.000000;8f66e340-0426-436c-841c-91310ce7cf9a;373.35;0.09;UNKNOWN
2016-02-10T00:07:04.000000;2016-02-10T00:07:04.000000;fb4f8fb2-8745-4197-90fc-ceaebad66f83;373.33;0.1;UNKNOWN
2016-02-10T00:07:06.000000;2016-02-10T00:07:06.000000;400bf48e-a104-43c9-a656-74ad08d43150;373.33;0.1;UNKNOWN
2016-02-10T00:07:10.000000;2016-02-10T00:07:10.000000;7b55f03d-944f-43e2-9a8b-9ba8acaf325a;373.33;0.1;UNKNOWN
2016-02-10T00:07:12.000000;2016-02-10T00:07:12.000000;93cee2e4-eedf-434b-b9c7-468b27c5e470;373.33;0.1;UNKNOWN
2016-02-10T00:08:14.000000;2016-02-10T00:08:14.000000;17ff0c68-ec90-4777-a646-1bcb53c76a2d;373.33;5.28;UNKNOWN
2016-02-10T00:08:18.000000;2016-02-10T00:08:18.000000;a79c6d6f-4d3f-4f2b-a8c0-d99c9b59625f;373.33;6.58;UNKNOWN
2016-02-10T00:08:21.000000;2016-02-10T00:08:21.000000;0eefbef6-3775-479a-bd19-19451f8bcebb;373.33;1.99;UNKNOWN
2016-02-10T00:08:50.000000;2016-02-10T00:08:50.000000;0befb439-9cd9-4db5-9af3-8836ca39c164;373.2;0.44;UNKNOWN
2016-02-10T00:08:50.000000;2016-02-10T00:08:50.000000;6c0dae51-ad11-4b69-bbb1-097f35b08ad9;373.19;0.723047;UNKNOWN
2016-02-10T00:08:50.000000;2016-02-10T00:08:50.000000;fc9d388d-05bf-4188-9c66-cf3ff08652b1;373.2;0.1;UNKNOWN
2016-02-10T00:08:50.000000;2016-02-10T00:08:50.000000;3cf9a7f9-2f33-4dbd-ac9c-3c2a9ac21b8c;373.33;3.16;UNKNOWN
2016-02-10T00:08:50.000000;2016-02-10T00:08:50.000000;0f0eb66e-0860-42d1-921f-0b1e2932d45c;373.2;0.01;UNKNOWN
2016-02-10T00:08:50.000000;2016-02-10T00:08:50.000000;583ff135-9d68-4a7a-b096-56a6331c1f5e;373.3;0.1;UNKNOWN
2016-02-10T00:08:50.000000;2016-02-10T00:08:50.000000;2b6ea998-6e78-4e0b-9a38-6f12734b29d1;373.32;0.146953;UNKNOWN
2016-02-10T00:08:50.000000;2016-02-10T00:08:50.000000;0982e0be-22b3-4f56-ae6d-45dc68fb3d41;373.33;0.09;UNKNOWN
2016-02-10T00:08:54.000000;2016-02-10T00:08:54.000000;900639e9-e3f7-4924-8406-591c61357b11;373.33;0.01009639;UNKNOWN
2016-02-10T00:09:27.000000;2016-02-10T00:09:27.000000;d81510cb-2e83-4d9b-b0d4-5719b89796a0;373.2;0.01029308;UNKNOWN
2016-02-10T00:11:27.000000;2016-02-10T00:11:27.000000;03bff82c-bf79-4e19-876e-5f0ee205bf00;373.2;1.71517972;UNKNOWN
2016-02-10T00:11:52.000000;2016-02-10T00:11:52.000000;8edf3314-b170-4058-baca-810c0b80991d;373.84;0.1;UNKNOWN
2016-02-10T00:17:09.000000;2016-02-10T00:17:09.000000;c3a0d491-159e-493f-beb0-a8086b632e46;373.58;6.6779;UNKNOWN
2016-02-10T00:17:15.000000;2016-02-10T00:17:15.000000;bf39d414-52f3-44ab-8f8b-7648a78129c2;373.57;2.06;UNKNOWN
2016-02-10T00:17:27.000000;2016-02-10T00:17:27.000000;67bfbcb0-d3ae-4492-bc31-076a63047a4e;373.58;0.059;UNKNOWN
2016-02-10T00:18:05.000000;2016-02-10T00:18:05.000000;47fd8978-5588-4358-b4a4-dbe8b054a99f;373.58;0.03439543;UNKNOWN
2016-02-10T00:20:03.000000;2016-02-10T00:20:03.000000;915eb628-8001-4139-83ef-4a128167e29a;373.65;0.27;UNKNOWN
2016-02-10T00:20:46.000000;2016-02-10T00:20:46.000000;4c7883b4-75b3-4fed-807a-ca4d663f1d65;373.73;2.0;UNKNOWN
2016-02-10T00:20:53.000000;2016-02-10T00:20:53.000000;2b00e14a-aacb-42c1-bc18-21340356b5d9;373.73;2.0;UNKNOWN
2016-02-10T00:24:04.000000;2016-02-10T00:24:04.000000;7926d5c0-74d1-47da-9ea4-f45ac8f7d1c5;373.9;6.596;UNKNOWN
2016-02-10T00:24:04.000000;2016-02-10T00:24:04.000000;ce453585-028a-4f10-90b7-47b74d67e1ac;373.91;3.04;UNKNOWN
2016-02-10T00:25:39.000000;2016-02-10T00:25:39.000000;4508da3d-8fac-4a0a-923a-a74a484f0cf6;374.12;2.4032;UNKNOWN
2016-02-10T00:30:39.000000;2016-02-10T00:30:39.000000;7030f5bd-526f-4ba2-97d2-fa1716cf4d5e;374.12;0.2058;UNKNOWN
2016-02-10T00:32:39.000000;2016-02-10T00:32:39.000000;981b485f-73d2-4db6-9c1a-b2f5128dc905;374.12;1.1822;UNKNOWN
2016-02-10T00:33:05.000000;2016-02-10T00:33:05.000000;8947b33b-2807-4357-b02e-b4c410a480db;374.12;0.05;UNKNOWN
2016-02-10T00:33:55.000000;2016-02-10T00:33:55.000000;37d8f0e3-11d1-4873-b02b-719a6a172a54;374.12;0.7615;UNKNOWN
2016-02-10T00:36:15.000000;2016-02-10T00:36:15.000000;d2d1f10f-5e8b-4067-8bb4-b0767b98dcec;374.12;3.0;UNKNOWN
2016-02-10T00:36:17.000000;2016-02-10T00:36:17.000000;e820e6a0-936c-4d7f-91c0-6534868156db;374.11;3.56;UNKNOWN
2016-02-10T00:36:26.000000;2016-02-10T00:36:26.000000;fc75993e-18c3-4b2e-bd21-d2879085b9b5;374.12;0.06779374;UNKNOWN
2016-02-10T00:36:41.000000;2016-02-10T00:36:41.000000;9de98d1c-bc87-41d3-b660-b88adcedd90e;374.12;0.03013055;UNKNOWN
2016-02-10T00:38:23.000000;2016-02-10T00:38:23.000000;7f87975b-1cf1-4400-b761-018fe3868063;374.11;3.39;UNKNOWN
2016-02-10T00:38:48.000000;2016-02-10T00:38:48.000000;d0015425-b89d-4c9a-be1e-38280a41e5a6;374.12;0.989314;UNKNOWN
2016-02-10T00:39:59.000000;2016-02-10T00:39:59.000000;bb6b177e-7411-4c5e-9269-04efe1d862e9;374.12;0.882012;UNKNOWN
2016-02-10T00:40:34.000000;2016-02-10T00:40:34.000000;aeb20882-7dca-4683-a112-ed65992fbed9;374.11;2.71;UNKNOWN
2016-02-10T00:41:13.000000;2016-02-10T00:41:13.000000;379f8b72-e4e2-4712-99b6-0b1986ded272;374.12;0.944763;UNKNOWN
2016-02-10T00:41:26.000000;2016-02-10T00:41:26.000000;799202ed-8079-4b4c-b125-fc42f37851e2;374.11;5.0;UNKNOWN
2016-02-10T00:42:20.000000;2016-02-10T00:42:20.000000;b3723d9c-f91c-4209-9a6c-2038162608fc;374.12;0.88531364;UNKNOWN
2016-02-10T00:43:29.000000;2016-02-10T00:43:29.000000;2a65846e-4013-4e43-870c-959105c41318;374.12;0.44951898;UNKNOWN
2016-02-10T00:43:30.000000;2016-02-10T00:43:30.000000;5ab2b4d3-e25f-45a0-8963-0765cf843130;374.12;0.15;UNKNOWN
2016-02-10T00:44:14.000000;2016-02-10T00:44:14.000000;1c2177a1-1769-4332-8f93-1586f9b92452;374.12;0.22475348;UNKNOWN
2016-02-10T00:44:38.000000;2016-02-10T00:44:38.000000;aedb9924-c9d1-4abc-bb01-fea93e7797a9;374.12;10.06690061;UNKNOWN
2016-02-10T00:45:21.000000;2016-02-10T00:45:21.000000;9618527d-fc30-4c09-b147-a5b11e03bbad;374.12;0.22018025;UNKNOWN
2016-02-10T00:45:37.000000;2016-02-10T00:45:37.000000;cbff1878-1ff4-4e81-921e-1edca26dbef6;374.12;0.05026744;UNKNOWN
2016-02-10T00:45:37.000000;2016-02-10T00:45:37.000000;e132026e-c216-40b5-abb1-780a5ec53555;374.12;0.05981975;UNKNOWN
2016-02-10T00:45:51.000000;2016-02-10T00:45:51.000000;23d2f15b-0e71-4b8b-9384-7f1b9d831c19;374.12;0.05504212;UNKNOWN
2016-02-10T00:47:03.000000;2016-02-10T00:47:03.000000;e36fcdd2-2935-42b2-8312-4b46efdf4eae;374.12;0.05408241;UNKNOWN
2016-02-10T00:48:10.000000;2016-02-10T00:48:10.000000;f77688f4-737e-4564-a384-d9d163d2932b;374.12;0.03594833;UNKNOWN
2016-02-10T00:49:07.000000;2016-02-10T00:49:07.000000;08b23410-e913-43fd-8b43-7baf056fb41e;374.12;1.3371;UNKNOWN
2016-02-10T00:53:07.000000;2016-02-10T00:53:07.000000;1b91b4d8-b672-497f-bcb1-0e8abe20f64e;374.12;0.01688432;UNKNOWN
2016-02-10T00:55:05.000000;2016-02-10T00:55:05.000000;28714c77-f98a-4d9e-bdcb-fa3280e993bb;374.11;2.34;UNKNOWN
2016-02-10T00:55:05.000000;2016-02-10T00:55:05.000000;1bcfa20c-1b1c-4239-8eaf-452b456ede48;374.11;0.62449157;UNKNOWN
2016-02-10T00:57:00.000000;2016-02-10T00:57:00.000000;297c794c-3a3e-4827-9dd9-da8a5f052e8c;374.12;3.0;UNKNOWN
2016-02-10T00:57:06.000000;2016-02-10T00:57:06.000000;07517a4e-8bdc-497c-b98a-e7b92cf94c83;374.12;0.3817062;UNKNOWN
2016-02-10T00:58:18.000000;2016-02-10T00:58:18.000000;e9a4ad39-b3e3-4111-b4c5-fd920e768d4d;374.11;1.0;UNKNOWN
2016-02-10T00:59:14.000000;2016-02-10T00:59:14.000000;f47beefb-39ec-41b4-9555-e9e21de9b89a;374.11;1.37550843;UNKNOWN
2016-02-10T00:59:14.000000;2016-02-10T00:59:14.000000;39f2b28b-c99b-4597-8196-8b37b74ff8cb;374.01;0.25559157;UNKNOWN
2016-02-10T00:59:14.000000;2016-02-10T00:59:14.000000;b88adfb1-efef-486d-9be1-34577619fb3d;374.09;0.1599;UNKNOWN
2016-02-10T00:59:14.000000;2016-02-10T00:59:14.000000;349bfbd4-4486-423e-adf2-7b28b285efde;374.11;0.209;UNKNOWN
2016-02-10T00:59:29.000000;2016-02-10T00:59:29.000000;ab6acb44-b5bb-462e-b37a-e4c8a6a43c4d;374.01;2.74440843;UNKNOWN
2016-02-10T00:59:29.000000;2016-02-10T00:59:29.000000;65c900f3-d414-4d0e-a1de-88bd2f6b3c4c;374.0;20.0;UNKNOWN
2016-02-10T00:59:57.000000;2016-02-10T00:59:57.000000;ebe00b74-a8ab-4902-b8b8-86896032668d;373.96;1.0;UNKNOWN
2016-02-10T01:00:09.000000;2016-02-10T01:00:09.000000;1d6d833a-2754-44ff-85ae-5a299fb8c3d1;373.96;1.0;UNKNOWN
2016-02-10T01:04:34.000000;2016-02-10T01:04:34.000000;55ccf35f-f87a-4a64-bc9c-ade5a0c06ba9;373.62;0.5;UNKNOWN
2016-02-10T01:04:34.000000;2016-02-10T01:04:34.000000;9cba9545-09e0-4a55-8f1b-7fad524a03d9;373.62;0.084;UNKNOWN
2016-02-10T01:04:42.000000;2016-02-10T01:04:42.000000;9d31ec2c-5182-4a5c-ac1f-9ab04411a4bb;373.62;0.028;UNKNOWN
2016-02-10T01:05:11.000000;2016-02-10T01:05:11.000000;9829d3c4-be19-4b14-98a7-0edc10ffee70;373.62;2.6767;UNKNOWN
2016-02-10T01:06:09.000000;2016-02-10T01:06:09.000000;a9f5ed40-82e9-4fe9-86c4-095c5094e5eb;373.62;4.0;UNKNOWN
2016-02-10T01:06:12.000000;2016-02-10T01:06:12.000000;0c862d49-d5c7-4817-b453-3bd05dc54895;373.62;0.72990315;UNKNOWN
2016-02-10T01:06:12.000000;2016-02-10T01:06:12.000000;9ed63bce-1482-496a-ab5c-09e013830354;373.73;0.27009685;UNKNOWN
2016-02-10T01:08:06.000000;2016-02-10T01:08:06.000000;49132a80-6681-4564-949e-47c5e5bb8b65;373.68;0.50418262;UNKNOWN
2016-02-10T01:11:02.000000;2016-02-10T01:11:02.000000;b7eb8f5e-422e-4855-a253-f0b259d4251a;373.63;0.1;UNKNOWN
2016-02-10T01:11:27.000000;2016-02-10T01:11:27.000000;88454ee6-7569-4a5a-aba7-4c66c59855d8;373.66;0.426;UNKNOWN
2016-02-10T01:11:41.000000;2016-02-10T01:11:41.000000;0ecba962-373b-4708-8907-caf74d399d8f;373.66;0.01;UNKNOWN
2016-02-10T01:13:58.000000;2016-02-10T01:13:58.000000;4c3cd305-23a8-446a-aa3d-16d7a975a355;373.65;7.2;UNKNOWN
2016-02-10T01:14:38.000000;2016-02-10T01:14:38.000000;355b8db1-59de-4613-b2ef-e7b88d3c3289;373.65;0.072438;UNKNOWN
2016-02-10T01:15:06.000000;2016-02-10T01:15:06.000000;53295d9f-8aff-44e6-8a97-d0dbd2cba41e;373.68;6.6011;UNKNOWN
2016-02-10T01:15:07.000000;2016-02-10T01:15:07.000000;25721530-c9a4-4676-8f5a-ea5325a5d07b;373.63;0.0355;UNKNOWN
2016-02-10T01:15:13.000000;2016-02-10T01:15:13.000000;860d9d6c-ebd9-43cc-8c0b-c6ccd48bf6a7;373.64;0.1;UNKNOWN
2016-02-10T01:15:50.000000;2016-02-10T01:15:50.000000;7518652c-7b8f-4703-9f2f-f4c57b964a75;373.69;2.1709;UNKNOWN
2016-02-10T01:16:33.000000;2016-02-10T01:16:33.000000;2f66f4ba-75bc-4657-8797-460edf1ebd93;373.63;1.996944;UNKNOWN
2016-02-10T01:19:49.000000;2016-02-10T01:19:49.000000;d0eb44d7-6449-49c0-bd99-fa052e759a04;373.63;0.7997;UNKNOWN
2016-02-10T01:20:03.000000;2016-02-10T01:20:03.000000;5467df05-377f-4525-a04f-f76d69cc01b0;373.67;0.06703;UNKNOWN
2016-02-10T01:20:54.000000;2016-02-10T01:20:54.000000;756b84a3-aa92-4f89-83d1-5135f9aa7ae8;373.63;2.404356;UNKNOWN
2016-02-10T01:24:01.000000;2016-02-10T01:24:01.000000;c86d02cb-3eb9-43e0-a041-dfa32da3af97;373.61;2.0;UNKNOWN
2016-02-10T01:24:14.000000;2016-02-10T01:24:14.000000;d6695079-bbd0-4937-971c-765cfc35a9aa;373.61;1.0;UNKNOWN
2016-02-10T01:25:06.000000;2016-02-10T01:25:06.000000;6a0df045-10d6-4ab0-96cf-27d2bc0e8c6c;373.57;0.5;UNKNOWN
2016-02-10T01:25:06.000000;2016-02-10T01:25:06.000000;26594dc3-0fb1-4bec-b2b5-665210851f78;373.6;0.5;UNKNOWN
2016-02-10T01:26:21.000000;2016-02-10T01:26:21.000000;f058633d-c038-4323-b5b7-707477748dec;373.67;0.2;UNKNOWN
2016-02-10T01:26:50.000000;2016-02-10T01:26:50.000000;dfa07681-6f90-4006-881b-2a67fe186c7a;373.58;0.15;UNKNOWN
2016-02-10T01:26:50.000000;2016-02-10T01:26:50.000000;7a005988-c998-4fa5-ad50-d64173bf5ee6;373.62;0.4;UNKNOWN
2016-02-10T01:27:05.000000;2016-02-10T01:27:05.000000;fad23077-c362-442d-89a9-79b6a7de0aee;373.69;6.81469543;UNKNOWN
2016-02-10T01:27:23.000000;2016-02-10T01:27:23.000000;1319652f-a2d3-408d-bb8f-f5129977734e;373.69;0.1;UNKNOWN
2016-02-10T01:27:56.000000;2016-02-10T01:27:56.000000;67175e2d-d71a-40df-97af-ddb1f0bf28e3;373.69;0.01;UNKNOWN
2016-02-10T01:32:27.000000;2016-02-10T01:32:27.000000;2cf2f739-5895-4ac2-90ee-78ada8198273;373.68;6.5902;UNKNOWN
2016-02-10T01:33:05.000000;2016-02-10T01:33:05.000000;7a873b56-7e48-4fbc-a91e-e11ccde88f12;373.68;0.21216101;UNKNOWN
2016-02-10T01:33:05.000000;2016-02-10T01:33:05.000000;b68c9328-e0fc-4b92-93d9-419cdb70b8fe;373.69;9.78783899;UNKNOWN
2016-02-10T01:34:54.000000;2016-02-10T01:34:54.000000;0a06d6e9-bfe7-459e-99b5-470ec3cdf507;373.66;0.81;UNKNOWN
2016-02-10T01:35:44.000000;2016-02-10T01:35:44.000000;d3b2e07d-7467-405c-ac14-7a2d5b8995e3;373.69;1.0;UNKNOWN
2016-02-10T01:36:40.000000;2016-02-10T01:36:40.000000;33de21fd-1450-4850-908e-4fde83c8e5e4;373.68;0.1;UNKNOWN
2016-02-10T01:36:56.000000;2016-02-10T01:36:56.000000;236ab09e-5d65-4d11-98ed-d4a4ebb86086;373.68;0.46400509;UNKNOWN
2016-02-10T01:37:18.000000;2016-02-10T01:37:18.000000;00f9ba51-3ada-474b-a111-849894653a13;373.68;0.1;UNKNOWN
2016-02-10T01:37:25.000000;2016-02-10T01:37:25.000000;e26077b2-4858-4139-bd6f-2fb816ab6823;373.68;6.5897;UNKNOWN
2016-02-10T01:38:05.000000;2016-02-10T01:38:05.000000;cb0c9d74-64ba-44d5-bc11-a53711b0ad33;373.69;0.167;UNKNOWN
2016-02-10T01:38:51.000000;2016-02-10T01:38:51.000000;e088e55d-6e47-49ff-bb5f-8d24568a6402;373.69;0.8;UNKNOWN
2016-02-10T01:40:05.000000;2016-02-10T01:40:05.000000;3579d6ab-e788-4299-aa5a-cbf9acb6d724;373.68;0.01617271;UNKNOWN
2016-02-10T01:40:14.000000;2016-02-10T01:40:14.000000;d5a07826-669b-439d-97e8-b90cf53b14c2;373.69;0.1;UNKNOWN
2016-02-10T01:41:05.000000;2016-02-10T01:41:05.000000;9e3d90cd-c298-4002-8713-4b41af03a374;373.69;2.35909428;UNKNOWN
2016-02-10T01:41:06.000000;2016-02-10T01:41:06.000000;684f2c26-e169-4369-9bd6-0c76f2647941;373.69;1.6904713;UNKNOWN
2016-02-10T01:41:06.000000;2016-02-10T01:41:06.000000;8eb13b9c-d620-4fcd-95ce-8e03dfb0cb4e;373.99;3.01;UNKNOWN
2016-02-10T01:41:06.000000;2016-02-10T01:41:06.000000;3c2be1ab-909d-4833-bbd7-ab6c3c8f5283;374.0;0.0995287;UNKNOWN
2016-02-10T01:45:27.000000;2016-02-10T01:45:27.000000;6ed18b1c-3947-49a6-95e6-85e02068afc2;373.92;0.2;UNKNOWN
2016-02-10T01:47:21.000000;2016-02-10T01:47:21.000000;915045d0-34bf-4ac5-8d7d-3d673491b722;373.91;3.0;UNKNOWN
2016-02-10T01:47:21.000000;2016-02-10T01:47:21.000000;d8074b28-fd35-4086-9893-d795436f9d1d;373.87;0.2;UNKNOWN
2016-02-10T01:47:29.000000;2016-02-10T01:47:29.000000;2363e010-ab06-40c6-b24c-85f48eff4a84;373.9;2.81;UNKNOWN
2016-02-10T01:47:29.000000;2016-02-10T01:47:29.000000;ff807804-3fd7-4a15-83c0-e82d4dd289f5;373.89;0.39;UNKNOWN
2016-02-10T01:49:54.000000;2016-02-10T01:49:54.000000;e0b3c56d-2520-42d9-9c48-5d1c4a94870c;373.87;3.5;UNKNOWN
2016-02-10T01:50:01.000000;2016-02-10T01:50:01.000000;dd7d9696-6446-4bae-bfbe-c1c3691e6d06;373.87;0.2;UNKNOWN
2016-02-10T01:50:04.000000;2016-02-10T01:50:04.000000;d79632b0-d388-43d1-b146-63d2b150f5e8;373.87;0.01;UNKNOWN
2016-02-10T01:50:08.000000;2016-02-10T01:50:08.000000;4ad18bfd-53c8-4da2-abf0-a2f40642c885;373.87;4.3;UNKNOWN
2016-02-10T01:50:14.000000;2016-02-10T01:50:14.000000;5e15ea11-6770-4fc3-b48d-8d4ac479e1f9;373.87;10.8;UNKNOWN
2016-02-10T01:50:20.000000;2016-02-10T01:50:20.000000;147d9704-e36c-4c5c-86fa-13bebd458425;373.87;2.7;UNKNOWN
2016-02-10T01:50:23.000000;2016-02-10T01:50:23.000000;aedc3504-baeb-46ec-8c6a-e189846d8acc;373.76;3.84916409;UNKNOWN
2016-02-10T01:50:23.000000;2016-02-10T01:50:23.000000;05962b15-6648-4c0f-8cd2-ef6b810e442d;373.73;1.88008629;UNKNOWN
2016-02-10T01:50:23.000000;2016-02-10T01:50:23.000000;e09cffe3-9601-4485-8616-a28851917c48;373.81;3.0;UNKNOWN
2016-02-10T01:50:23.000000;2016-02-10T01:50:23.000000;19520e63-a92b-4e4c-84cf-bf5807933ee3;373.76;3.85104171;UNKNOWN
2016-02-10T01:50:23.000000;2016-02-10T01:50:23.000000;ebfd97ed-308e-4a8a-b98d-aa6a474542ee;373.85;3.85114058;UNKNOWN
2016-02-10T01:50:23.000000;2016-02-10T01:50:23.000000;32c1db6a-017a-4ed9-bb4a-20b724c007a1;373.85;3.85094284;UNKNOWN
2016-02-10T01:50:23.000000;2016-02-10T01:50:23.000000;c33526f0-4c95-4a10-a3cd-824eebe0648a;373.85;10.02;UNKNOWN
2016-02-10T01:50:23.000000;2016-02-10T01:50:23.000000;ac403a04-8083-4746-8aa4-df022cee68ff;373.85;3.85094284;UNKNOWN
2016-02-10T01:50:23.000000;2016-02-10T01:50:23.000000;6655e250-375d-467d-9363-e853708c3c46;373.81;3.84916409;UNKNOWN
2016-02-10T01:50:23.000000;2016-02-10T01:50:23.000000;57bc7046-69db-4a0f-9c89-bba3e6b5967f;373.82;6.6582;UNKNOWN
2016-02-10T01:50:23.000000;2016-02-10T01:50:23.000000;516fcb30-4739-4066-aad8-6a5b9c542e88;373.83;3.85089341;UNKNOWN
2016-02-10T01:50:31.000000;2016-02-10T01:50:31.000000;9bac0d73-974b-4778-9485-7e0f6ef4c4ea;373.86;23.91;UNKNOWN
2016-02-10T01:50:31.000000;2016-02-10T01:50:31.000000;7572a79b-e10f-489e-8546-3da73d279a90;374.1;1.0968;UNKNOWN
2016-02-10T01:50:31.000000;2016-02-10T01:50:31.000000;81029ca4-98ec-4aeb-960a-2cc54ecbba42;374.09;3.02;UNKNOWN
2016-02-10T01:50:31.000000;2016-02-10T01:50:31.000000;a871116a-19d4-4473-9a45-4590c1ec8d00;373.89;6.6669;UNKNOWN
2016-02-10T01:50:31.000000;2016-02-10T01:50:31.000000;62de174d-5fc5-4c0e-b228-28d3d8d301c3;373.87;3.49;UNKNOWN
2016-02-10T01:50:31.000000;2016-02-10T01:50:31.000000;2a61a412-11ce-41ea-a6df-b1f11feef8d2;374.0;17.15606287;UNKNOWN
2016-02-10T01:52:48.000000;2016-02-10T01:52:48.000000;0d623680-ad7a-45b6-bf83-5dc27440f01b;374.09;6.6774;UNKNOWN
2016-02-10T01:53:08.000000;2016-02-10T01:53:08.000000;40898189-98c2-46b9-b74b-af7522c7925d;373.9;0.1;UNKNOWN
2016-02-10T01:56:46.000000;2016-02-10T01:56:46.000000;59b5583a-fef3-420a-b15b-6c4072fe37ac;374.1;0.168;UNKNOWN
2016-02-10T01:58:50.000000;2016-02-10T01:58:50.000000;0c4ec1a1-cb45-47e5-86f5-1e1d492b8975;374.09;0.18;UNKNOWN
2016-02-10T01:59:23.000000;2016-02-10T01:59:23.000000;d31eca5e-0542-4629-8ee2-413490a11d8d;374.09;0.24931586;UNKNOWN
2016-02-10T01:59:47.000000;2016-02-10T01:59:47.000000;d0149c72-c4f2-447a-9989-f1c7cc5ff6b3;374.09;0.11350134;UNKNOWN
2016-02-10T02:00:09.000000;2016-02-10T02:00:09.000000;96fa760c-97c7-42e9-a4ff-237d95ab0112;374.09;0.05167162;UNKNOWN
2016-02-10T02:00:59.000000;2016-02-10T02:00:59.000000;274cf917-7b7e-448a-a1f6-8499608db7d4;374.04;0.02346509;UNKNOWN
2016-02-10T02:01:00.000000;2016-02-10T02:01:00.000000;7fce0430-88d1-45cf-b89c-5da6ef4a852c;374.05;0.5346;UNKNOWN
2016-02-10T02:01:13.000000;2016-02-10T02:01:13.000000;25dfaeed-d66e-4319-837d-7217d14a5ecc;374.01;3.0;UNKNOWN
2016-02-10T02:01:13.000000;2016-02-10T02:01:13.000000;7d3f5ae8-5475-4a48-bb37-70b24264759b;374.01;3.0;UNKNOWN
2016-02-10T02:01:13.000000;2016-02-10T02:01:13.000000;a8cebf90-3f18-4f22-aecc-2780e558af01;374.07;2.99653491;UNKNOWN
2016-02-10T02:01:13.000000;2016-02-10T02:01:13.000000;79903536-4c36-411d-a84b-a7b75b20689d;374.03;0.31;UNKNOWN
2016-02-10T02:01:13.000000;2016-02-10T02:01:13.000000;ae0f8382-1601-4a7f-8aa6-e0269be246c6;374.02;0.08;UNKNOWN
2016-02-10T02:01:13.000000;2016-02-10T02:01:13.000000;79d4d669-4a40-44af-96d9-eaf015000d61;374.0;4.77;UNKNOWN
2016-02-10T02:04:41.000000;2016-02-10T02:04:41.000000;2c3d3a17-17a1-4ad7-b70b-e2d20109c871;373.97;0.06;UNKNOWN
2016-02-10T02:13:05.000000;2016-02-10T02:13:05.000000;35016146-044a-43d8-848f-ab846f24c3df;374.0;0.07624508;UNKNOWN
2016-02-10T02:13:06.000000;2016-02-10T02:13:06.000000;1517acdc-4c8a-4848-b319-ab186eec483f;374.0;0.4;UNKNOWN
2016-02-10T02:16:05.000000;2016-02-10T02:16:05.000000;6f2923cf-6378-4e8f-823c-ec343da27685;374.0;2.0;UNKNOWN
2016-02-10T02:18:05.000000;2016-02-10T02:18:05.000000;81a72b95-c524-4bd5-8c4f-ee7299098bd2;374.0;1.52343577;UNKNOWN
2016-02-10T02:18:18.000000;2016-02-10T02:18:18.000000;a887d097-bea8-4e76-9367-2a64080a70f9;373.99;0.25149893;UNKNOWN
2016-02-10T02:18:18.000000;2016-02-10T02:18:18.000000;55c2155b-c8a3-423b-a969-5eb1a0e3e2ad;373.99;0.15;UNKNOWN
2016-02-10T02:25:10.000000;2016-02-10T02:25:10.000000;aca86122-86d2-4811-85a0-e32033f85a84;373.99;0.09573907;UNKNOWN
2016-02-10T02:26:06.000000;2016-02-10T02:26:06.000000;05755c46-483f-411f-920e-349eff302c09;373.97;0.71588711;UNKNOWN
2016-02-10T02:26:28.000000;2016-02-10T02:26:28.000000;39f12afa-049a-4e79-9c1a-710cb5a402a9;373.92;0.5;UNKNOWN
2016-02-10T02:26:28.000000;2016-02-10T02:26:28.000000;0473adae-5440-4409-8941-ba4f43880ba3;373.95;0.09;UNKNOWN
2016-02-10T02:26:28.000000;2016-02-10T02:26:28.000000;777a7e67-3b44-432c-88c2-d941a6df8b75;373.91;0.79926093;UNKNOWN
2016-02-10T02:27:57.000000;2016-02-10T02:27:57.000000;87be2094-71e1-43a8-a86a-e7f6bc885476;373.92;0.28;UNKNOWN
2016-02-10T02:28:29.000000;2016-02-10T02:28:29.000000;2b7ed71e-a070-4693-8bd9-f4c40bd51929;373.92;0.05;UNKNOWN
2016-02-10T02:30:37.000000;2016-02-10T02:30:37.000000;99b61d72-c22c-4e93-a142-da443079224f;373.96;0.2;UNKNOWN
2016-02-10T02:31:50.000000;2016-02-10T02:31:50.000000;8bc8ebe1-c78f-41ac-b8a5-4232226d4919;373.91;0.25;UNKNOWN
2016-02-10T02:33:12.000000;2016-02-10T02:33:12.000000;b10fff2d-6055-4df3-bb53-84df7851699e;374.0;0.1059;UNKNOWN
2016-02-10T02:33:43.000000;2016-02-10T02:33:43.000000;7d3443cf-abde-4bb4-9249-15cb35d7d2a7;374.0;0.8352;UNKNOWN
2016-02-10T02:34:22.000000;2016-02-10T02:34:22.000000;57eea4f5-0f43-46af-a8b4-10ca2125d8ff;374.0;3.9803;UNKNOWN
2016-02-10T02:36:53.000000;2016-02-10T02:36:53.000000;29aa71be-2feb-49e9-b5d7-2b6103071c4d;373.91;1.0999;UNKNOWN
2016-02-10T02:36:53.000000;2016-02-10T02:36:53.000000;283769ec-22a5-4263-a46a-3e8a6c2ea0bc;373.98;0.1;UNKNOWN
2016-02-10T02:47:07.000000;2016-02-10T02:47:07.000000;9f7a7609-dfd9-48b3-b35d-475750e85dd9;374.07;6.5931;UNKNOWN
2016-02-10T02:47:07.000000;2016-02-10T02:47:07.000000;e47d2ee4-d857-41a7-a81b-8951f6f04eea;374.1;0.025;UNKNOWN
2016-02-10T02:47:07.000000;2016-02-10T02:47:07.000000;5edc3c5d-1ecb-4f47-a62c-5c1ad6041ecf;374.0;9.92238424;UNKNOWN
2016-02-10T02:47:07.000000;2016-02-10T02:47:07.000000;ee9461da-a728-40c1-88d7-0be7426bfe9e;374.2;13.97970025;UNKNOWN
2016-02-10T02:47:07.000000;2016-02-10T02:47:07.000000;1ed8bb53-7e57-493d-bfb1-0222d0237cf6;374.2;3.02;UNKNOWN
2016-02-10T02:47:07.000000;2016-02-10T02:47:07.000000;ab8dd272-c66c-4d00-a763-52ccf9a38c26;374.1;23.7352;UNKNOWN
2016-02-10T02:47:07.000000;2016-02-10T02:47:07.000000;6b3cfb69-ff7f-46b9-8e5c-787bf120b54c;374.16;14.338;UNKNOWN
2016-02-10T02:47:07.000000;2016-02-10T02:47:07.000000;9ea7cc17-81ef-4ca0-87c7-a3458dbf1533;374.0;0.25;UNKNOWN
2016-02-10T02:47:58.000000;2016-02-10T02:47:58.000000;a576f5a6-6ca9-4df6-b8ff-7030c054ca0b;374.01;0.5;UNKNOWN
2016-02-10T02:50:02.000000;2016-02-10T02:50:02.000000;bff07e86-864d-4ed0-a9ab-9d34be818030;374.01;19.745;UNKNOWN
2016-02-10T02:50:02.000000;2016-02-10T02:50:02.000000;6709b642-cda3-496c-9d0b-554d1cc3fe89;374.02;5.7772;UNKNOWN
2016-02-10T02:50:02.000000;2016-02-10T02:50:02.000000;b94712e2-04ac-49f4-b04d-b064cce4a3fc;374.01;6.6632;UNKNOWN
2016-02-10T02:51:29.000000;2016-02-10T02:51:29.000000;765c5935-9c95-4cd1-bba9-1395b854791e;373.91;0.85083907;UNKNOWN
2016-02-10T02:51:29.000000;2016-02-10T02:51:29.000000;502ea2d9-88f5-45da-afac-abf44419b62b;374.04;2.52;UNKNOWN
2016-02-10T02:51:29.000000;2016-02-10T02:51:29.000000;7216f9cf-5cbb-4921-8c28-e89dcbf05855;373.86;1.22916093;UNKNOWN
2016-02-10T02:51:29.000000;2016-02-10T02:51:29.000000;5fe5b3ec-7adc-4ec5-bae7-f3386458ed5a;374.03;0.5;UNKNOWN
2016-02-10T02:58:05.000000;2016-02-10T02:58:05.000000;b32f3c95-ec1d-4bbc-ad7a-638066f86c38;373.97;0.13756247;UNKNOWN
2016-02-10T03:04:11.000000;2016-02-10T03:04:11.000000;f2042dc1-0c22-4def-8cd3-30a09186f68f;374.0;0.0196;UNKNOWN
2016-02-10T03:07:05.000000;2016-02-10T03:07:05.000000;5a49650b-336a-4060-b5e4-98628444fa1f;374.0;0.07643267;UNKNOWN
2016-02-10T03:09:28.000000;2016-02-10T03:09:28.000000;4222beb4-5426-442b-9c11-161436669508;374.0;3.6437;UNKNOWN
2016-02-10T03:11:05.000000;2016-02-10T03:11:05.000000;6cae314b-1874-45ca-bc6a-13914d278fc8;374.0;0.01;UNKNOWN
2016-02-10T03:14:57.000000;2016-02-10T03:14:57.000000;f820fe89-2303-42ee-90a1-f54a5f0290e2;374.0;0.14684484;UNKNOWN
2016-02-10T03:17:15.000000;2016-02-10T03:17:15.000000;acbae973-039a-492a-854f-09a4bf775f85;374.0;0.1;UNKNOWN
2016-02-10T03:17:51.000000;2016-02-10T03:17:51.000000;d179de63-6be9-4f59-994f-60f0aecd79bf;374.0;0.07365795;UNKNOWN
2016-02-10T03:20:44.000000;2016-02-10T03:20:44.000000;17e36874-a789-4fda-aa19-6caff5ef08c7;374.0;0.15;UNKNOWN
2016-02-10T03:21:05.000000;2016-02-10T03:21:05.000000;ddcc1dbb-d8e0-425f-964f-eecd8f97197e;374.0;3.0;UNKNOWN
2016-02-10T03:27:25.000000;2016-02-10T03:27:25.000000;0d5d5441-fedb-410f-a8a6-ba74920172c0;374.0;0.0656;UNKNOWN
2016-02-10T03:28:10.000000;2016-02-10T03:28:10.000000;a462f961-812d-4596-8ea7-f9fcd77587d4;373.88;0.05895883;UNKNOWN
2016-02-10T03:28:10.000000;2016-02-10T03:28:10.000000;d0e3085c-25a8-4def-8eca-67843b3be5a8;373.9;0.1;UNKNOWN
2016-02-10T03:28:10.000000;2016-02-10T03:28:10.000000;fa78f0d3-6977-4dd6-9bb9-850d4782f566;373.93;0.07564117;UNKNOWN
2016-02-10T03:28:10.000000;2016-02-10T03:28:10.000000;f7d1a6c3-6676-415d-9197-7c6a8b01b934;373.92;0.2654;UNKNOWN
2016-02-10T03:28:18.000000;2016-02-10T03:28:18.000000;bdb30bc2-9ccc-4edf-a4ca-786b00b791bf;373.45;3.85064627;UNKNOWN
2016-02-10T03:28:18.000000;2016-02-10T03:28:18.000000;33a8ada3-1704-4c3e-9cce-181f40068e30;373.24;0.03694255;UNKNOWN
2016-02-10T03:28:18.000000;2016-02-10T03:28:18.000000;d08c1ceb-4ace-4187-bc9c-2a7d62123eab;373.3;0.1;UNKNOWN
2016-02-10T03:28:18.000000;2016-02-10T03:28:18.000000;97c7e691-f4ab-4fc0-a705-fb491756a4bb;373.5;0.1;UNKNOWN
2016-02-10T03:28:18.000000;2016-02-10T03:28:18.000000;8349af3b-73d8-4eb9-b5f4-11f5b552c368;373.4;0.1;UNKNOWN
2016-02-10T03:28:18.000000;2016-02-10T03:28:18.000000;516e1d1c-fa9a-41b9-b254-8fc1af72e74f;373.8;2.098;UNKNOWN
2016-02-10T03:28:18.000000;2016-02-10T03:28:18.000000;bd6cd5f1-8935-4533-a794-06e0a6290bc9;373.47;0.1;UNKNOWN
2016-02-10T03:28:18.000000;2016-02-10T03:28:18.000000;78d71c04-3713-4c13-9f2c-d66b009c5efb;373.33;3.84995444;UNKNOWN
2016-02-10T03:28:18.000000;2016-02-10T03:28:18.000000;2e799739-44e2-48b4-beab-e643104db16e;373.39;3.84995444;UNKNOWN
2016-02-10T03:28:18.000000;2016-02-10T03:28:18.000000;3c7955d4-35e7-4c58-b3a2-5aeec19c7a27;373.61;3.0;UNKNOWN
2016-02-10T03:28:18.000000;2016-02-10T03:28:18.000000;ed060154-24cf-47d7-8cc2-8659a85b85e2;373.62;12.0;UNKNOWN
2016-02-10T03:28:18.000000;2016-02-10T03:28:18.000000;9053720d-ea59-4428-b8b9-9856e26c7151;373.89;0.08047891;UNKNOWN
2016-02-10T03:28:18.000000;2016-02-10T03:28:18.000000;29d5865d-5c9f-4351-84f1-eeabac3bc20f;373.27;3.84995444;UNKNOWN
2016-02-10T03:28:18.000000;2016-02-10T03:28:18.000000;5063cca1-68e6-4e08-9adf-d559a97ace7c;373.62;3.02;UNKNOWN
2016-02-10T03:28:18.000000;2016-02-10T03:28:18.000000;f9fbebf6-25d1-4d84-a207-0706f1666f76;373.6;0.1;UNKNOWN
2016-02-10T03:28:18.000000;2016-02-10T03:28:18.000000;9bc90a81-d668-4ed9-b536-9c4f518c6d2b;373.64;3.0;UNKNOWN
2016-02-10T03:28:18.000000;2016-02-10T03:28:18.000000;59a8d388-ca4a-4fe7-803e-c6de7bca6c00;373.63;6.0;UNKNOWN
2016-02-10T03:28:18.000000;2016-02-10T03:28:18.000000;d8dd40d4-13b1-40e5-aeed-97584ee4e0f0;373.5;0.05;UNKNOWN
2016-02-10T03:28:18.000000;2016-02-10T03:28:18.000000;0352e703-d105-42f3-939e-02bac08c179f;373.86;1.19013907;UNKNOWN
2016-02-10T03:28:18.000000;2016-02-10T03:28:18.000000;3205aa55-4c2a-40c0-96dd-13118dd6e902;373.46;4.01;UNKNOWN
2016-02-10T03:28:18.000000;2016-02-10T03:28:18.000000;3c76abb1-4f2a-4bdb-b82c-fb7987921c68;373.82;0.09;UNKNOWN
2016-02-10T03:28:18.000000;2016-02-10T03:28:18.000000;38e584f5-1d0d-4ab9-9edd-26e45be8df04;373.46;3.84995444;UNKNOWN
2016-02-10T03:28:18.000000;2016-02-10T03:28:18.000000;dbc20948-eccc-41e7-b9cf-ca85e044a17a;373.51;3.85064627;UNKNOWN
2016-02-10T03:28:18.000000;2016-02-10T03:28:18.000000;4075a68b-558d-4f4a-a86e-7e91cfe61557;373.87;0.5;UNKNOWN
2016-02-10T03:28:18.000000;2016-02-10T03:28:18.000000;4a60a136-fbcb-47b9-8cf0-42e8f3ebce19;373.8;0.1;UNKNOWN
2016-02-10T03:28:18.000000;2016-02-10T03:28:18.000000;4294b995-c2ab-49e1-b705-bde13590a1c1;373.7;0.1;UNKNOWN
2016-02-10T03:28:18.000000;2016-02-10T03:28:18.000000;70fb0c6e-5ca6-4a1b-ba56-f077d469bc8a;373.81;3.0;UNKNOWN
2016-02-10T03:28:18.000000;2016-02-10T03:28:18.000000;4de4f95f-58e7-4ff7-8430-629c46876dbe;373.71;3.0;UNKNOWN
2016-02-10T03:28:18.000000;2016-02-10T03:28:18.000000;3396deab-9b79-44b9-be7b-e18cb647dc2a;373.88;0.01342917;UNKNOWN
2016-02-10T03:28:18.000000;2016-02-10T03:28:18.000000;184c9858-a60f-4de9-ac8c-e96c22403d5c;373.67;0.09;UNKNOWN
2016-02-10T03:28:18.000000;2016-02-10T03:28:18.000000;0ae00155-63bb-42da-8eb8-6969ff92ec83;373.5;0.0199;UNKNOWN
2016-02-10T03:28:23.000000;2016-02-10T03:28:23.000000;1fecbf93-59e4-4abb-b07e-69072581ea5d;373.71;0.01;UNKNOWN
2016-02-10T03:28:26.000000;2016-02-10T03:28:26.000000;835242cb-93af-4ce8-9434-ea01ee2f8d52;373.35;0.5;UNKNOWN
2016-02-10T03:28:29.000000;2016-02-10T03:28:29.000000;400e4266-1d0e-4a10-bb8c-67cbe2fab195;373.6;0.3;UNKNOWN
2016-02-10T03:28:30.000000;2016-02-10T03:28:30.000000;193f0ea3-bb40-4d4b-9ff5-11187c55e126;373.58;1.24;UNKNOWN
2016-02-10T03:28:35.000000;2016-02-10T03:28:35.000000;946e5ae8-b926-4095-b5f8-052bb0e6ac0b;373.55;6.52;UNKNOWN
2016-02-10T03:28:35.000000;2016-02-10T03:28:35.000000;371b5a2f-9c63-4ab8-8ecc-f8c6d3f66070;373.54;5.48;UNKNOWN
2016-02-10T03:28:36.000000;2016-02-10T03:28:36.000000;68849207-78b4-4392-bece-813ce318b0c6;373.86;0.52;UNKNOWN
2016-02-10T03:28:36.000000;2016-02-10T03:28:36.000000;08347633-beaa-4bb7-805b-48c2602cc83a;373.74;0.5;UNKNOWN
2016-02-10T03:29:03.000000;2016-02-10T03:29:03.000000;7a402296-4e99-4f30-bde4-8709e26abe6f;373.48;11.5723;UNKNOWN
2016-02-10T03:29:03.000000;2016-02-10T03:29:03.000000;63b7a695-5859-4cee-8eff-66878ec55fce;373.5;0.0487693;UNKNOWN
2016-02-10T03:29:03.000000;2016-02-10T03:29:03.000000;2eb5a65f-4c06-485d-bb80-2c77bc9043da;373.2;3.84936165;UNKNOWN
2016-02-10T03:29:03.000000;2016-02-10T03:29:03.000000;d197899e-ba7b-49ef-a57f-6bd60004f619;373.47;0.072334;UNKNOWN
2016-02-10T03:29:03.000000;2016-02-10T03:29:03.000000;f3e343dc-8bea-4c95-b7a7-dbe981954377;373.27;3.84936165;UNKNOWN
2016-02-10T03:29:03.000000;2016-02-10T03:29:03.000000;b4e52dc1-61d6-4ecc-a64d-420356147bda;373.86;0.1276;UNKNOWN
2016-02-10T03:29:03.000000;2016-02-10T03:29:03.000000;ee7d82c2-0813-4530-a539-d91a4ebcf324;373.2;10.3802734;UNKNOWN
2016-02-10T03:29:03.000000;2016-02-10T03:29:03.000000;f03235b0-18ac-4c38-ba7b-8be4094006ac;373.2;0.1;UNKNOWN
2016-02-10T03:29:28.000000;2016-02-10T03:29:28.000000;8b4bd30d-1f65-4c46-917a-0fa599633287;373.25;0.072423;UNKNOWN
2016-02-10T03:29:28.000000;2016-02-10T03:29:28.000000;2e620656-962a-46b2-977d-b1778d9e544d;373.19;0.59192492;UNKNOWN
2016-02-10T03:29:28.000000;2016-02-10T03:29:28.000000;ab6c6915-c235-44d9-9afe-c7dfcb64a152;373.14;0.33565208;UNKNOWN
2016-02-10T03:29:41.000000;2016-02-10T03:29:41.000000;5bba17a3-16da-4358-a890-fbf469100f70;373.14;0.2626;UNKNOWN
2016-02-10T03:29:41.000000;2016-02-10T03:29:41.000000;3822a755-f0a0-4984-afc9-64e19ec6135b;373.27;0.07242;UNKNOWN
2016-02-10T03:29:41.000000;2016-02-10T03:29:41.000000;d4e55820-dddd-4fac-956a-8dcfc19a9c3b;373.13;0.01498;UNKNOWN
2016-02-10T03:29:48.000000;2016-02-10T03:29:48.000000;55f0e017-400b-4c6e-bc8b-0b9347b0f779;373.57;1.05;UNKNOWN
2016-02-10T03:29:49.000000;2016-02-10T03:29:49.000000;c82849b8-3200-4ac5-be2c-5e4d5a3353b1;373.57;1.7;UNKNOWN
2016-02-10T03:32:10.000000;2016-02-10T03:32:10.000000;268dd90b-bb5a-4230-abf9-8b2b57954641;373.7;0.01;UNKNOWN
2016-02-10T03:33:52.000000;2016-02-10T03:33:52.000000;23cbc9f7-6e8a-4dfd-8eab-064edfc5beb3;373.43;0.00317225;UNKNOWN
2016-02-10T03:33:52.000000;2016-02-10T03:33:52.000000;1df40fe4-d21e-45ec-8ec3-834d582fc16f;373.49;0.072432;UNKNOWN
2016-02-10T03:33:52.000000;2016-02-10T03:33:52.000000;478440d5-c8d5-4bc1-9bbc-1d0e828fa9b7;373.51;0.02439575;UNKNOWN
2016-02-10T03:33:54.000000;2016-02-10T03:33:54.000000;caa9e9cc-ad7b-4900-9cb5-40cc2c32cafa;373.42;0.1;UNKNOWN
2016-02-10T03:34:10.000000;2016-02-10T03:34:10.000000;f6edd619-3b84-4f62-ab81-c3d3f3dd4371;373.68;0.1;UNKNOWN
2016-02-10T03:34:11.000000;2016-02-10T03:34:11.000000;333f21d6-73cc-4049-98c8-894dcc09559b;373.42;0.0276;UNKNOWN
2016-02-10T03:34:11.000000;2016-02-10T03:34:11.000000;8289d795-3cc9-45df-af6c-814ba88151a0;373.5;0.0724;UNKNOWN
2016-02-10T03:34:33.000000;2016-02-10T03:34:33.000000;dd994b14-bafc-4ba9-9416-52fb775dbf7e;373.58;0.1;UNKNOWN
2016-02-10T03:34:55.000000;2016-02-10T03:34:55.000000;cb4240bf-e7d1-4ae6-999f-eb05f8967b5d;373.42;0.1;UNKNOWN
2016-02-10T03:35:16.000000;2016-02-10T03:35:16.000000;0d07f25c-d93d-48ea-8b3c-43703f9120c3;373.68;0.5;UNKNOWN
2016-02-10T03:35:39.000000;2016-02-10T03:35:39.000000;1169dbe2-e41a-45e1-b455-b189807e162e;373.42;6.79801254;UNKNOWN
2016-02-10T03:36:51.000000;2016-02-10T03:36:51.000000;0e2a2ec7-3d3f-472e-b795-43598a9718f7;373.41;1.0;UNKNOWN
2016-02-10T03:37:05.000000;2016-02-10T03:37:05.000000;12c58580-5540-4097-84a8-277ac87a5fa2;373.49;0.01;UNKNOWN
2016-02-10T03:37:05.000000;2016-02-10T03:37:05.000000;8566be4e-86a0-4ab1-ac7e-cd811556287f;373.49;1.52464358;UNKNOWN
2016-02-10T03:37:11.000000;2016-02-10T03:37:11.000000;4eaef58d-161e-4327-9d61-bceb83c5b728;373.49;8.0;UNKNOWN
2016-02-10T03:38:05.000000;2016-02-10T03:38:05.000000;4ba2bc60-ad69-41de-9fd8-953e4f550430;373.49;0.04496642;UNKNOWN
2016-02-10T03:38:05.000000;2016-02-10T03:38:05.000000;adf309f1-f2c1-483b-adda-69dc8383703c;373.57;0.10736915;UNKNOWN
2016-02-10T03:38:06.000000;2016-02-10T03:38:06.000000;7623d6f8-59c0-4d34-b2a1-ca4c613bca6f;373.57;0.11435676;UNKNOWN
2016-02-10T03:39:17.000000;2016-02-10T03:39:17.000000;d93e6f15-cd7c-4e04-8d63-defec6b2493b;373.69;0.01740942;UNKNOWN
2016-02-10T03:39:18.000000;2016-02-10T03:39:18.000000;016b0991-69bb-47fc-808e-b132beea5cb9;373.69;0.0173966;UNKNOWN
2016-02-10T03:39:20.000000;2016-02-10T03:39:20.000000;38e4862a-5bd1-4dbd-908c-4b375cb71563;373.69;0.0173966;UNKNOWN
2016-02-10T03:40:10.000000;2016-02-10T03:40:10.000000;a25c4bf3-9d8c-4a41-9c38-71ca4769746c;373.68;0.01;UNKNOWN
2016-02-10T03:43:11.000000;2016-02-10T03:43:11.000000;50b9f833-e93a-4191-b6e4-58baff3a94d3;373.55;0.01;UNKNOWN
2016-02-10T03:44:50.000000;2016-02-10T03:44:50.000000;1b9813ee-3540-484e-a56d-244537514239;373.55;0.2;UNKNOWN
2016-02-10T03:44:55.000000;2016-02-10T03:44:55.000000;63ed52a7-ee10-4161-b76a-8d538bcc3eef;373.55;0.08004081;UNKNOWN
2016-02-10T03:44:55.000000;2016-02-10T03:44:55.000000;48e914cd-e63d-4c07-9640-18f0f64cd622;373.67;0.56995919;UNKNOWN
2016-02-10T03:45:55.000000;2016-02-10T03:45:55.000000;b0fad383-fd0a-4ab1-89b4-8a5b97c5c036;373.66;1.0;UNKNOWN
2016-02-10T03:45:55.000000;2016-02-10T03:45:55.000000;88466e0b-dadc-4f67-91e6-f362ccec6d61;373.67;2.0;UNKNOWN
2016-02-10T03:46:11.000000;2016-02-10T03:46:11.000000;49a65d32-caf3-459b-82fa-56c20532a215;373.68;0.01;UNKNOWN
2016-02-10T03:46:32.000000;2016-02-10T03:46:32.000000;3690e7e4-9bc9-4c20-8c56-4c00c32f0470;373.65;1.0;UNKNOWN
2016-02-10T03:47:30.000000;2016-02-10T03:47:30.000000;d91b18d6-4d8a-479b-9591-b8376474c211;373.68;0.08;UNKNOWN
2016-02-10T03:47:30.000000;2016-02-10T03:47:30.000000;de10a852-1926-42ae-a429-2c51c24e1b79;373.68;1.82;UNKNOWN
2016-02-10T03:47:33.000000;2016-02-10T03:47:33.000000;c9542665-8e28-4b30-9085-c124bbfad317;373.69;13.99850158;UNKNOWN
2016-02-10T03:47:33.000000;2016-02-10T03:47:33.000000;7c37b5cf-4483-4ad3-97be-3bc8d9e4b7bc;373.68;0.60599842;UNKNOWN
2016-02-10T03:47:36.000000;2016-02-10T03:47:36.000000;e7766b4d-6d6e-4305-9207-ca8366c8c7c7;373.69;2.2;UNKNOWN
2016-02-10T03:47:43.000000;2016-02-10T03:47:43.000000;353f25ee-6ca3-42df-b2c9-577ce8982b35;373.69;8.7492958;UNKNOWN
2016-02-10T03:47:43.000000;2016-02-10T03:47:43.000000;43568f18-4d99-4ce9-b5a3-33803b163725;373.69;0.0507042;UNKNOWN
2016-02-10T03:48:05.000000;2016-02-10T03:48:05.000000;937d1c62-8cc3-42a6-baa3-72e4a0660bd4;373.69;0.0492958;UNKNOWN
2016-02-10T03:48:05.000000;2016-02-10T03:48:05.000000;465fd18a-6006-4b8f-a4bb-e11dcf0a1217;373.98;0.7642042;UNKNOWN
2016-02-10T03:48:17.000000;2016-02-10T03:48:17.000000;5860deaa-85cf-492f-8a63-541d9fe9f813;373.99;6.6;UNKNOWN
2016-02-10T03:48:21.000000;2016-02-10T03:48:21.000000;e1f2bb88-fc2c-4cc8-9d0f-e07bd78aace4;374.0;4.47332;UNKNOWN
2016-02-10T03:48:25.000000;2016-02-10T03:48:25.000000;67fe3737-25d5-49a5-b18a-69d158144d97;374.0;2.0;UNKNOWN
2016-02-10T03:48:25.000000;2016-02-10T03:48:25.000000;b17df6e7-b9f4-495b-ac43-e3ca75330329;374.0;0.01722301;UNKNOWN
2016-02-10T03:48:25.000000;2016-02-10T03:48:25.000000;465bc074-289d-4dfd-91ca-da2511fd9e81;374.18;0.1;UNKNOWN
2016-02-10T03:48:25.000000;2016-02-10T03:48:25.000000;304e18a7-f78b-461b-b964-90d2245abf2f;374.0;0.1;UNKNOWN
2016-02-10T03:48:25.000000;2016-02-10T03:48:25.000000;aab0b35b-1b5f-493b-baee-e199b1b39a18;374.0;8.24084454;UNKNOWN
2016-02-10T03:48:25.000000;2016-02-10T03:48:25.000000;3c97c7f4-ce93-4fee-b9e0-48cf665034a5;374.23;3.83023245;UNKNOWN
2016-02-10T03:49:39.000000;2016-02-10T03:49:39.000000;ff8d0632-4091-4c79-baa0-3d1387aa69c3;374.25;14.2049;UNKNOWN
2016-02-10T03:49:40.000000;2016-02-10T03:49:40.000000;63ea3535-bb55-48c0-900b-78521afa84ba;374.25;0.01;UNKNOWN
2016-02-10T03:49:52.000000;2016-02-10T03:49:52.000000;8b26ad8a-22e1-439e-9bf1-1bcb1e2aeb22;374.25;5.7851;UNKNOWN
2016-02-10T03:49:52.000000;2016-02-10T03:49:52.000000;d31583b4-0100-4c92-a1b1-36e5f8ecd566;374.48;4.2149;UNKNOWN
2016-02-10T03:49:55.000000;2016-02-10T03:49:55.000000;490bbf72-2f93-4ee1-be58-7b60db18ffa5;374.5;0.01;UNKNOWN
2016-02-10T03:50:04.000000;2016-02-10T03:50:04.000000;7e26b53c-e31d-42f9-9c34-234367d7c196;374.49;6.6365;UNKNOWN
2016-02-10T03:50:04.000000;2016-02-10T03:50:04.000000;4816e89d-5463-403e-8eee-666243511cdb;374.49;3.0;UNKNOWN
2016-02-10T03:50:04.000000;2016-02-10T03:50:04.000000;4ac5ded2-daef-44a4-93af-3704b33eb04d;374.5;6.31213473;UNKNOWN
2016-02-10T03:50:04.000000;2016-02-10T03:50:04.000000;abec970f-1563-48e0-8868-40f53ef586e0;374.4;11.7887;UNKNOWN
2016-02-10T03:50:07.000000;2016-02-10T03:50:07.000000;e5491e3b-29e9-4727-a8d7-b1b0b509afd5;374.5;8.93693;UNKNOWN
2016-02-10T03:50:54.000000;2016-02-10T03:50:54.000000;99f47a02-8173-4ed3-ac51-fb0b006d0052;374.5;4.74093527;UNKNOWN
2016-02-10T03:50:54.000000;2016-02-10T03:50:54.000000;bce7260a-9803-467a-a723-8a0393e64aab;374.97;6.583;UNKNOWN
2016-02-10T03:50:54.000000;2016-02-10T03:50:54.000000;d02339e4-e8ef-4818-a457-fc97a02f7056;375.0;25.0;UNKNOWN
2016-02-10T03:50:54.000000;2016-02-10T03:50:54.000000;3a15dae9-e4a4-4441-9e28-00b5b2fb9350;374.5;20.0;UNKNOWN
2016-02-10T03:50:54.000000;2016-02-10T03:50:54.000000;8651c39e-e519-41af-8484-c5dd19b05420;374.9;0.55;UNKNOWN
2016-02-10T03:50:54.000000;2016-02-10T03:50:54.000000;80dd264c-73e6-454e-9a16-ae32f16113b1;374.99;11.45;UNKNOWN
2016-02-10T03:51:01.000000;2016-02-10T03:51:01.000000;9237535f-a4cd-4387-8bf6-0ef8d85afcc0;375.14;0.5;UNKNOWN
2016-02-10T03:51:01.000000;2016-02-10T03:51:01.000000;a085345b-a78f-4917-8a7f-582feceb6603;375.15;1.45;UNKNOWN
2016-02-10T03:51:01.000000;2016-02-10T03:51:01.000000;1631dfa1-64d5-499d-9186-1b83e26c76e4;375.15;6.0;UNKNOWN
2016-02-10T03:51:01.000000;2016-02-10T03:51:01.000000;05347de1-5c28-4660-9c41-1d2226e8c6b7;375.0;0.1;UNKNOWN
2016-02-10T03:51:01.000000;2016-02-10T03:51:01.000000;104ce322-1c45-41f3-b39c-254bb31a00e0;375.16;2.6632;UNKNOWN
2016-02-10T03:51:01.000000;2016-02-10T03:51:01.000000;3930ed00-c4d0-40fa-8577-1cc9505cf723;375.14;3.0;UNKNOWN
2016-02-10T03:51:05.000000;2016-02-10T03:51:05.000000;6589eb47-5c2c-4a85-9b1f-8191bdc0d003;374.53;0.03;UNKNOWN
2016-02-10T03:51:06.000000;2016-02-10T03:51:06.000000;5cc5cf93-3e00-46bb-9161-038f89e806d5;375.16;0.2;UNKNOWN
2016-02-10T03:52:13.000000;2016-02-10T03:52:13.000000;96dbc65b-ce8d-4b51-9264-87908975d702;374.93;2.0;UNKNOWN
2016-02-10T03:52:31.000000;2016-02-10T03:52:31.000000;f89498cd-9814-4968-8496-79c9e36c3bd3;375.4;11.14736147;UNKNOWN
2016-02-10T03:52:31.000000;2016-02-10T03:52:31.000000;ab61dce6-f7c7-4faf-a9dd-fe1f1740bb2a;375.24;6.6432;UNKNOWN
2016-02-10T03:52:31.000000;2016-02-10T03:52:31.000000;696486c8-09a3-4924-b547-03b214722b8f;375.22;0.5;UNKNOWN
2016-02-10T03:52:31.000000;2016-02-10T03:52:31.000000;eb8ff294-8f2d-422d-a1ce-b1c37862da15;375.23;3.0;UNKNOWN
2016-02-10T03:52:31.000000;2016-02-10T03:52:31.000000;2c8140dd-c8d5-40ec-9376-8a9ff487f5b4;375.3;0.32;UNKNOWN
2016-02-10T03:52:31.000000;2016-02-10T03:52:31.000000;2a6a02c5-c461-4692-ad54-066ccffda744;375.29;0.35;UNKNOWN
2016-02-10T03:52:36.000000;2016-02-10T03:52:36.000000;2684ebd9-46f3-4ecf-9750-a47240350d4c;375.21;0.45423;UNKNOWN
2016-02-10T03:53:01.000000;2016-02-10T03:53:01.000000;766eb769-3150-4734-9fd3-0c59a4aa92d4;375.09;6.6471;UNKNOWN
2016-02-10T03:53:01.000000;2016-02-10T03:53:01.000000;49d2e41b-92a2-43c4-abe1-fe5e5d591cbe;375.1;9.09284;UNKNOWN
2016-02-10T03:53:01.000000;2016-02-10T03:53:01.000000;3b963ea6-dcd4-4a62-8608-482f3326f7c8;375.45;4.26006;UNKNOWN
2016-02-10T03:53:04.000000;2016-02-10T03:53:04.000000;49093b32-5388-48dc-8eca-4502d35f605e;375.45;6.73;UNKNOWN
2016-02-10T03:53:04.000000;2016-02-10T03:53:04.000000;24a1b577-d130-4521-8426-269caf781e3e;375.56;8.53;UNKNOWN
2016-02-10T03:53:04.000000;2016-02-10T03:53:04.000000;5cc3ae4b-62c2-4b04-b84d-fca31435cc82;375.7;9.4005;UNKNOWN
2016-02-10T03:53:04.000000;2016-02-10T03:53:04.000000;65868d8e-0cc3-42d8-b372-5a50a4196219;375.55;4.74;UNKNOWN
2016-02-10T03:53:04.000000;2016-02-10T03:53:04.000000;fb7bae54-e140-4a23-b0bf-b370b57fdda7;375.59;0.4995;UNKNOWN
2016-02-10T03:53:04.000000;2016-02-10T03:53:04.000000;a6df7ccb-ffa7-49b5-9a6d-ac3f8fc6bf33;375.7;3.0995;UNKNOWN
2016-02-10T03:53:04.000000;2016-02-10T03:53:04.000000;ab871e47-9a02-493c-9c56-baec2cf0491d;375.72;11.9005;UNKNOWN
2016-02-10T03:53:04.000000;2016-02-10T03:53:04.000000;05b24296-8350-4f88-bd74-41d91c9fa40a;375.6;0.05;UNKNOWN
2016-02-10T03:53:04.000000;2016-02-10T03:53:04.000000;fd9e55ef-4ae3-4081-aaba-74e49d881ce8;375.5;0.05;UNKNOWN
2016-02-10T03:55:00.000000;2016-02-10T03:55:00.000000;65c059b0-474c-40c2-963f-5ef27c9ebdb7;375.69;4.9535;UNKNOWN
2016-02-10T03:55:12.000000;2016-02-10T03:55:12.000000;b7591c1f-61e9-4740-b560-99377b71931b;375.57;4.77;UNKNOWN
2016-02-10T03:55:18.000000;2016-02-10T03:55:18.000000;4f5ba48b-892d-4e17-8cd8-cd29aea7138c;375.53;0.5;UNKNOWN
2016-02-10T03:55:21.000000;2016-02-10T03:55:21.000000;bc545708-c4ba-4a6a-94de-2490b910ce09;375.57;0.01;UNKNOWN
2016-02-10T03:55:32.000000;2016-02-10T03:55:32.000000;1bbe5fa9-8dec-4d7f-99c9-ba88adebcfdc;375.71;0.09;UNKNOWN
2016-02-10T03:55:32.000000;2016-02-10T03:55:32.000000;0e6409d7-f1b5-495c-a287-74ac8e712804;375.73;24.52393;UNKNOWN
2016-02-10T03:55:32.000000;2016-02-10T03:55:32.000000;09c15e35-266c-4458-9839-4b46da2f102b;375.72;0.5;UNKNOWN
2016-02-10T03:55:32.000000;2016-02-10T03:55:32.000000;1c39e594-b4ae-447f-b524-1287d08e5fcf;375.56;1.0;UNKNOWN
2016-02-10T03:55:32.000000;2016-02-10T03:55:32.000000;b7f5e1f2-f6b4-4862-b795-63fac1b4c979;375.57;3.88607;UNKNOWN
2016-02-10T03:55:37.000000;2016-02-10T03:55:37.000000;54adc2f6-4fca-4e1b-a085-b525ca39797a;375.73;0.992813;UNKNOWN
2016-02-10T03:55:40.000000;2016-02-10T03:55:40.000000;03e84709-42c2-4954-89c4-1a5489508eeb;375.52;0.2;UNKNOWN
2016-02-10T03:55:51.000000;2016-02-10T03:55:51.000000;c7b4cbd8-3b0d-48a5-84b8-8bc55d158c93;375.56;3.5;UNKNOWN
2016-02-10T03:56:04.000000;2016-02-10T03:56:04.000000;5e0090af-6962-476a-8654-2a3ebfa5e78a;375.53;0.0380023;UNKNOWN
2016-02-10T03:56:17.000000;2016-02-10T03:56:17.000000;3cdf0c94-5950-4805-82dd-05058fc42c68;375.51;5.97720849;UNKNOWN
2016-02-10T03:56:22.000000;2016-02-10T03:56:22.000000;3372c0ba-59f6-471c-9548-471142e0e69d;375.51;1.44573151;UNKNOWN
2016-02-10T03:56:33.000000;2016-02-10T03:56:33.000000;0a281f09-99ce-46ea-b351-0847600618af;375.01;1.5;UNKNOWN
2016-02-10T03:56:49.000000;2016-02-10T03:56:49.000000;90c89926-bdcb-4db6-803c-149ce6c71675;375.48;0.05;UNKNOWN
2016-02-10T03:57:47.000000;2016-02-10T03:57:47.000000;e954c363-2e41-469f-abaf-f2cc0428ee7d;375.73;23.4118;UNKNOWN
2016-02-10T03:57:47.000000;2016-02-10T03:57:47.000000;9f959f38-9ca6-431c-b818-32701b4e759a;375.71;6.5882;UNKNOWN
2016-02-10T03:58:48.000000;2016-02-10T03:58:48.000000;a5467a39-b3ce-46b8-ab82-48676b880124;375.72;6.6293;UNKNOWN
2016-02-10T03:58:48.000000;2016-02-10T03:58:48.000000;604458f2-d4f4-4382-851f-99106427d548;375.7;0.5;UNKNOWN
2016-02-10T03:58:48.000000;2016-02-10T03:58:48.000000;1dce7d3b-ee4d-4ab1-a1be-313ce6359d53;375.7;3.0;UNKNOWN
2016-02-10T03:58:48.000000;2016-02-10T03:58:48.000000;341f2a33-9be5-4355-a270-b540329584f2;375.73;22.071457;UNKNOWN
2016-02-10T03:58:48.000000;2016-02-10T03:58:48.000000;03e789d3-39b4-4682-9b9a-4c8d200e611a;375.89;0.25;UNKNOWN
2016-02-10T03:58:48.000000;2016-02-10T03:58:48.000000;e5ae64d5-b059-41a5-a04b-9b91eaec5f9b;375.9;0.05;UNKNOWN
2016-02-10T03:58:48.000000;2016-02-10T03:58:48.000000;0e0aa221-bed8-4efb-9214-ea92a0137f65;375.8;0.05;UNKNOWN
2016-02-10T03:58:48.000000;2016-02-10T03:58:48.000000;29e1a980-dd6f-442f-9018-20556ae2c4da;375.77;0.05;UNKNOWN
2016-02-10T03:58:48.000000;2016-02-10T03:58:48.000000;ba2ea4ce-2bea-4113-9a49-af6f93ec860f;375.95;3.18;UNKNOWN
2016-02-10T03:58:48.000000;2016-02-10T03:58:48.000000;16c51bb1-d970-4570-bdec-9ecd87153975;375.97;16.9736;UNKNOWN
2016-02-10T03:58:48.000000;2016-02-10T03:58:48.000000;93180f99-2944-4c13-a7ab-fb0637c42181;375.99;12.18422071;UNKNOWN
2016-02-10T03:59:30.000000;2016-02-10T03:59:30.000000;a32d1aa2-1259-4951-9f3e-6ee8a4d1e42f;375.62;3.18;UNKNOWN
2016-02-10T04:00:04.000000;2016-02-10T04:00:04.000000;a45a8464-cb13-4a2f-bea1-fc58c61939f8;375.68;1.42930642;UNKNOWN
2016-02-10T04:00:04.000000;2016-02-10T04:00:04.000000;76bc05c4-8dbd-4bec-8d13-f4729ef4e639;375.61;0.01409903;UNKNOWN
2016-02-10T04:00:04.000000;2016-02-10T04:00:04.000000;b7f6b5c0-0257-4020-9fd5-4d4f5d234ab5;375.68;0.5;UNKNOWN
2016-02-10T04:00:05.000000;2016-02-10T04:00:05.000000;8aeefe5f-ad4c-4a22-8528-0e1b2e9203a5;375.61;2.0;UNKNOWN
2016-02-10T04:02:02.000000;2016-02-10T04:02:02.000000;37ad0a3f-0f4b-4ff3-9bd7-406ee2f16f6f;375.49;4.0;UNKNOWN
2016-02-10T04:02:11.000000;2016-02-10T04:02:11.000000;cb00b9b1-4316-425d-9bb6-82748a84fe1e;375.43;0.2;UNKNOWN
2016-02-10T04:02:26.000000;2016-02-10T04:02:26.000000;c98b4c9a-e959-47f2-9521-9af5df7fd844;375.41;3.6589;UNKNOWN
2016-02-10T04:02:39.000000;2016-02-10T04:02:39.000000;6b83e064-4cf9-4a4a-974f-8dcb1c1a6853;375.41;2.0;UNKNOWN
2016-02-10T04:04:50.000000;2016-02-10T04:04:50.000000;f31e9329-8457-41ea-a25c-08da66e892c6;375.41;5.0863;UNKNOWN
2016-02-10T04:04:50.000000;2016-02-10T04:04:50.000000;a97b83b0-4249-4f72-96f9-227a860b4567;375.47;23.82;UNKNOWN
2016-02-10T04:04:50.000000;2016-02-10T04:04:50.000000;c2b4036e-b7ce-4dbf-a6f8-6725bf1f7063;374.93;16.4781;UNKNOWN
2016-02-10T04:04:50.000000;2016-02-10T04:04:50.000000;c46b7718-9c16-4cc5-ba16-f300bb9cadda;375.21;3.0;UNKNOWN
2016-02-10T04:04:50.000000;2016-02-10T04:04:50.000000;ae1e50d0-58ca-4dd2-9d5e-312cf0265996;375.45;9.21517;UNKNOWN
2016-02-10T04:04:50.000000;2016-02-10T04:04:50.000000;742a892c-f5e4-458c-8100-49f8867e9d82;375.23;3.82853278;UNKNOWN
2016-02-10T04:04:50.000000;2016-02-10T04:04:50.000000;35d120ab-a7b0-4dd5-a138-f292f247f034;375.47;6.5741;UNKNOWN
2016-02-10T04:04:50.000000;2016-02-10T04:04:50.000000;76bf74ec-9a83-4f99-b612-97e256a541a5;375.17;3.82853278;UNKNOWN
2016-02-10T04:04:50.000000;2016-02-10T04:04:50.000000;701d3db9-5493-4486-b557-35fd2037eec8;375.11;3.0;UNKNOWN
2016-02-10T04:04:50.000000;2016-02-10T04:04:50.000000;843f2c52-6450-4f3a-9853-919cd12c78a7;375.01;0.05;UNKNOWN
2016-02-10T04:04:50.000000;2016-02-10T04:04:50.000000;051fa026-7fc9-4a74-bf62-11bb6dbc095e;375.04;16.3636;UNKNOWN
2016-02-10T04:04:50.000000;2016-02-10T04:04:50.000000;d04b2076-30bd-407f-9558-e7c9156869fb;375.05;14.8734;UNKNOWN
2016-02-10T04:04:50.000000;2016-02-10T04:04:50.000000;7f9c5663-6338-48c6-85b7-4f176afdd012;375.01;3.0;UNKNOWN
2016-02-10T04:04:50.000000;2016-02-10T04:04:50.000000;4e4792d7-f814-485e-a336-3967179a2e04;374.89;10.5507;UNKNOWN
2016-02-10T04:04:50.000000;2016-02-10T04:04:50.000000;8e47478c-2e19-4391-bb66-562d2537b965;374.84;6.66969628;UNKNOWN
2016-02-10T04:04:50.000000;2016-02-10T04:04:50.000000;19afd686-8797-4af2-8385-ae8610da7baf;374.85;3.82985242;UNKNOWN
2016-02-10T04:04:50.000000;2016-02-10T04:04:50.000000;6636997c-18c2-4668-a8eb-de308829489e;374.91;3.82985242;UNKNOWN
2016-02-10T04:04:50.000000;2016-02-10T04:04:50.000000;1832ae98-4dff-49da-8f5c-cec3f79cf26a;374.85;3.01;UNKNOWN
2016-02-10T04:05:26.000000;2016-02-10T04:05:26.000000;aa9ee574-0df3-4345-a021-c96545a256d9;375.38;0.4;UNKNOWN
2016-02-10T04:05:37.000000;2016-02-10T04:05:37.000000;ae47db33-a2a5-4a97-b834-4718fe2e6ffc;375.47;0.01317225;UNKNOWN
2016-02-10T04:05:37.000000;2016-02-10T04:05:37.000000;91a8182e-a55e-4191-ad78-b092fa982e13;375.48;12.82052775;UNKNOWN
2016-02-10T04:05:46.000000;2016-02-10T04:05:46.000000;613b2019-6120-44c6-9979-3c6f909072dd;375.5;12.8202;UNKNOWN
2016-02-10T04:05:52.000000;2016-02-10T04:05:52.000000;6b0cec4c-ac2f-4294-bfd4-4cf564955f1b;375.5;5.0;UNKNOWN
2016-02-10T04:05:58.000000;2016-02-10T04:05:58.000000;512d7ccf-045c-401c-b85c-602c5dfe5844;375.5;1.0;UNKNOWN
2016-02-10T04:06:04.000000;2016-02-10T04:06:04.000000;4c54caab-d4b6-431b-b955-d90ee4d8d4ee;375.61;0.3202;UNKNOWN
2016-02-10T04:06:04.000000;2016-02-10T04:06:04.000000;e78d0ec2-1cdd-4951-8150-e720d0f2ee27;375.5;1.1798;UNKNOWN
2016-02-10T04:06:16.000000;2016-02-10T04:06:16.000000;eebec665-11d3-41b9-a5dd-5465352b56dd;375.75;11.4615;UNKNOWN
2016-02-10T04:06:16.000000;2016-02-10T04:06:16.000000;83b71ab6-84d9-47d9-83b3-d24203d993a0;375.61;0.1798;UNKNOWN
2016-02-10T04:06:40.000000;2016-02-10T04:06:40.000000;77c8b0d9-bce6-4113-875a-dfe2bb3d770d;375.98;2.9468;UNKNOWN
2016-02-10T04:06:40.000000;2016-02-10T04:06:40.000000;fddb67bf-c7e4-47c0-93dd-b4e57471ebe4;375.75;8.5385;UNKNOWN
2016-02-10T04:06:57.000000;2016-02-10T04:06:57.000000;50ce6276-6f7a-4ec0-b155-1a94f547cca6;375.98;0.1;UNKNOWN
2016-02-10T04:06:57.000000;2016-02-10T04:06:57.000000;bdb70b6d-5805-4081-b01b-38a5a8c2c8fe;375.98;4.4828;UNKNOWN
2016-02-10T04:06:57.000000;2016-02-10T04:06:57.000000;36ed006c-9e48-463b-bc86-cbdb5285fb26;375.98;6.6409;UNKNOWN
2016-02-10T04:07:17.000000;2016-02-10T04:07:17.000000;b6a50859-cd5a-4083-80b0-3ddc5aec787a;375.99;11.2007;UNKNOWN
2016-02-10T04:07:34.000000;2016-02-10T04:07:34.000000;0f28ccbd-6fb5-48f4-be88-55b9658022e5;376.0;2.35958592;UNKNOWN
2016-02-10T04:07:34.000000;2016-02-10T04:07:34.000000;e9c3815a-55c1-4111-84c6-579a2fef482a;375.99;8.7993;UNKNOWN
2016-02-10T04:07:34.000000;2016-02-10T04:07:34.000000;ec1e296d-d785-421c-ad91-8cd0d9b5a7f1;376.0;0.01;UNKNOWN
2016-02-10T04:07:34.000000;2016-02-10T04:07:34.000000;e8eb0ffe-dae8-4626-a376-4cbfd60a8a29;376.0;0.03081408;UNKNOWN
2016-02-10T04:07:49.000000;2016-02-10T04:07:49.000000;11714664-9670-42f7-aceb-89d28273c9d8;375.98;11.0;UNKNOWN
2016-02-10T04:07:51.000000;2016-02-10T04:07:51.000000;d05b70c9-50d8-4462-94b1-f105efa26db6;375.99;10.933;UNKNOWN
2016-02-10T04:08:00.000000;2016-02-10T04:08:00.000000;9ec199da-c833-4209-96f0-2186f12b9b0c;375.99;0.35;UNKNOWN
2016-02-10T04:08:00.000000;2016-02-10T04:08:00.000000;7d9e8725-c00a-418e-9c7a-83b74f505482;375.99;8.717;UNKNOWN
2016-02-10T04:08:00.000000;2016-02-10T04:08:00.000000;ba073391-eef3-4c5b-964e-94b6ba6379ee;376.0;1.9497;UNKNOWN
2016-02-10T04:08:05.000000;2016-02-10T04:08:05.000000;c90ba842-6609-4a3d-b057-47f4134a8c66;376.0;0.3012;UNKNOWN
2016-02-10T04:08:05.000000;2016-02-10T04:08:05.000000;c6341feb-77d0-433d-b1de-d53ec5657735;376.0;0.0595;UNKNOWN
2016-02-10T04:08:05.000000;2016-02-10T04:08:05.000000;b4c529d1-9148-4a86-b2af-66411300382a;376.0;0.03802606;UNKNOWN
2016-02-10T04:08:07.000000;2016-02-10T04:08:07.000000;3cb2fbc6-8b88-4aa0-9e5b-9e0d61c1eb89;376.0;3.01;UNKNOWN
2016-02-10T04:08:09.000000;2016-02-10T04:08:09.000000;243a4374-4fdb-4dde-ae3a-426a9570a65c;376.0;10.6663;UNKNOWN
2016-02-10T04:08:12.000000;2016-02-10T04:08:12.000000;31c100d9-a7c5-4ad6-912e-eb69f2b5151d;376.0;4.0;UNKNOWN
2016-02-10T04:08:17.000000;2016-02-10T04:08:17.000000;915006c9-1cd5-472c-8204-ff0090d9c69e;376.0;1.0;UNKNOWN
2016-02-10T04:08:25.000000;2016-02-10T04:08:25.000000;eb28c91a-21fc-47a3-8485-d9f07d982d7d;375.99;1.0;UNKNOWN
2016-02-10T04:08:27.000000;2016-02-10T04:08:27.000000;3b20ec30-d68b-422f-88cf-c8cde829e8fe;375.99;10.0;UNKNOWN
2016-02-10T04:08:27.000000;2016-02-10T04:08:27.000000;8d6eb2b4-3ab2-4b7d-a5eb-698ad4efbf1e;375.99;3.0;UNKNOWN
2016-02-10T04:08:37.000000;2016-02-10T04:08:37.000000;2ed01fda-8923-4c18-a187-1bf5ac129c52;376.81;1.61;UNKNOWN
2016-02-10T04:08:37.000000;2016-02-10T04:08:37.000000;90dbd414-28e9-47e9-8232-28f18b8847db;376.97;0.7;UNKNOWN
2016-02-10T04:08:37.000000;2016-02-10T04:08:37.000000;2e65406e-5877-4d0e-8e0c-cf1c41c9df62;376.88;1.27;UNKNOWN
2016-02-10T04:08:37.000000;2016-02-10T04:08:37.000000;dc433d1a-84b9-4bea-a30b-2143ca893f57;376.74;0.27;UNKNOWN
2016-02-10T04:08:37.000000;2016-02-10T04:08:37.000000;6515e337-9052-4b5b-a91f-afd438943cec;376.87;0.27;UNKNOWN
2016-02-10T04:08:37.000000;2016-02-10T04:08:37.000000;9cb11526-47e2-49e7-804b-d6d843768376;376.01;86.8;UNKNOWN
2016-02-10T04:08:37.000000;2016-02-10T04:08:37.000000;7955c998-63e8-4633-a21c-8cf0dde41704;376.9;0.2;UNKNOWN
2016-02-10T04:08:37.000000;2016-02-10T04:08:37.000000;dc8cdb45-b814-4392-a5d1-797f62592b0a;376.22;0.1;UNKNOWN
2016-02-10T04:08:37.000000;2016-02-10T04:08:37.000000;8504fcde-33be-4939-ba3f-72d921b9eb4e;376.73;1.0;UNKNOWN
2016-02-10T04:08:37.000000;2016-02-10T04:08:37.000000;43831438-4ed3-401f-aeb7-ae2bbd493885;376.89;0.25;UNKNOWN
2016-02-10T04:08:37.000000;2016-02-10T04:08:37.000000;ccf84415-d079-4143-83ce-32487aa5c7ae;376.95;0.01;UNKNOWN
2016-02-10T04:08:37.000000;2016-02-10T04:08:37.000000;e29765ab-a092-475f-9d5f-7af6a23a9b32;376.0;0.4;UNKNOWN
2016-02-10T04:08:37.000000;2016-02-10T04:08:37.000000;eb633826-7fdc-45ee-817b-f77bc6713c17;375.99;6.5875;UNKNOWN
2016-02-10T04:08:37.000000;2016-02-10T04:08:37.000000;f791500f-b121-44e5-b75f-747184469bbe;376.22;15.9317;UNKNOWN
2016-02-10T04:08:37.000000;2016-02-10T04:08:37.000000;02bcd5a2-9013-448d-8e59-49512d74d5fd;376.8;0.01986;UNKNOWN
2016-02-10T04:08:37.000000;2016-02-10T04:08:37.000000;8c72e9cf-8e0c-44fa-8cee-4fe105fa42f2;376.84;0.38;UNKNOWN
2016-02-10T04:08:37.000000;2016-02-10T04:08:37.000000;fe860706-a161-406d-ad7d-61594728b245;376.8;0.45;UNKNOWN
2016-02-10T04:08:37.000000;2016-02-10T04:08:37.000000;51ac08af-a335-4c4f-95dd-f8e511f82f98;376.0;0.1;UNKNOWN
2016-02-10T04:08:37.000000;2016-02-10T04:08:37.000000;6be9402c-77d8-4859-bdf1-d6ce7821290e;376.75;0.31;UNKNOWN
2016-02-10T04:08:37.000000;2016-02-10T04:08:37.000000;d28cde6b-f60e-4f2e-8898-2c152571e6e8;376.85;3.82043935;UNKNOWN
2016-02-10T04:08:37.000000;2016-02-10T04:08:37.000000;af502a35-6232-4566-a214-1028cb97b85c;376.82;16.0891;UNKNOWN
2016-02-10T04:08:37.000000;2016-02-10T04:08:37.000000;8d53407b-02b8-4367-affc-a94275a07ac6;376.76;1.993486;UNKNOWN
2016-02-10T04:08:37.000000;2016-02-10T04:08:37.000000;6c7fd666-3f23-4b0e-85e9-82d5197290ea;376.76;2.0;UNKNOWN
2016-02-10T04:08:37.000000;2016-02-10T04:08:37.000000;de6ceca1-9c5f-4fd0-bd62-9300d888ac1b;376.01;0.05;UNKNOWN
2016-02-10T04:08:37.000000;2016-02-10T04:08:37.000000;d6220990-b5a5-4d81-b7e8-5b7c478c0faf;375.99;16.0;UNKNOWN
2016-02-10T04:08:37.000000;2016-02-10T04:08:37.000000;e3c39d3d-ecf4-4084-acff-e48261cf906a;376.99;14.3383;UNKNOWN
2016-02-10T04:08:37.000000;2016-02-10T04:08:37.000000;e841dae1-f43b-447e-be4e-6ef41cf20670;376.98;1.56;UNKNOWN
2016-02-10T04:08:37.000000;2016-02-10T04:08:37.000000;5731107f-e62f-4807-93a2-f9a8c04c6b1f;376.99;1.55;UNKNOWN
2016-02-10T04:08:37.000000;2016-02-10T04:08:37.000000;cab9e483-7217-4632-9283-b6594daa52dd;377.0;0.2;UNKNOWN
2016-02-10T04:08:37.000000;2016-02-10T04:08:37.000000;0f8d4b8d-8613-4e4d-a099-990f914dc3e2;376.98;0.1;UNKNOWN
2016-02-10T04:08:37.000000;2016-02-10T04:08:37.000000;29701508-2de3-40b4-9455-21c274816efe;376.95;0.27;UNKNOWN
2016-02-10T04:08:37.000000;2016-02-10T04:08:37.000000;3d4798e2-a7ec-4317-a82e-a8e7820eac54;377.0;9.12;UNKNOWN
2016-02-10T04:08:37.000000;2016-02-10T04:08:37.000000;eb048739-d562-4ac2-a962-81658ac0ce44;377.01;7.65219213;UNKNOWN
2016-02-10T04:08:37.000000;2016-02-10T04:08:37.000000;6750a41d-02be-4420-9f4a-cae937835f5d;377.0;2.0;UNKNOWN
2016-02-10T04:08:37.000000;2016-02-10T04:08:37.000000;d61370ea-dae7-4d0d-a143-abedd7403102;377.0;1.0;UNKNOWN
2016-02-10T04:08:37.000000;2016-02-10T04:08:37.000000;bf5e3959-dc25-4885-be64-5213b8eb333e;377.0;0.2;UNKNOWN
2016-02-10T04:08:37.000000;2016-02-10T04:08:37.000000;4e83aacb-dd78-4482-b2e9-e4b4e0ddefc7;377.0;0.42;UNKNOWN
2016-02-10T04:08:37.000000;2016-02-10T04:08:37.000000;6d5bda48-5ade-4a25-a2aa-504bd8ae6b55;377.0;0.01;UNKNOWN
2016-02-10T04:08:37.000000;2016-02-10T04:08:37.000000;d2691f5f-d1da-40e7-853b-cabd1eec4d69;377.0;0.0497004;UNKNOWN
2016-02-10T04:08:37.000000;2016-02-10T04:08:37.000000;4692549d-9965-4692-aea1-eb43b50c2b89;377.0;0.271;UNKNOWN
2016-02-10T04:08:37.000000;2016-02-10T04:08:37.000000;a2c337c6-abfe-4947-bd22-11f445be8f00;377.0;0.2;UNKNOWN
2016-02-10T04:08:37.000000;2016-02-10T04:08:37.000000;e1b592c8-bb49-49a7-99d6-91d4f69b2103;376.51;15.0929;UNKNOWN
2016-02-10T04:08:37.000000;2016-02-10T04:08:37.000000;9b3a2566-706b-427c-bcb0-577989903a72;376.5;30.0;UNKNOWN
2016-02-10T04:08:37.000000;2016-02-10T04:08:37.000000;cd8ef777-f7ae-4c79-8938-6faf38dbf3e2;376.72;0.28;UNKNOWN
2016-02-10T04:08:37.000000;2016-02-10T04:08:37.000000;ddcc1f0f-d43b-47a7-9f7c-dffca037b57e;376.1;0.01;UNKNOWN
2016-02-10T04:08:37.000000;2016-02-10T04:08:37.000000;7687da7b-f44b-40c9-b3d8-2bdb84a85801;376.23;15.3061;UNKNOWN
2016-02-10T04:08:37.000000;2016-02-10T04:08:37.000000;3a73686f-65ad-4391-b867-83bf80a9b0a2;376.6;0.064;UNKNOWN
2016-02-10T04:08:37.000000;2016-02-10T04:08:37.000000;acc31837-516a-4147-ac22-388a24e7d2f6;376.49;3.0;UNKNOWN
2016-02-10T04:08:37.000000;2016-02-10T04:08:37.000000;158f595a-a4d3-4bea-a0aa-3d53ef3cc6bc;375.99;95.5172;UNKNOWN
2016-02-10T04:08:37.000000;2016-02-10T04:08:37.000000;245e5038-c85e-4092-8bc7-25d1a31af30d;376.39;14.6995;UNKNOWN
2016-02-10T04:08:37.000000;2016-02-10T04:08:37.000000;5728f840-5632-4b08-b9c8-de90dfa579e1;376.61;0.05;UNKNOWN
2016-02-10T04:08:37.000000;2016-02-10T04:08:37.000000;c7509a7e-83a6-40e3-ad80-e49a3bfccf8d;376.67;0.0658341;UNKNOWN
2016-02-10T04:08:37.000000;2016-02-10T04:08:37.000000;a7e14884-af7a-4999-8b5d-5b81865940ad;376.0;1.61568802;UNKNOWN
2016-02-10T04:08:37.000000;2016-02-10T04:08:37.000000;c3752e8a-6772-48a3-bb86-cb5aa9d514b9;376.67;0.5;UNKNOWN
2016-02-10T04:08:37.000000;2016-02-10T04:08:37.000000;e3f087f0-b554-4438-b1a0-70b8d06c253b;376.75;12.5;UNKNOWN
2016-02-10T04:08:37.000000;2016-02-10T04:08:37.000000;b0fc37c0-ae1f-4d7c-8ee0-1d477b560507;376.7;0.2;UNKNOWN
2016-02-10T04:08:37.000000;2016-02-10T04:08:37.000000;d424752e-6f1f-4c65-8570-9b0a78b38deb;376.68;15.3455;UNKNOWN
2016-02-10T04:08:37.000000;2016-02-10T04:08:37.000000;197b2c04-ce2d-401d-8c08-dccdbcf69450;376.0;0.2;UNKNOWN
2016-02-10T04:08:38.000000;2016-02-10T04:08:38.000000;504ebccd-39b3-4206-bf72-b25eed29e0b9;377.0;2.5;UNKNOWN
2016-02-10T04:08:45.000000;2016-02-10T04:08:45.000000;a5da4889-b3a8-47d0-a550-4db49ddbd941;376.79;2.5;UNKNOWN
2016-02-10T04:08:48.000000;2016-02-10T04:08:48.000000;9b13a554-330b-4917-b860-c5bc25db134b;376.8;0.5;UNKNOWN
2016-02-10T04:08:51.000000;2016-02-10T04:08:51.000000;d65338d6-7446-4d43-b463-63264889acc6;376.8;16.86663833;UNKNOWN
2016-02-10T04:08:51.000000;2016-02-10T04:08:51.000000;f5f370a9-3b1b-469b-b1a3-05472320bb04;376.78;13.4317;UNKNOWN
2016-02-10T04:08:59.000000;2016-02-10T04:08:59.000000;1425a1a2-26b0-49f7-b99b-7c2ab52577ed;376.78;1.22989;UNKNOWN
2016-02-10T04:09:01.000000;2016-02-10T04:09:01.000000;17d4e9da-c414-4283-b1ad-a10261db75cd;376.34;0.55;UNKNOWN
2016-02-10T04:09:10.000000;2016-02-10T04:09:10.000000;21b1c545-607b-4635-846b-ee309c32ec96;376.38;0.5;UNKNOWN
2016-02-10T04:09:16.000000;2016-02-10T04:09:16.000000;57986ef2-004b-4171-9519-9da2304a4381;376.34;0.45;UNKNOWN
2016-02-10T04:09:23.000000;2016-02-10T04:09:23.000000;030ac8a0-6d94-4e6a-b6db-aca19d6b737c;376.38;0.4;UNKNOWN
2016-02-10T04:09:30.000000;2016-02-10T04:09:30.000000;df94da9c-b1ee-45e6-8256-b73433684df8;376.42;0.36;UNKNOWN
2016-02-10T04:09:33.000000;2016-02-10T04:09:33.000000;544f9910-a501-4c1e-8da2-cdc259dfe0ea;376.62;6.5778;UNKNOWN
2016-02-10T04:09:33.000000;2016-02-10T04:09:33.000000;71aa9df2-5f41-45b3-8422-1792dd2ba004;376.62;8.4222;UNKNOWN
2016-02-10T04:09:38.000000;2016-02-10T04:09:38.000000;9a21a610-af33-42c0-888b-60584280475d;376.46;0.32;UNKNOWN
2016-02-10T04:09:43.000000;2016-02-10T04:09:43.000000;fd488065-3a17-4a48-a042-c299a1ce0bf8;376.5;0.29;UNKNOWN
2016-02-10T04:09:44.000000;2016-02-10T04:09:44.000000;4a432848-aa31-438f-9dae-7f8c69d6e46b;376.51;0.1;UNKNOWN
2016-02-10T04:09:56.000000;2016-02-10T04:09:56.000000;b78c3d99-b09c-493f-97b5-7e34227627e3;376.53;10.3755;UNKNOWN
2016-02-10T04:09:56.000000;2016-02-10T04:09:56.000000;0197ac73-3204-4a79-93d6-b18e72664da2;376.54;4.6245;UNKNOWN
2016-02-10T04:10:13.000000;2016-02-10T04:10:13.000000;9d8f7683-ac83-446e-b855-692152d7a9c4;376.25;3.81664822;UNKNOWN
2016-02-10T04:10:13.000000;2016-02-10T04:10:13.000000;e2b2e4ea-b00b-4ac2-a28c-7881dccb1d15;376.37;6.5781;UNKNOWN
2016-02-10T04:10:13.000000;2016-02-10T04:10:13.000000;abeb1c4d-c861-4cb0-a8ee-e54b6fd659f6;376.38;3.61;UNKNOWN
2016-02-10T04:10:13.000000;2016-02-10T04:10:13.000000;1af93bb3-7ce9-419c-9c3e-f986ccc66426;376.35;6.0;UNKNOWN
2016-02-10T04:10:13.000000;2016-02-10T04:10:13.000000;f0ed2e19-7f9f-42fb-9b29-8c734051a3f2;376.06;2.36190678;UNKNOWN
2016-02-10T04:10:13.000000;2016-02-10T04:10:13.000000;8b323a85-12fb-4d4e-878f-772395f371e4;376.12;3.81669678;UNKNOWN
2016-02-10T04:10:13.000000;2016-02-10T04:10:13.000000;46cbca52-d9ef-44e8-83c5-27c1af06a48a;376.19;3.81664822;UNKNOWN
2016-02-10T04:10:14.000000;2016-02-10T04:10:14.000000;0c02306c-f9a1-491b-bb54-e0ee6e5b1d4e;376.5;12.62;UNKNOWN
2016-02-10T04:10:14.000000;2016-02-10T04:10:14.000000;b7cdce9e-1946-401a-88c5-6f86787f69e6;376.49;2.38;UNKNOWN
2016-02-10T04:10:21.000000;2016-02-10T04:10:21.000000;068deced-541f-4e7d-bdb5-582615fe2ea3;376.01;3.0;UNKNOWN
2016-02-10T04:10:21.000000;2016-02-10T04:10:21.000000;d581a043-6f7d-444e-977d-8116febe179a;376.07;0.5;UNKNOWN
2016-02-10T04:10:28.000000;2016-02-10T04:10:28.000000;b8f2fa74-a13f-430f-b4dd-fd1c22d998f1;375.87;3.81669678;UNKNOWN
2016-02-10T04:10:28.000000;2016-02-10T04:10:28.000000;d6d8f41f-5a91-4f7b-966e-85e246009c34;375.74;0.73321288;UNKNOWN
2016-02-10T04:10:28.000000;2016-02-10T04:10:28.000000;0dbbe622-de6b-4238-8516-90645d614fa4;375.99;3.81669678;UNKNOWN
2016-02-10T04:10:28.000000;2016-02-10T04:10:28.000000;bf0a3f7c-614a-4529-a06f-a9f022dbd4a7;375.93;3.81669678;UNKNOWN
2016-02-10T04:10:28.000000;2016-02-10T04:10:28.000000;5e1171eb-5279-4635-b003-7c3d403e0122;375.81;3.81669678;UNKNOWN
2016-02-10T04:10:33.000000;2016-02-10T04:10:33.000000;01096ebe-92ae-4c7d-91d4-8ac7823557bd;375.99;3.0;UNKNOWN
2016-02-10T04:10:33.000000;2016-02-10T04:10:33.000000;a72e9182-8c42-46fe-ac2b-f8a89a8d0548;375.99;0.5;UNKNOWN
2016-02-10T04:10:33.000000;2016-02-10T04:10:33.000000;f015b196-586f-47be-a9d9-18b4f879eea9;376.0;11.5;UNKNOWN
2016-02-10T04:10:40.000000;2016-02-10T04:10:40.000000;a5c3965f-c723-43be-9af0-2cd9206c5c79;375.99;1.0;UNKNOWN
2016-02-10T04:11:22.000000;2016-02-10T04:11:22.000000;d206eba6-4af2-4569-bb57-d724541be0c8;375.97;8.1108;UNKNOWN
2016-02-10T04:11:22.000000;2016-02-10T04:11:22.000000;e9337aa6-1f75-434d-bcff-14761e8e2021;375.83;0.26;UNKNOWN
2016-02-10T04:11:22.000000;2016-02-10T04:11:22.000000;035fe597-3fa1-4878-89e9-bab828364e7a;375.96;6.6292;UNKNOWN
2016-02-10T04:11:42.000000;2016-02-10T04:11:42.000000;2a53af4a-58fb-4d8c-9e7a-a2b0766afd88;375.9;2.0;UNKNOWN
2016-02-10T04:11:56.000000;2016-02-10T04:11:56.000000;dee2ba25-7230-4906-94e7-2f276799707f;375.91;1.0;UNKNOWN
2016-02-10T04:12:05.000000;2016-02-10T04:12:05.000000;22c16e74-84f5-472f-9e97-568b4da85a4d;375.91;1.5;UNKNOWN
2016-02-10T04:12:19.000000;2016-02-10T04:12:19.000000;f34e62bd-2614-4d96-901d-fb64a1194863;375.91;0.5;UNKNOWN
2016-02-10T04:13:37.000000;2016-02-10T04:13:37.000000;e77eaf01-c113-4716-96ab-2c2c2fb5103f;375.97;11.8892;UNKNOWN
2016-02-10T04:13:37.000000;2016-02-10T04:13:37.000000;cd6cc29f-5231-4d7f-892e-ec15edea525c;376.0;3.1108;UNKNOWN
2016-02-10T04:13:44.000000;2016-02-10T04:13:44.000000;317c0410-ffc4-424c-8c21-240bd877d97b;376.0;15.0;UNKNOWN
2016-02-10T04:13:51.000000;2016-02-10T04:13:51.000000;ced29bc5-11bd-46cf-b967-0f7bb3fffb2b;376.0;15.0;UNKNOWN
2016-02-10T04:14:01.000000;2016-02-10T04:14:01.000000;c4f9a471-d9d3-4695-b269-41737d0e5749;376.0;10.0;UNKNOWN
2016-02-10T04:14:08.000000;2016-02-10T04:14:08.000000;75f93b63-eb2c-475b-9b3c-482603179ce2;376.0;1.5;UNKNOWN
2016-02-10T04:15:20.000000;2016-02-10T04:15:20.000000;75cb7b01-37ea-42b4-82ff-f52e31210a7e;375.95;0.1;UNKNOWN
2016-02-10T04:15:20.000000;2016-02-10T04:15:20.000000;857fd61e-1ae4-414c-8b5f-11eb93db9632;375.95;0.9;UNKNOWN
2016-02-10T04:15:30.000000;2016-02-10T04:15:30.000000;0a626a2f-476a-409e-b222-fb636287b932;376.0;0.3892;UNKNOWN
2016-02-10T04:15:30.000000;2016-02-10T04:15:30.000000;c8cc0060-610e-40cb-9e7c-068ded303848;376.05;6.6295;UNKNOWN
2016-02-10T04:15:30.000000;2016-02-10T04:15:30.000000;d8fcf9e6-d628-4cd4-afa5-86f4fd3ad085;376.31;4.9813;UNKNOWN
2016-02-10T04:15:30.000000;2016-02-10T04:15:30.000000;497fa327-7264-4466-86af-3b1e0f4a5f88;376.06;3.0;UNKNOWN
2016-02-10T04:15:45.000000;2016-02-10T04:15:45.000000;8f9d2b54-a615-4ed2-a9b1-5d4c023fa0e0;376.04;0.09;UNKNOWN
2016-02-10T04:16:47.000000;2016-02-10T04:16:47.000000;1a74eade-f846-400f-bb73-a6b003d6a3c0;376.32;1.0;UNKNOWN
2016-02-10T04:17:14.000000;2016-02-10T04:17:14.000000;03b7c811-1c0f-4620-a381-110b83b7dea5;376.35;2.5;UNKNOWN
2016-02-10T04:17:43.000000;2016-02-10T04:17:43.000000;26ed8fc4-0c5e-40c0-a525-1404424654b0;376.33;3.694075;UNKNOWN
2016-02-10T04:17:50.000000;2016-02-10T04:17:50.000000;460609c3-2264-40a7-8738-705f34985873;376.33;1.0;UNKNOWN
2016-02-10T04:17:55.000000;2016-02-10T04:17:55.000000;49117017-50c6-4cfa-8527-b2ff4a7cde86;376.31;1.0;UNKNOWN
2016-02-10T04:18:00.000000;2016-02-10T04:18:00.000000;0ca5a60b-f43e-4757-a19b-3f007892b047;376.3;5.0;UNKNOWN
2016-02-10T04:18:06.000000;2016-02-10T04:18:06.000000;cb48699d-5937-4db3-8752-14b2e4f50190;376.35;1.0;UNKNOWN
2016-02-10T04:18:38.000000;2016-02-10T04:18:38.000000;7e129fe1-0e64-4fdf-8211-c412ceab6a35;376.23;9.0;UNKNOWN
2016-02-10T04:18:48.000000;2016-02-10T04:18:48.000000;65c5f424-3785-4bb4-8c7d-ceb5f2e9f2ef;376.21;2.0;UNKNOWN
2016-02-10T04:18:56.000000;2016-02-10T04:18:56.000000;346a911c-3ed3-444e-89f6-bd8f0eb64003;376.23;1.5;UNKNOWN
2016-02-10T04:19:45.000000;2016-02-10T04:19:45.000000;27aa1bde-70ac-44c5-8c52-914ad0087211;376.25;2.0;UNKNOWN
2016-02-10T04:21:05.000000;2016-02-10T04:21:05.000000;21f75d3c-7f00-4b10-a50c-7c07ec7f25ea;376.29;0.25828447;UNKNOWN
2016-02-10T04:23:58.000000;2016-02-10T04:23:58.000000;0cc2a1e4-b3cb-4b4f-aeba-058fe91022d6;376.14;8.2;UNKNOWN
2016-02-10T04:24:02.000000;2016-02-10T04:24:02.000000;cdf42436-4230-439b-9e46-d7c33690e2b4;376.15;0.09;UNKNOWN
2016-02-10T04:24:02.000000;2016-02-10T04:24:02.000000;c0404a71-f984-4ef0-9543-e106c2cf77fd;376.14;1.65777;UNKNOWN
2016-02-10T04:24:28.000000;2016-02-10T04:24:28.000000;e3b23ef2-af66-4aa0-81d8-d2fe8c61eb31;376.15;7.98114;UNKNOWN
2016-02-10T04:26:04.000000;2016-02-10T04:26:04.000000;583bdd73-b0db-4397-8b44-431f7eb0fe6f;376.18;0.03792654;UNKNOWN
2016-02-10T04:27:05.000000;2016-02-10T04:27:05.000000;21490c59-5324-4a73-9a55-897baed4a494;376.15;6.0;UNKNOWN
2016-02-10T04:27:41.000000;2016-02-10T04:27:41.000000;6f110ffe-461f-4827-8f22-a2fdd5f4f842;376.15;0.13;UNKNOWN
2016-02-10T04:29:24.000000;2016-02-10T04:29:24.000000;17ab0578-3978-4c57-a1e0-846ab23afc97;376.16;0.3;UNKNOWN
2016-02-10T04:29:31.000000;2016-02-10T04:29:31.000000;3058480e-669b-4ffc-a877-27ea0b029686;376.16;4.3;UNKNOWN
2016-02-10T04:29:37.000000;2016-02-10T04:29:37.000000;9515f31b-ed8e-4cfc-9902-ef9dc9c487cf;376.15;3.81102402;UNKNOWN
2016-02-10T04:29:37.000000;2016-02-10T04:29:37.000000;5cdb5905-ff52-4e16-b81c-535de71e3854;376.15;0.63583794;UNKNOWN
2016-02-10T04:29:37.000000;2016-02-10T04:29:37.000000;30d4f88d-c356-4d39-b6cd-88273bb5542c;376.15;9.14109;UNKNOWN
2016-02-10T04:29:37.000000;2016-02-10T04:29:37.000000;0c7ec468-035f-4fca-8faf-4159d8ea1161;376.15;3.81102402;UNKNOWN
2016-02-10T04:29:37.000000;2016-02-10T04:29:37.000000;9d07d0ad-e381-465d-b7d3-8f4716d50ce7;376.15;3.81102402;UNKNOWN
2016-02-10T04:29:37.000000;2016-02-10T04:29:37.000000;b9c40456-136a-40eb-9e24-22cedf357398;376.15;23.79;UNKNOWN
2016-02-10T04:29:47.000000;2016-02-10T04:29:47.000000;e39246dd-3397-4bce-8c0c-a05a4b7aa63b;376.16;5.3;UNKNOWN
2016-02-10T04:29:49.000000;2016-02-10T04:29:49.000000;2c75ca54-7bd5-44fc-ace1-ac41f4985720;376.16;0.01318;UNKNOWN
2016-02-10T04:29:49.000000;2016-02-10T04:29:49.000000;d5a6801b-7b51-430a-8c20-93c07a7e96ba;376.18;10.0248223;UNKNOWN
2016-02-10T04:30:24.000000;2016-02-10T04:30:24.000000;4f0f4ffb-20f3-4335-b573-80ca96559cc4;376.16;1.2;UNKNOWN
2016-02-10T04:30:28.000000;2016-02-10T04:30:28.000000;80828c56-d5fe-4fd4-b41c-46513cedb6eb;376.16;2.0;UNKNOWN
2016-02-10T04:30:30.000000;2016-02-10T04:30:30.000000;3eeea4d6-027e-4ff6-8080-a007179c312b;376.16;8.1;UNKNOWN
2016-02-10T04:30:37.000000;2016-02-10T04:30:37.000000;9fefabc9-af7f-4c2b-b57d-0f6aea03dcd8;376.16;0.0489;UNKNOWN
2016-02-10T04:30:37.000000;2016-02-10T04:30:37.000000;63a6f125-5046-494c-9a10-ada3523e1c15;376.18;14.8511;UNKNOWN
2016-02-10T04:30:43.000000;2016-02-10T04:30:43.000000;6e8e4248-d6d4-4045-918d-1101179d7ce4;376.24;1.0;UNKNOWN
2016-02-10T04:30:43.000000;2016-02-10T04:30:43.000000;d6e713db-5213-470c-9ed9-ff7da017937f;376.24;0.11384884;UNKNOWN
2016-02-10T04:30:43.000000;2016-02-10T04:30:43.000000;3f4b29cd-1f36-4b10-ab53-f756dc997dee;376.18;0.08615116;UNKNOWN
2016-02-10T04:30:50.000000;2016-02-10T04:30:50.000000;53d2b9ec-f1f1-4733-b266-4687dfa301a2;376.25;0.7;UNKNOWN
2016-02-10T04:30:56.000000;2016-02-10T04:30:56.000000;1ddc79df-27c6-4370-9aba-c0f1c10d1595;376.25;10.0;UNKNOWN
2016-02-10T04:30:59.000000;2016-02-10T04:30:59.000000;714fa0a3-5840-4793-9d37-b651bf8f5d9a;376.25;0.49625369;UNKNOWN
2016-02-10T04:31:08.000000;2016-02-10T04:31:08.000000;b369af63-18ab-4ea9-8f10-c17305084926;376.25;13.8;UNKNOWN
2016-02-10T04:31:15.000000;2016-02-10T04:31:15.000000;5266969a-b05f-4235-b606-c6fda739c13e;376.46;1.99625369;UNKNOWN
2016-02-10T04:31:15.000000;2016-02-10T04:31:15.000000;22cbd793-c22b-4fea-b999-703904a404fb;376.25;0.00374631;UNKNOWN
2016-02-10T04:32:17.000000;2016-02-10T04:32:17.000000;f3e6ed14-cfdf-4c0b-8c0d-8b00cdf730e3;376.39;7.59834;UNKNOWN
2016-02-10T04:33:01.000000;2016-02-10T04:33:01.000000;3d81f748-dc62-406c-9674-e91f40de6dea;376.46;0.0125;UNKNOWN
2016-02-10T04:33:04.000000;2016-02-10T04:33:04.000000;12a3dfdd-7a3a-40cc-a19c-a95b14de2cde;376.47;0.05;UNKNOWN
2016-02-10T04:33:07.000000;2016-02-10T04:33:07.000000;ff879c3c-2e3e-4477-8f4c-aeecba7f289c;376.46;0.0125;UNKNOWN
2016-02-10T04:33:25.000000;2016-02-10T04:33:25.000000;1dc57fda-b22a-4183-bb7a-5556dfeae92f;376.46;0.028;UNKNOWN
2016-02-10T04:33:29.000000;2016-02-10T04:33:29.000000;adb3a9b5-e4c0-4b64-9ffa-dfedea99709b;376.46;0.028;UNKNOWN
2016-02-10T04:34:06.000000;2016-02-10T04:34:06.000000;14a0136b-3d5e-4411-89a0-30b0a7db3966;376.46;0.65;UNKNOWN
2016-02-10T04:34:21.000000;2016-02-10T04:34:21.000000;66d5b747-f4ce-43c7-bec2-a949674edd22;376.46;0.0125;UNKNOWN
2016-02-10T04:34:28.000000;2016-02-10T04:34:28.000000;80085e95-7a17-4825-8bdd-617b575e7bc3;376.46;0.0125;UNKNOWN
2016-02-10T04:41:05.000000;2016-02-10T04:41:05.000000;2bbe3211-702d-4584-a515-480509c5a47d;376.04;0.72811447;UNKNOWN
2016-02-10T04:41:06.000000;2016-02-10T04:41:06.000000;d8d1f66f-162d-4aed-91f7-3945a496ccd8;376.04;3.595483;UNKNOWN
2016-02-10T04:41:55.000000;2016-02-10T04:41:55.000000;a2bb80dd-ba26-4eac-8c86-c36da54c0338;375.92;3.11384884;UNKNOWN
2016-02-10T04:44:34.000000;2016-02-10T04:44:34.000000;e79079b1-045f-4feb-baaa-cae8eb9e4336;375.92;11.8861;UNKNOWN
2016-02-10T04:44:34.000000;2016-02-10T04:44:34.000000;6a2ced32-a398-42d3-a2a1-fff7ca66ebb9;375.94;8.5261;UNKNOWN
2016-02-10T04:44:34.000000;2016-02-10T04:44:34.000000;274613da-3e2b-4af2-81e5-18a7f170114b;375.93;6.5878;UNKNOWN
2016-02-10T04:45:49.000000;2016-02-10T04:45:49.000000;214ceef1-96c4-4ab8-b241-bc8f805bac32;375.91;2.0;UNKNOWN
2016-02-10T04:46:30.000000;2016-02-10T04:46:30.000000;fcde196d-179b-4bd5-8961-53f334a37e60;375.91;8.5049;UNKNOWN
2016-02-10T04:47:40.000000;2016-02-10T04:47:40.000000;0d9c4aeb-57a7-40b0-a711-36f662cdeedc;375.84;0.1;UNKNOWN
2016-02-10T04:48:09.000000;2016-02-10T04:48:09.000000;830a6ade-9815-4233-b146-a326580cf128;375.7;2.0;UNKNOWN
2016-02-10T04:48:30.000000;2016-02-10T04:48:30.000000;01a2cf95-9020-49b5-b71c-5d27718b1abd;375.6;0.05;UNKNOWN
2016-02-10T04:48:30.000000;2016-02-10T04:48:30.000000;438566a3-3ddc-472c-a735-e644edfc497c;375.5;0.05;UNKNOWN
2016-02-10T04:48:30.000000;2016-02-10T04:48:30.000000;764f49e5-6298-4a7e-8de3-fde779ed4c40;375.38;0.185;UNKNOWN
2016-02-10T04:48:37.000000;2016-02-10T04:48:37.000000;ad3a72c2-bb5d-47c8-bbde-7dc6c87c42de;374.93;0.33736819;UNKNOWN
2016-02-10T04:48:37.000000;2016-02-10T04:48:37.000000;4793bc9c-0819-48bb-9aca-af6273f32de3;375.02;3.82087727;UNKNOWN
2016-02-10T04:48:37.000000;2016-02-10T04:48:37.000000;d840d44a-841a-4093-8164-bdc70addf4dc;375.37;8.2;UNKNOWN
2016-02-10T04:48:37.000000;2016-02-10T04:48:37.000000;5304c11f-7f93-4c4c-b0dd-e47a79ad3824;375.09;3.82087727;UNKNOWN
2016-02-10T04:48:37.000000;2016-02-10T04:48:37.000000;07939164-6f60-406d-b01f-508de585dee4;374.96;3.82087727;UNKNOWN
2016-02-10T04:49:40.000000;2016-02-10T04:49:40.000000;fd0724a6-f3ff-48a0-b9e9-39d0cfaf4ef2;375.08;1.0;UNKNOWN
2016-02-10T04:50:33.000000;2016-02-10T04:50:33.000000;21bae1af-a65c-4b31-a23c-6b40cd535518;374.92;0.4359;UNKNOWN
2016-02-10T04:50:51.000000;2016-02-10T04:50:51.000000;18d7b638-a77b-4da4-a6a2-f07864ce62f4;374.94;6.6458;UNKNOWN
2016-02-10T04:50:57.000000;2016-02-10T04:50:57.000000;6cf2f5cd-cb0f-458f-9007-4a6c04b5a678;374.95;6.5;UNKNOWN
2016-02-10T04:50:57.000000;2016-02-10T04:50:57.000000;b5d7cbc7-01d4-4906-ba51-9c808767e13b;374.96;3.0;UNKNOWN
2016-02-10T04:50:57.000000;2016-02-10T04:50:57.000000;f03a46eb-bb59-4ea0-bdb1-972fbb5741dd;374.97;0.5;UNKNOWN
2016-02-10T04:51:05.000000;2016-02-10T04:51:05.000000;02ca6e89-7ee8-477b-8409-ddd5d757495d;375.0;0.03046974;UNKNOWN
2016-02-10T04:51:06.000000;2016-02-10T04:51:06.000000;da691cd8-7b66-4d47-b722-56c4340a771b;374.95;2.70146131;UNKNOWN
2016-02-10T04:51:45.000000;2016-02-10T04:51:45.000000;ded3795a-0981-4fc9-93ab-532f1d28a061;374.94;5.2343;UNKNOWN
2016-02-10T04:54:43.000000;2016-02-10T04:54:43.000000;d42d5d7b-5507-4a4e-be58-3343bc1c9476;374.9;0.05;UNKNOWN
2016-02-10T04:54:43.000000;2016-02-10T04:54:43.000000;2f5c1cec-a5d1-4ad3-9e2b-638095641f9e;374.9;3.68;UNKNOWN
2016-02-10T04:54:54.000000;2016-02-10T04:54:54.000000;5e0e2920-da0c-4a3a-b5e1-5d1a1a0682ce;374.89;0.01;UNKNOWN
2016-02-10T04:55:43.000000;2016-02-10T04:55:43.000000;969c3f44-0513-4782-89ba-7d96dd69c213;374.55;0.46483565;UNKNOWN
2016-02-10T04:55:43.000000;2016-02-10T04:55:43.000000;18db8a07-ff1e-4a79-af45-1639404e0da2;374.69;0.05382;UNKNOWN
2016-02-10T04:55:43.000000;2016-02-10T04:55:43.000000;ce763c3d-a844-45ab-8dc6-34de83f69d84;374.72;6.589;UNKNOWN
2016-02-10T04:55:43.000000;2016-02-10T04:55:43.000000;f5d8165f-d0d2-4e11-9153-e5f1217fcb13;374.71;3.0;UNKNOWN
2016-02-10T04:55:43.000000;2016-02-10T04:55:43.000000;ab2ab811-13d7-4a13-83a8-2d973dfad230;374.68;9.06124;UNKNOWN
2016-02-10T04:55:43.000000;2016-02-10T04:55:43.000000;6f12cc57-af97-46ec-9d68-5b76245af545;374.54;1.83110435;UNKNOWN
2016-02-10T04:57:05.000000;2016-02-10T04:57:05.000000;915ca4ed-74e2-470b-a8da-9a0896596a95;374.9;0.20688879;UNKNOWN
2016-02-10T04:57:40.000000;2016-02-10T04:57:40.000000;b4318dc1-0e9c-41b0-a26d-45fa0ab9bf41;374.9;1.4803;UNKNOWN
2016-02-10T04:57:59.000000;2016-02-10T04:57:59.000000;60016c2a-175c-4ca0-9e8b-d0fdf7011af5;374.9;0.7;UNKNOWN
2016-02-10T04:58:15.000000;2016-02-10T04:58:15.000000;cf6f2e88-dccb-4898-b02e-d74c296a9c78;374.9;0.01;UNKNOWN
2016-02-10T05:00:07.000000;2016-02-10T05:00:07.000000;c70a895a-df6c-40f7-8ad4-f460dd12b54f;375.0;0.013;UNKNOWN
2016-02-10T05:01:27.000000;2016-02-10T05:01:27.000000;9f7ad37c-31d4-4a14-938d-4f3f25d7fcf1;375.0;11.9235;UNKNOWN
2016-02-10T05:01:37.000000;2016-02-10T05:01:37.000000;4ec1730b-2865-4c50-b2fe-7f4d4ba486e4;375.0;0.01;UNKNOWN
2016-02-10T05:01:58.000000;2016-02-10T05:01:58.000000;ae206bff-500e-4c83-a8ba-ffae4f8f0272;375.0;3.02303026;UNKNOWN
2016-02-10T05:02:41.000000;2016-02-10T05:02:41.000000;9e23abdd-9ab5-4ef5-b553-19c67122a6b3;375.5;0.3765;UNKNOWN
2016-02-10T05:02:41.000000;2016-02-10T05:02:41.000000;5d2f3b63-f08c-4736-9841-75696ffb2925;375.49;7.7588;UNKNOWN
2016-02-10T05:02:41.000000;2016-02-10T05:02:41.000000;009c978e-4fe6-400e-8c9d-59cc8394f704;375.45;0.1;UNKNOWN
2016-02-10T05:02:41.000000;2016-02-10T05:02:41.000000;bced1e1e-6a35-4e07-bda2-e43326ec4f6e;375.48;6.5797;UNKNOWN
2016-02-10T05:02:41.000000;2016-02-10T05:02:41.000000;443a43da-f4b5-40e0-bcbe-32d66b3d029c;375.44;0.185;UNKNOWN
2016-02-10T05:02:53.000000;2016-02-10T05:02:53.000000;e6bc9a0a-5b9f-4001-a78d-6acc8a9a06de;375.34;8.11008;UNKNOWN
2016-02-10T05:02:53.000000;2016-02-10T05:02:53.000000;bec63915-fc19-44f3-95a3-e0539aa9e925;375.5;6.88992;UNKNOWN
2016-02-10T05:03:05.000000;2016-02-10T05:03:05.000000;4817ac81-0569-45f7-88d9-22f8c6e3979a;375.15;1.3534;UNKNOWN
2016-02-10T05:03:07.000000;2016-02-10T05:03:07.000000;39e3b793-f2da-4405-a1d5-8fad498bbda7;375.49;6.6342;UNKNOWN
2016-02-10T05:03:07.000000;2016-02-10T05:03:07.000000;d44b0765-a947-4213-a2b5-6ea9964373ce;375.5;3.3658;UNKNOWN
2016-02-10T05:03:11.000000;2016-02-10T05:03:11.000000;be5843b2-b48d-4805-a5d3-f0a8aa59cb0b;375.5;0.5;UNKNOWN
2016-02-10T05:03:13.000000;2016-02-10T05:03:13.000000;791e8c6c-ce3c-4414-85f6-a2e41f3175a2;375.76;11.08542;UNKNOWN
2016-02-10T05:03:13.000000;2016-02-10T05:03:13.000000;b3e73083-97d9-4cea-9066-4b8b7d2cb297;375.75;0.0468;UNKNOWN
2016-02-10T05:03:13.000000;2016-02-10T05:03:13.000000;82f681eb-5a4a-4eeb-9f5b-1075bbcffdc9;375.5;3.86778;UNKNOWN
2016-02-10T05:06:04.000000;2016-02-10T05:06:04.000000;f3f06273-6697-42fb-be33-cd65270441d7;375.57;8.4;UNKNOWN
2016-02-10T05:08:48.000000;2016-02-10T05:08:48.000000;5dbb767f-1f9f-4da8-9272-18ab2ed3e259;375.55;8.4;UNKNOWN
2016-02-10T05:08:48.000000;2016-02-10T05:08:48.000000;be1bad85-773b-4c8a-a83f-ba61714202a0;375.54;2.0;UNKNOWN
2016-02-10T05:08:48.000000;2016-02-10T05:08:48.000000;2fe3d63b-07ae-4d61-9165-4e404f3b87e8;375.56;6.623;UNKNOWN
2016-02-10T05:10:08.000000;2016-02-10T05:10:08.000000;2e48c3a6-94fa-4838-aaf8-81c0cbea1926;375.32;3.97;UNKNOWN
2016-02-10T05:11:33.000000;2016-02-10T05:11:33.000000;0f3d1de2-64d3-4e36-a898-c136e5dfa309;375.31;10.09718879;UNKNOWN
2016-02-10T05:12:23.000000;2016-02-10T05:12:23.000000;b3c9a194-7763-4bd3-9dc1-e3d96789f672;375.49;10.0;UNKNOWN
2016-02-10T05:15:11.000000;2016-02-10T05:15:11.000000;513c069b-ebcf-41e3-bf4d-68684fa77268;375.5;6.423;UNKNOWN
2016-02-10T05:15:11.000000;2016-02-10T05:15:11.000000;34c55a5a-53ec-4dcf-84c4-4ab7ab0e9606;375.49;3.0;UNKNOWN
2016-02-10T05:15:11.000000;2016-02-10T05:15:11.000000;d230af14-e822-4e22-9ded-e70d3ff51389;375.5;7.977;UNKNOWN
2016-02-10T05:15:11.000000;2016-02-10T05:15:11.000000;415b79d7-f555-462f-bc72-2b770fe54f49;375.4;0.1;UNKNOWN
2016-02-10T05:15:11.000000;2016-02-10T05:15:11.000000;6f3e2ffe-b94f-4f33-89c8-d43c3f89256b;375.48;3.0;UNKNOWN
2016-02-10T05:15:11.000000;2016-02-10T05:15:11.000000;eb78d55d-ab54-4e5f-9523-bfe6ad7a03ab;375.47;0.5;UNKNOWN
2016-02-10T05:15:21.000000;2016-02-10T05:15:21.000000;25128686-bcae-4b17-ad1d-00d9f80cd740;375.39;0.01;UNKNOWN
2016-02-10T05:16:05.000000;2016-02-10T05:16:05.000000;2d78d1f2-c761-40c6-a42f-d6a7c07d9d07;375.5;0.25;UNKNOWN
2016-02-10T05:16:13.000000;2016-02-10T05:16:13.000000;dabe5ebb-45fd-42db-b7ff-cb2bc41ae5b5;375.55;1.0;UNKNOWN
2016-02-10T05:16:13.000000;2016-02-10T05:16:13.000000;2df22b6f-cf1c-4643-86a1-05ec652f80ce;375.5;18.327;UNKNOWN
2016-02-10T05:16:13.000000;2016-02-10T05:16:13.000000;24769e71-ebc3-43fe-a384-a733226aada0;375.96;1.263;UNKNOWN
2016-02-10T05:17:22.000000;2016-02-10T05:17:22.000000;a8e2f5a0-bdb5-4a23-94e5-a4055575aac0;375.7;0.6116604;UNKNOWN
2016-02-10T05:19:53.000000;2016-02-10T05:19:53.000000;4dd27c84-4209-44f9-a7dc-28e1ba5e2db9;375.69;6.5875;UNKNOWN
2016-02-10T05:20:25.000000;2016-02-10T05:20:25.000000;aab16150-a8ae-40f9-a4ff-78f3b1b7770c;375.69;0.028;UNKNOWN
2016-02-10T05:23:39.000000;2016-02-10T05:23:39.000000;b62c094b-1798-4cb9-98f9-aed25b6875bd;375.71;0.01;UNKNOWN
2016-02-10T05:23:39.000000;2016-02-10T05:23:39.000000;527e588b-bf6e-4235-aaae-68b314ac14a6;375.71;7.70346;UNKNOWN
2016-02-10T05:23:46.000000;2016-02-10T05:23:46.000000;835411a3-2dd7-4cd8-8c7e-6a94e33b3239;375.71;0.01;UNKNOWN
2016-02-10T05:24:09.000000;2016-02-10T05:24:09.000000;d23de6b3-29b0-49e9-b42d-aebf5c8a4958;375.69;9.40981;UNKNOWN
2016-02-10T05:24:21.000000;2016-02-10T05:24:21.000000;e20a6c9e-cbf5-4b16-a951-d1d44be7884a;375.69;3.00310575;UNKNOWN
2016-02-10T05:25:05.000000;2016-02-10T05:25:05.000000;ab253d9b-6d23-470f-807f-4c7df1298b3f;375.68;0.2538;UNKNOWN
2016-02-10T05:25:05.000000;2016-02-10T05:25:05.000000;b5f2d716-89d2-492a-b2df-04739094ec2a;375.64;1.5900743;UNKNOWN
2016-02-10T05:25:05.000000;2016-02-10T05:25:05.000000;fb443dcd-f7c5-4cb6-a1f8-50c575313e66;375.68;2.74;UNKNOWN
2016-02-10T05:26:05.000000;2016-02-10T05:26:05.000000;b377007e-6dce-486e-955e-a1d27e8532f8;375.69;0.01519315;UNKNOWN
2016-02-10T05:26:57.000000;2016-02-10T05:26:57.000000;fa0c6fe1-28ab-4c7d-8f20-88592c02c074;375.68;0.01;UNKNOWN
2016-02-10T05:28:05.000000;2016-02-10T05:28:05.000000;bda7c376-610f-422e-95cf-677eadff78f7;375.66;0.18549926;UNKNOWN
2016-02-10T05:28:23.000000;2016-02-10T05:28:23.000000;a982e691-1ff7-467e-ba36-c1da2a7da6a3;375.67;0.01;UNKNOWN
2016-02-10T05:29:10.000000;2016-02-10T05:29:10.000000;65e29338-f871-4531-9da0-5fbcfbd772d0;375.61;0.54598148;UNKNOWN
2016-02-10T05:29:10.000000;2016-02-10T05:29:10.000000;a139a2ff-082f-4691-abf8-805a29b96713;375.6;0.45401852;UNKNOWN
2016-02-10T05:29:21.000000;2016-02-10T05:29:21.000000;28ec5369-1cce-41ba-99d5-2abc8a6c892b;375.62;0.01;UNKNOWN
2016-02-10T05:32:06.000000;2016-02-10T05:32:06.000000;bde5395f-f983-4fe7-b8e4-2bd5b79a4668;375.65;7.62074;UNKNOWN
2016-02-10T05:32:22.000000;2016-02-10T05:32:22.000000;6e560e93-9c1d-4af2-b49c-ea8f0486c847;375.65;0.01;UNKNOWN
2016-02-10T05:33:08.000000;2016-02-10T05:33:08.000000;219f4912-9dc5-44c4-b725-740fb3ad38d1;375.63;0.01;UNKNOWN
2016-02-10T05:33:08.000000;2016-02-10T05:33:08.000000;091836ca-3f67-495b-b17e-9865eda05122;375.63;7.34749;UNKNOWN
2016-02-10T05:33:42.000000;2016-02-10T05:33:42.000000;3651c025-467a-4a31-af70-82dcef0386e1;375.63;7.68498;UNKNOWN
2016-02-10T05:34:45.000000;2016-02-10T05:34:45.000000;71c34ef1-ab9c-4769-b384-348aacbd1c4e;375.65;8.03044;UNKNOWN
2016-02-10T05:34:54.000000;2016-02-10T05:34:54.000000;b718b2fa-4b62-4695-84c3-8b1900e6d7f9;375.65;2.41256;UNKNOWN
2016-02-10T05:35:33.000000;2016-02-10T05:35:33.000000;2404db97-b103-4592-8849-cb633cbb0e14;375.65;0.01;UNKNOWN
2016-02-10T05:35:59.000000;2016-02-10T05:35:59.000000;a35ea345-9b2e-4db9-b495-7255c0087652;375.63;7.28549;UNKNOWN
2016-02-10T05:36:05.000000;2016-02-10T05:36:05.000000;0930aae3-dbb5-4239-9bc3-e3b1b6020a41;375.49;6.6376;UNKNOWN
2016-02-10T05:36:05.000000;2016-02-10T05:36:05.000000;2cb8eadc-112f-4baa-ba31-121aedcd75cf;375.48;0.73588352;UNKNOWN
2016-02-10T05:36:05.000000;2016-02-10T05:36:05.000000;14df713c-2a8e-42f3-aa39-2a127a5dfea0;375.6;0.54598148;UNKNOWN
2016-02-10T05:37:26.000000;2016-02-10T05:37:26.000000;c341eecc-25d1-4f02-a23e-8da4b47abf8a;375.56;8.72064;UNKNOWN
2016-02-10T05:38:05.000000;2016-02-10T05:38:05.000000;d2ea783c-a0de-4250-80f0-a6107ad0f573;375.55;0.18555335;UNKNOWN
2016-02-10T05:38:33.000000;2016-02-10T05:38:33.000000;72bc9731-4431-4fb2-a51e-e12ef783c0f5;375.55;0.01;UNKNOWN
2016-02-10T05:38:52.000000;2016-02-10T05:38:52.000000;cf7e718d-a5e7-4ca2-af33-9dd883467301;375.55;1.0;UNKNOWN
2016-02-10T05:39:10.000000;2016-02-10T05:39:10.000000;60878044-754e-4dfa-898b-b5a672890767;375.55;4.43562;UNKNOWN
2016-02-10T05:39:18.000000;2016-02-10T05:39:18.000000;a534fded-0d7d-48c5-b878-033101de6789;375.55;1.81;UNKNOWN
2016-02-10T05:39:22.000000;2016-02-10T05:39:22.000000;da5e48ad-e162-4ac8-a367-a08cef273904;375.55;4.61278;UNKNOWN
2016-02-10T05:39:38.000000;2016-02-10T05:39:38.000000;15e6973b-b4cb-4c39-bb9b-8907004fbcc8;375.67;1.62;UNKNOWN
2016-02-10T05:39:42.000000;2016-02-10T05:39:42.000000;911d3752-0311-4387-97cb-c9b86de93cdc;375.67;1.46;UNKNOWN
2016-02-10T05:39:53.000000;2016-02-10T05:39:53.000000;5f6ee7d4-ac79-4338-8a43-6f1f6617fc78;375.67;4.2643;UNKNOWN
2016-02-10T05:40:08.000000;2016-02-10T05:40:08.000000;bd44662b-8f82-40ca-aa09-b28a499ce55f;375.67;2.5;UNKNOWN
2016-02-10T05:42:08.000000;2016-02-10T05:42:08.000000;d617811c-099f-4433-9481-ea5a350633b6;375.76;1.0;UNKNOWN
2016-02-10T05:42:08.000000;2016-02-10T05:42:08.000000;db6e4ddf-9afc-4afc-88bb-90f54d00d260;375.96;1.6407;UNKNOWN
2016-02-10T05:42:08.000000;2016-02-10T05:42:08.000000;a5479b55-5fb7-49a2-95c8-c9766814b350;375.67;0.3593;UNKNOWN
2016-02-10T05:48:05.000000;2016-02-10T05:48:05.000000;610b3279-0fe8-46ee-b537-17a9a8e03d1c;375.84;0.27;UNKNOWN
2016-02-10T05:48:05.000000;2016-02-10T05:48:05.000000;6a38547d-9167-4410-a5d9-689404aee22f;375.81;0.5088173;UNKNOWN
2016-02-10T05:48:05.000000;2016-02-10T05:48:05.000000;d7e6d1b5-33de-441c-af8a-0b74cb03c0bf;375.82;0.28;UNKNOWN
2016-02-10T05:48:06.000000;2016-02-10T05:48:06.000000;466505d4-3b7a-4164-9521-8e5ff9065bdf;375.81;1.1311827;UNKNOWN
2016-02-10T05:48:06.000000;2016-02-10T05:48:06.000000;ba0918eb-696a-4cd0-b28e-976273c359f6;375.81;2.8888173;UNKNOWN
2016-02-10T05:48:07.000000;2016-02-10T05:48:07.000000;e1b3c1ec-33a8-4091-936d-c4a46700b365;375.88;0.185637;UNKNOWN
2016-02-10T05:49:48.000000;2016-02-10T05:49:48.000000;a13211cc-9f6d-4c81-921d-c44be2fe7bb4;376.0;25.0;UNKNOWN
2016-02-10T05:49:48.000000;2016-02-10T05:49:48.000000;c946667e-693a-4f0a-a815-c21032395084;376.0;1.4773394;UNKNOWN
2016-02-10T05:49:48.000000;2016-02-10T05:49:48.000000;e270204f-5062-40a6-af80-53783ff7199e;375.89;1.0;UNKNOWN
2016-02-10T05:49:48.000000;2016-02-10T05:49:48.000000;c9897f9f-29e5-458c-bded-1ad595cc3181;375.99;1.0;UNKNOWN
2016-02-10T05:49:48.000000;2016-02-10T05:49:48.000000;35b4d6cc-e9ec-43fb-94b4-3c22d1c9eb99;375.95;1.0;UNKNOWN
2016-02-10T05:49:48.000000;2016-02-10T05:49:48.000000;826cb6df-a885-4ecd-8adc-e91af715980d;376.39;0.1;UNKNOWN
2016-02-10T05:49:48.000000;2016-02-10T05:49:48.000000;40e12865-6011-4320-8965-421d83c798cf;376.2;0.15;UNKNOWN
2016-02-10T05:49:48.000000;2016-02-10T05:49:48.000000;17869bf4-c51c-4f02-9e56-318bec21e27c;376.0;1.0;UNKNOWN
2016-02-10T05:49:48.000000;2016-02-10T05:49:48.000000;754ecd86-f5c5-4e4a-bd7d-5d1382f548ae;376.49;0.2726606;UNKNOWN
2016-02-10T05:49:48.000000;2016-02-10T05:49:48.000000;5b1e62c5-1205-4549-b0fa-d29ab54bbc74;376.4;9.0;UNKNOWN
2016-02-10T05:51:01.000000;2016-02-10T05:51:01.000000;a68f973d-632a-4fc6-84db-8e04eeb69be4;375.96;0.33;UNKNOWN
2016-02-10T05:51:01.000000;2016-02-10T05:51:01.000000;76d7fbc6-caa0-4c4e-81c0-b96e2993b61a;375.96;0.34;UNKNOWN
2016-02-10T05:51:05.000000;2016-02-10T05:51:05.000000;f1406c0d-f18f-4e9f-99de-0ef92aa7fbd5;376.19;0.01137105;UNKNOWN
2016-02-10T05:53:53.000000;2016-02-10T05:53:53.000000;40418b5a-2080-411e-b8ff-0caff38d3d7f;376.29;5.8;UNKNOWN
2016-02-10T05:53:53.000000;2016-02-10T05:53:53.000000;a14906db-97d6-41a4-9557-2343a95c7514;376.28;0.2;UNKNOWN
2016-02-10T05:56:07.000000;2016-02-10T05:56:07.000000;d4de24d0-ce60-42b7-8baf-11c29346b508;376.02;0.0275339;UNKNOWN
2016-02-10T05:58:41.000000;2016-02-10T05:58:41.000000;96db1d31-ebdd-4db9-9b6f-06d2782f2759;376.12;0.73;UNKNOWN
2016-02-10T05:58:41.000000;2016-02-10T05:58:41.000000;ede4ac64-270f-45de-be09-9fdc66df3b20;376.14;0.27;UNKNOWN
2016-02-10T06:00:18.000000;2016-02-10T06:00:18.000000;beff3b06-628d-4897-8a64-ff5848a78e0d;375.96;0.5;UNKNOWN
2016-02-10T06:00:18.000000;2016-02-10T06:00:18.000000;5cebe066-5cfa-47a9-8d96-42c370ace476;375.98;12.8695;UNKNOWN
2016-02-10T06:00:18.000000;2016-02-10T06:00:18.000000;99b87eeb-0c33-4650-8860-fdfc5f7cd4fb;375.96;1.64;UNKNOWN
2016-02-10T06:00:18.000000;2016-02-10T06:00:18.000000;f67346fb-4a34-46f9-bf8e-5c2e69f3a58d;375.95;16.4268;UNKNOWN
2016-02-10T06:00:18.000000;2016-02-10T06:00:18.000000;27f8264a-68dc-41ed-868d-bbbc36591573;375.97;0.4;UNKNOWN
2016-02-10T06:00:18.000000;2016-02-10T06:00:18.000000;32b3075a-8f04-4dd4-bd21-9b3c993681f7;375.98;6.5742;UNKNOWN
2016-02-10T06:00:18.000000;2016-02-10T06:00:18.000000;52efea72-d1cf-4bf3-b963-82a9ca6af2c6;375.9;0.45;UNKNOWN
2016-02-10T06:01:05.000000;2016-02-10T06:01:05.000000;1998bb86-9581-4971-9949-9bf3d96589b2;376.1;1.05988387;UNKNOWN
2016-02-10T06:02:02.000000;2016-02-10T06:02:02.000000;b6bceb6d-0554-4cb4-b7ca-295228f6c479;375.9;5.0;UNKNOWN
2016-02-10T06:02:02.000000;2016-02-10T06:02:02.000000;01f5af06-7c11-43fe-ac01-d71202e79d7c;375.91;0.5;UNKNOWN
2016-02-10T06:02:02.000000;2016-02-10T06:02:02.000000;b75fa3b0-a1ec-45fe-82e1-17deac21c1c9;375.91;3.0;UNKNOWN
2016-02-10T06:04:24.000000;2016-02-10T06:04:24.000000;8ce746cc-7679-46cf-a658-f406f8f95b89;375.99;17.26;UNKNOWN
2016-02-10T06:04:24.000000;2016-02-10T06:04:24.000000;418cb2e9-8d8c-4870-96e4-8ddcb1b52d92;375.98;22.74;UNKNOWN
2016-02-10T06:04:51.000000;2016-02-10T06:04:51.000000;bc352b18-8bff-46ce-a20a-5b5dbcfc00cf;376.0;7.26;UNKNOWN
2016-02-10T06:04:51.000000;2016-02-10T06:04:51.000000;c65128e5-6405-4f5c-8dca-ed2a85f55a12;375.99;2.74;UNKNOWN
2016-02-10T06:05:44.000000;2016-02-10T06:05:44.000000;6f510040-3c9a-4f71-96e7-de67837c99cb;375.99;3.0;UNKNOWN
2016-02-10T06:05:44.000000;2016-02-10T06:05:44.000000;03530c1c-28c0-4b9e-ad29-094eda698bf2;376.0;7.0;UNKNOWN
2016-02-10T06:06:05.000000;2016-02-10T06:06:05.000000;8aed72f1-9794-4370-b5dd-8cadc4f00a57;376.0;0.34480929;UNKNOWN
2016-02-10T06:07:12.000000;2016-02-10T06:07:12.000000;b11ea9b3-3d69-4fc2-a3c8-75cce9fe50d8;375.88;10.0;UNKNOWN
2016-02-10T06:07:20.000000;2016-02-10T06:07:20.000000;7f8ceff9-6e86-40ed-9ff2-9bdfc4271d62;375.88;1.9276;UNKNOWN
2016-02-10T06:07:20.000000;2016-02-10T06:07:20.000000;1da4bbd2-047f-4659-a19d-f5a0f1942762;375.85;1.406933;UNKNOWN
2016-02-10T06:07:32.000000;2016-02-10T06:07:32.000000;9a4b4bf5-f91a-4f10-9d1b-8afde44485c6;375.82;2.38153284;UNKNOWN
2016-02-10T06:07:32.000000;2016-02-10T06:07:32.000000;649362e7-c02c-4624-bd99-12f87103498f;375.89;3.80923358;UNKNOWN
2016-02-10T06:07:32.000000;2016-02-10T06:07:32.000000;7e562bd0-567e-4f15-a1c8-1a390c53ef6c;375.89;3.80923358;UNKNOWN
2016-02-10T06:08:03.000000;2016-02-10T06:08:03.000000;e573bf49-dbda-4f75-994e-ae6e45b35599;375.89;10.0;UNKNOWN
2016-02-10T06:08:16.000000;2016-02-10T06:08:16.000000;d39ae036-0afd-46ae-8f57-a5ae226576db;375.82;6.5933;UNKNOWN
2016-02-10T06:08:16.000000;2016-02-10T06:08:16.000000;533f4805-47b8-414b-b287-7f7c207465b2;375.89;1.9683;UNKNOWN
2016-02-10T06:08:16.000000;2016-02-10T06:08:16.000000;d874b239-7ded-47c7-af4a-2d2e3010511f;375.8;0.9384;UNKNOWN
2016-02-10T06:08:16.000000;2016-02-10T06:08:16.000000;c592473d-7139-4a05-9736-2b905d2b50f7;375.8;0.5;UNKNOWN
2016-02-10T06:09:09.000000;2016-02-10T06:09:09.000000;1f597228-7f6d-4b9f-91fd-b76fd19b45a0;375.75;3.3655;UNKNOWN
2016-02-10T06:09:09.000000;2016-02-10T06:09:09.000000;43aca8ac-5058-4d2f-b4c3-908ea257cc9d;375.76;6.6345;UNKNOWN
2016-02-10T06:09:37.000000;2016-02-10T06:09:37.000000;887e61e0-ae58-4143-88fa-23faaff26638;375.76;6.5817;UNKNOWN
2016-02-10T06:09:37.000000;2016-02-10T06:09:37.000000;82a62e18-7631-463b-8b33-5524fe5fff61;375.75;3.4183;UNKNOWN
2016-02-10T06:09:57.000000;2016-02-10T06:09:57.000000;6bcec82b-8aaf-4e38-9fac-a9d706697a66;375.58;3.3577;UNKNOWN
2016-02-10T06:09:57.000000;2016-02-10T06:09:57.000000;16595e1d-cce7-4e6b-a897-bda7143cc10b;375.59;6.6423;UNKNOWN
2016-02-10T06:10:14.000000;2016-02-10T06:10:14.000000;95044aca-137d-4d81-9f2c-3d1585b1de8c;375.55;7.46322292;UNKNOWN
2016-02-10T06:10:14.000000;2016-02-10T06:10:14.000000;e0868af6-065c-4489-82cf-f2fb1571e65a;375.55;2.53677708;UNKNOWN
2016-02-10T06:10:29.000000;2016-02-10T06:10:29.000000;6948ae1b-da22-40ae-9b88-8c4800f1d972;375.5;3.4403;UNKNOWN
2016-02-10T06:10:29.000000;2016-02-10T06:10:29.000000;8c1166f7-9cd1-4114-bfc7-de6404b86291;375.51;6.5597;UNKNOWN
2016-02-10T06:10:42.000000;2016-02-10T06:10:42.000000;27cbcc5c-0c77-4768-b273-6c6748ca5524;375.5;9.5697;UNKNOWN
2016-02-10T06:10:42.000000;2016-02-10T06:10:42.000000;57c865d5-3b1d-4ec8-a695-d0b182121c4d;375.5;0.27;UNKNOWN
2016-02-10T06:10:42.000000;2016-02-10T06:10:42.000000;0a443ec7-0ced-46b7-95d7-118c9a699a60;375.49;0.1603;UNKNOWN
2016-02-10T06:10:56.000000;2016-02-10T06:10:56.000000;10c63019-19f5-4606-bf86-3a6a5acba4f9;375.49;1.08;UNKNOWN
2016-02-10T06:10:56.000000;2016-02-10T06:10:56.000000;a87b00ea-5a5b-4f26-adc2-d09af041bd2a;375.48;4.97;UNKNOWN
2016-02-10T06:10:56.000000;2016-02-10T06:10:56.000000;d8538a23-a6f7-4458-919a-3c1ac6d78167;375.47;3.95;UNKNOWN
2016-02-10T06:11:07.000000;2016-02-10T06:11:07.000000;1befc425-5cce-449a-afaf-56ef5e36d250;375.47;10.0;UNKNOWN
2016-02-10T06:11:24.000000;2016-02-10T06:11:24.000000;24a02974-c976-4935-8ab2-3d1e46f3fd41;375.59;10.0;UNKNOWN
2016-02-10T06:11:35.000000;2016-02-10T06:11:35.000000;3931cc82-b2de-4897-98b0-8f59dad713b7;375.59;0.3954;UNKNOWN
2016-02-10T06:11:35.000000;2016-02-10T06:11:35.000000;dd6d6d29-4e2b-44e6-9375-3593c697d1c8;375.47;9.6046;UNKNOWN
2016-02-10T06:11:47.000000;2016-02-10T06:11:47.000000;b20fc97e-4b78-4eba-8315-64d46458eeda;375.47;1.49475;UNKNOWN
2016-02-10T06:12:01.000000;2016-02-10T06:12:01.000000;e2b2608c-4a07-44eb-8640-7e40be1248cf;375.47;18.32934;UNKNOWN
2016-02-10T06:12:05.000000;2016-02-10T06:12:05.000000;b487a50a-bff7-4ee5-b52b-af657e8d3e66;375.47;10.0;UNKNOWN
2016-02-10T06:12:11.000000;2016-02-10T06:12:11.000000;21718fd5-edeb-46fb-ab24-8eadb7f87a4e;375.47;10.0;UNKNOWN
2016-02-10T06:12:13.000000;2016-02-10T06:12:13.000000;2cffd314-fe19-435b-80f9-5a7002621b8c;375.47;10.0;UNKNOWN
2016-02-10T06:12:17.000000;2016-02-10T06:12:17.000000;954700c8-34b9-4d24-b35f-84cc3b83a3e6;375.47;10.0;UNKNOWN
2016-02-10T06:12:18.000000;2016-02-10T06:12:18.000000;625ba233-e555-4fb1-9621-d7fefc4837c8;375.6;0.01;UNKNOWN
2016-02-10T06:12:21.000000;2016-02-10T06:12:21.000000;13d0a857-a3bc-46c4-a64f-6e0558fb095a;375.43;8.37869;UNKNOWN
2016-02-10T06:12:21.000000;2016-02-10T06:12:21.000000;a323b55d-5c85-490e-aafc-c35ddcdb1d7c;375.47;1.62131;UNKNOWN
2016-02-10T06:12:23.000000;2016-02-10T06:12:23.000000;661440e5-1181-4a15-8549-e9fbce86460c;375.43;10.0;UNKNOWN
2016-02-10T06:13:06.000000;2016-02-10T06:13:06.000000;18a73fd3-a637-43a7-acbd-916ac2e4b9fb;375.58;10.0;UNKNOWN
2016-02-10T06:13:39.000000;2016-02-10T06:13:39.000000;d857298d-9c61-4c0e-8b6b-243f3746c8f8;375.59;1.06;UNKNOWN
2016-02-10T06:13:47.000000;2016-02-10T06:13:47.000000;19d6d8ac-e7e8-4cb0-9ee9-af4cb0a0de4e;375.57;1.09;UNKNOWN
2016-02-10T06:13:53.000000;2016-02-10T06:13:53.000000;8b9cbd00-3799-437f-97cb-ba6466bcfdcf;375.54;0.5;UNKNOWN
2016-02-10T06:13:53.000000;2016-02-10T06:13:53.000000;6400d6f0-1730-4ee7-a9fd-75de96a9f4c9;375.54;0.5;UNKNOWN
2016-02-10T06:13:59.000000;2016-02-10T06:13:59.000000;25e1c6a0-a1a3-4ddf-b59c-2600b19abfc1;375.47;1.02;UNKNOWN
2016-02-10T06:14:06.000000;2016-02-10T06:14:06.000000;20927c5b-9163-4afa-b756-559123e2814a;375.47;2.62;UNKNOWN
2016-02-10T06:14:21.000000;2016-02-10T06:14:21.000000;bfbb450c-2266-4d1c-b6dc-e19aadbc1f72;375.56;1.0;UNKNOWN
2016-02-10T06:14:52.000000;2016-02-10T06:14:52.000000;2e7eb03e-eeb9-4d2d-91bf-5d2266fcef39;375.49;5.0;UNKNOWN
2016-02-10T06:15:18.000000;2016-02-10T06:15:18.000000;458d322a-c700-4af4-b3fd-59fef40b388e;375.5;0.01;UNKNOWN
2016-02-10T06:15:19.000000;2016-02-10T06:15:19.000000;fd190ead-9d6c-40df-909c-1fa7587f7939;375.5;1.49;UNKNOWN
2016-02-10T06:15:27.000000;2016-02-10T06:15:27.000000;f0ba4baa-71d9-4f8e-9223-d037e7c5d420;375.5;0.69;UNKNOWN
2016-02-10T06:15:46.000000;2016-02-10T06:15:46.000000;828960fa-265d-4142-91f6-4a9025aa4d15;375.5;1.75;UNKNOWN
2016-02-10T06:16:05.000000;2016-02-10T06:16:05.000000;66498637-b212-4b44-84e1-a80886e4e487;375.47;1.19;UNKNOWN
2016-02-10T06:16:05.000000;2016-02-10T06:16:05.000000;1b3c8882-f88e-489a-934d-bef23550d79e;375.48;0.01;UNKNOWN
2016-02-10T06:21:12.000000;2016-02-10T06:21:12.000000;d77909e1-5c51-435a-80de-a886a185f99d;375.69;9.85064;UNKNOWN
2016-02-10T06:22:11.000000;2016-02-10T06:22:11.000000;6d174052-e3d9-45d2-9692-e390601d2048;375.93;0.01;UNKNOWN
2016-02-10T06:23:04.000000;2016-02-10T06:23:04.000000;ae04dccc-3b97-4150-bbe0-aa1231592e42;375.98;0.76896561;UNKNOWN
2016-02-10T06:24:05.000000;2016-02-10T06:24:05.000000;34e515f1-7cec-490e-9a8b-000e87630752;375.99;0.028;UNKNOWN
2016-02-10T06:24:05.000000;2016-02-10T06:24:05.000000;61bc012c-e509-4b8b-a999-f11da0cec264;375.99;2.13165446;UNKNOWN
2016-02-10T06:24:53.000000;2016-02-10T06:24:53.000000;071d748e-7db9-46ca-af1c-09e56b07e0f8;376.0;7.39519071;UNKNOWN
2016-02-10T06:26:04.000000;2016-02-10T06:26:04.000000;a30f8e67-f48d-4c7e-b510-585b6e260e40;376.01;0.05;UNKNOWN
