time_exchange;time_coinpai;guid;price;base_amount;taker_side
2016-02-10T00:00:02.083000;2016-02-10T00:00:02.113000;5fbe8f99-a058-4bf0-944f-4245d83c361d;372.76;0.888;BUY
2016-02-10T00:00:02.083000;2016-02-10T00:00:02.113000;f9834251-019a-46d1-9cb5-68a1c75693f3;372.78;2.2;BUY
2016-02-10T00:00:02.083000;2016-02-10T00:00:02.143000;f2e82a04-87e8-49e1-b0fb-0b49dbd02582;372.79;0.855;BUY
2016-02-10T00:00:02.083000;2016-02-10T00:00:02.143000;eac604a2-d1dd-43e7-b56b-40ece360aea8;372.81;0.101;BUY
2016-02-10T00:00:02.083000;2016-02-10T00:00:02.143000;adb55cc7-10a1-41b8-8bfc-82c2e0e092b0;372.81;0.01;BUY
2016-02-10T00:00:02.087000;2016-02-10T00:00:02.143000;3fd6a8c7-2026-4edd-9511-e609afdf5168;372.82;0.05;BUY
2016-02-10T00:00:02.087000;2016-02-10T00:00:02.143000;2c27f154-7fa5-4f0a-a418-fb75152292cb;372.83;0.05;BUY
2016-02-10T00:00:02.087000;2016-02-10T00:00:02.160000;4db56dfb-c733-45b9-8722-33f955064f7b;372.83;0.642;BUY
2016-02-10T00:00:02.087000;2016-02-10T00:00:02.160000;826b9db8-eecd-4d58-a81c-31771cae4b6c;372.86;0.651;BUY
2016-02-10T00:00:02.087000;2016-02-10T00:00:02.160000;c544e329-b079-4ea9-be4f-9b1aa9e1541c;372.87;0.706;BUY
2016-02-10T00:00:02.087000;2016-02-10T00:00:02.160000;caaaa56f-4076-4165-99d1-0ef7e8a43340;372.87;1.26393;BUY
2016-02-10T00:00:31.957000;2016-02-10T00:00:32.003000;728c4062-493a-482a-af49-29d32f265c96;372.79;0.22;SELL
2016-02-10T00:00:31.957000;2016-02-10T00:00:32.003000;9f15451a-c79b-4a6e-ac97-ffb6c8f29f6f;372.78;0.111;SELL
2016-02-10T00:00:31.957000;2016-02-10T00:00:32.003000;3a0020fa-2e34-4872-92cc-81123a7c05bf;372.77;0.44;SELL
2016-02-10T00:00:31.957000;2016-02-10T00:00:32.003000;1b563d08-1d7c-46d6-8956-901d3576a862;372.76;0.01;SELL
2016-02-10T00:00:31.960000;2016-02-10T00:00:32.003000;924257c6-c7b5-4ed4-a1ac-6bfbd6666482;372.76;0.88;SELL
2016-02-10T00:00:31.960000;2016-02-10T00:00:32.020000;906504b2-cea5-4abb-8ee2-45adae8a2677;372.75;1.32;SELL
2016-02-10T00:00:31.960000;2016-02-10T00:00:32.020000;2dbef3b2-9973-4c78-b63a-00f7303354c2;372.75;0.127;SELL
2016-02-10T00:00:31.960000;2016-02-10T00:00:32.020000;4c956926-969f-4a63-8524-028ac1f09870;372.74;0.01;SELL
2016-02-10T00:00:31.960000;2016-02-10T00:00:32.020000;93dbb9c7-976b-4722-923c-4720e6c82676;372.73;2.42;SELL
2016-02-10T00:00:31.960000;2016-02-10T00:00:32.020000;3457b3a8-fdc2-4733-a671-bde6d78a59c3;372.72;0.01;SELL
2016-02-10T00:00:31.960000;2016-02-10T00:00:32.020000;7151f474-6296-4b13-8bb0-92257e4449de;372.72;2.4614;SELL
2016-02-10T00:02:01.997000;2016-02-10T00:02:02.037000;b83c3bf2-d853-486d-9385-da3b420ef074;372.85;0.01;BUY
2016-02-10T00:02:01.997000;2016-02-10T00:02:02.037000;ddb630ce-9898-4601-bece-dbdf3754c76f;372.85;0.01;BUY
2016-02-10T00:02:01.997000;2016-02-10T00:02:02.037000;70e6f6bc-a57d-4b56-a438-6ad30bbae45a;372.88;0.22754;BUY
2016-02-10T00:02:31.797000;2016-02-10T00:02:31.817000;5a7799ee-a995-489d-b2e9-fde7aa362a47;372.88;0.59832279;BUY
2016-02-10T00:02:31.797000;2016-02-10T00:02:31.833000;5405f162-6ae0-438c-9ca4-29488379e877;372.89;0.01;BUY
2016-02-10T00:02:31.800000;2016-02-10T00:02:31.893000;e0afe7a1-6023-4bc0-9071-f1266685f0ef;372.9;0.01;BUY
2016-02-10T00:02:31.800000;2016-02-10T00:02:31.893000;f7c075eb-be2d-4858-8679-a8cc0779b4dc;372.93;0.01;BUY
2016-02-10T00:02:31.800000;2016-02-10T00:02:31.893000;e1ada3ae-6d8a-46af-80c4-4b5932f81c21;372.96;0.2525;BUY
2016-02-10T00:02:31.800000;2016-02-10T00:02:31.893000;7faafa47-2cdb-42b9-96c2-a424a27407f2;372.96;0.173;BUY
2016-02-10T00:02:31.800000;2016-02-10T00:02:31.893000;15f32f5e-0ad3-4c10-ada7-ffb6713eea50;373.0;0.14590507;BUY
2016-02-10T00:02:31.800000;2016-02-10T00:02:31.893000;fc0ab543-21f3-4b5a-8f30-e9adef4dde04;373.0;0.03248214;BUY
2016-02-10T00:02:37.247000;2016-02-10T00:02:37.270000;366f4b18-7239-4b86-975d-c2168570d694;372.96;0.01;BUY
2016-02-10T00:02:55.753000;2016-02-10T00:02:55.770000;800d166d-f5bb-4496-8952-8cfdef5cda09;372.97;0.709;BUY
2016-02-10T00:02:55.753000;2016-02-10T00:02:55.787000;e25ed3f3-d2be-464a-97c7-9e8f1388acfc;372.98;0.01;BUY
2016-02-10T00:02:55.753000;2016-02-10T00:02:55.787000;1d0c6bb5-3e40-4ae0-8d89-13f05eb3803f;372.98;0.01;BUY
2016-02-10T00:02:55.753000;2016-02-10T00:02:55.787000;54da924d-f9cd-400c-a268-adfe4c464a35;372.98;0.694;BUY
2016-02-10T00:02:55.753000;2016-02-10T00:02:55.787000;e857eab1-3a26-4ce4-a6dc-bf8e0205859b;373.0;1.31751786;BUY
2016-02-10T00:02:55.753000;2016-02-10T00:02:55.787000;4b2b0475-1fe1-4f09-8f17-ad49f1fe53c5;373.0;2.25948214;BUY
2016-02-10T00:03:02.130000;2016-02-10T00:03:02.143000;c8b97cdb-3620-4e25-b959-53becfb5c2c9;372.98;0.564;BUY
2016-02-10T00:03:02.130000;2016-02-10T00:03:02.160000;aaf90fa0-2aaa-4f1d-9628-3c613356ff34;373.0;0.01427;BUY
2016-02-10T00:03:23.620000;2016-02-10T00:03:23.643000;ceb280f0-c66c-431d-909d-85cd2a476de4;372.95;0.22;BUY
2016-02-10T00:03:23.620000;2016-02-10T00:03:23.643000;89fe1d8b-c2eb-440b-87b4-1da2a3045a4d;372.95;0.196;BUY
2016-02-10T00:03:23.620000;2016-02-10T00:03:23.643000;2c24d4e8-5d7c-49d4-b1a6-49bd0b819198;372.96;0.238;BUY
2016-02-10T00:03:23.620000;2016-02-10T00:03:23.660000;50b5ead8-aca4-4ac5-803a-0b7ec0c7fd45;372.98;0.66;BUY
2016-02-10T00:03:23.620000;2016-02-10T00:03:23.660000;da93a1a2-bddd-44ad-9dcd-70189e830fe8;372.99;0.222;BUY
2016-02-10T00:03:23.620000;2016-02-10T00:03:23.660000;eec84e3c-11df-4b61-b2ff-f0f6ceeb2608;372.99;0.66;BUY
2016-02-10T00:03:23.620000;2016-02-10T00:03:23.660000;09a43a5d-c967-49b1-83d8-2605f67dea30;372.99;0.03;BUY
2016-02-10T00:03:23.620000;2016-02-10T00:03:23.677000;3f756841-8efa-4c8b-af6c-84da7199f655;373.0;0.02624786;BUY
2016-02-10T00:03:23.620000;2016-02-10T00:03:23.677000;60dbac1b-44ff-4fe1-a5bf-9eda3ce5407d;373.0;1.0;BUY
2016-02-10T00:03:23.620000;2016-02-10T00:03:23.677000;057d74a7-a51a-4ee0-8591-dda6b1391586;373.01;0.01;BUY
2016-02-10T00:03:23.620000;2016-02-10T00:03:23.677000;cab62126-6280-4199-a7a6-46e9e2341065;373.01;0.01;BUY
2016-02-10T00:03:23.620000;2016-02-10T00:03:23.677000;c6c78059-8e77-42a5-9af3-90ab827647e5;373.01;0.22;BUY
2016-02-10T00:03:23.620000;2016-02-10T00:03:23.677000;a4b4c250-bf7f-4bdc-b8c6-f6db39f80b2b;373.02;0.01;BUY
2016-02-10T00:03:23.623000;2016-02-10T00:03:23.740000;7de54996-456b-490a-8e96-a1a156a02aa8;373.02;0.66;BUY
2016-02-10T00:03:23.623000;2016-02-10T00:03:23.740000;73df268b-a89f-4bcd-bda5-26d999f76307;373.03;4.918;BUY
2016-02-10T00:03:23.623000;2016-02-10T00:03:23.740000;1cd41c71-dd54-49d6-b2f0-1d93afe57044;373.03;0.91975214;BUY
2016-02-10T00:03:33.650000;2016-02-10T00:03:33.693000;35294ee2-2811-489c-ad01-b7e6089f8d05;372.96;0.135;BUY
2016-02-10T00:03:33.650000;2016-02-10T00:03:33.693000;74ec818b-aca8-4e52-a618-99f1c9d1bfb1;373.0;0.261;BUY
2016-02-10T00:03:33.650000;2016-02-10T00:03:33.693000;685588f9-5eba-4290-b38a-4966a6b88760;373.03;0.22;BUY
2016-02-10T00:03:33.650000;2016-02-10T00:03:33.693000;95011d47-c708-4687-ae82-565b3e893d22;373.04;0.299;BUY
2016-02-10T00:03:33.650000;2016-02-10T00:03:33.693000;15b3e64a-3b12-4b42-9ce1-e36144647822;373.04;0.02938;BUY
2016-02-10T00:03:41.537000;2016-02-10T00:03:41.567000;b91d6495-b6c2-4489-ac6e-257ce40bc951;372.97;0.0115;BUY
2016-02-10T00:04:02.057000;2016-02-10T00:04:02.097000;e2a3405e-305b-4008-ad77-98ae2940edd7;372.95;0.22;BUY
2016-02-10T00:04:02.057000;2016-02-10T00:04:02.097000;2a51033a-8197-4713-9be8-5033c7c16d9a;372.96;0.18;BUY
2016-02-10T00:04:02.057000;2016-02-10T00:04:02.097000;1e7f0d9a-c2ba-46d6-bd75-617d7457b48d;372.98;0.0121;BUY
2016-02-10T00:04:02.307000;2016-02-10T00:04:02.347000;25c831ab-6fcc-417b-a1a8-26eb384f4573;372.98;0.2079;BUY
2016-02-10T00:04:02.307000;2016-02-10T00:04:02.347000;eedbfbde-f2c0-478b-9ab4-d70bd3aecde6;372.99;0.171;BUY
2016-02-10T00:04:02.310000;2016-02-10T00:04:02.347000;b6e011c2-0d41-43ca-864a-d108e16e9a70;373.02;0.169;BUY
2016-02-10T00:04:02.310000;2016-02-10T00:04:02.347000;4c7763e8-86ff-4302-9081-8892f8f2ce3a;373.04;0.22;BUY
2016-02-10T00:04:02.310000;2016-02-10T00:04:02.347000;03959774-4c6f-4925-8729-2e6be870b9cd;373.04;1.0;BUY
2016-02-10T00:04:02.310000;2016-02-10T00:04:02.347000;2edf2cc9-1dd1-432f-a8f2-b9daca7ae26b;373.05;0.02;BUY
2016-02-10T00:04:02.310000;2016-02-10T00:04:02.347000;e6794ff9-3160-40ea-ba15-80958aa54524;373.05;1.76;BUY
2016-02-10T00:04:02.310000;2016-02-10T00:04:02.363000;4f29e5c1-df01-48db-9ff5-4c8c59434375;373.06;0.229;BUY
2016-02-10T00:04:02.310000;2016-02-10T00:04:02.363000;7a6f4bb2-4b31-417e-9789-c24769edc863;373.06;1.98;BUY
2016-02-10T00:04:02.310000;2016-02-10T00:04:02.363000;9f6cc33a-52ba-4562-b987-496ca2acb504;373.07;0.22;BUY
2016-02-10T00:04:02.310000;2016-02-10T00:04:02.363000;951c7c08-5e62-42b3-8ebb-c57715e5cf5d;373.08;0.01;BUY
2016-02-10T00:04:02.310000;2016-02-10T00:04:02.363000;5697f3ea-cdfb-45c8-be72-de0d5afc58a2;373.08;0.01;BUY
2016-02-10T00:04:02.310000;2016-02-10T00:04:02.363000;d750df1a-07af-4f38-99ba-eab88c4e1496;373.08;0.66;BUY
2016-02-10T00:04:02.310000;2016-02-10T00:04:02.363000;8a5898dc-8b53-45cb-8237-f325dc890398;373.09;0.195;BUY
2016-02-10T00:04:02.310000;2016-02-10T00:04:02.363000;47928681-875e-4db1-bbda-b4bf3186ea39;373.09;0.88;BUY
2016-02-10T00:04:02.310000;2016-02-10T00:04:02.393000;7d1ee254-e519-4e43-beb8-bef44e03f764;373.1;0.02;BUY
2016-02-10T00:04:02.310000;2016-02-10T00:04:02.393000;5bf4aedb-e650-4a59-8e32-c8c0c669617a;373.11;1.76;BUY
2016-02-10T00:04:02.310000;2016-02-10T00:04:02.393000;981788c1-577f-4305-a81a-cd78f856c7d9;373.12;0.172;BUY
2016-02-10T00:04:02.310000;2016-02-10T00:04:02.393000;9513f020-940a-4e1d-93a6-074fcba23d63;373.13;0.3161;BUY
2016-02-10T00:04:35.503000;2016-02-10T00:04:35.520000;f55fbf75-a0ae-438f-abcd-18b5cf40b5fc;372.91;0.01;SELL
2016-02-10T00:04:35.503000;2016-02-10T00:04:35.550000;3111c723-84db-48b1-900b-0ec0f3bb410c;372.9;0.01;SELL
2016-02-10T00:04:35.503000;2016-02-10T00:04:35.550000;c498d532-2756-4d9c-ac36-6224c85cdf18;372.9;0.01;SELL
2016-02-10T00:04:35.503000;2016-02-10T00:04:35.550000;f7a27461-cb29-4f9c-bdad-fe143bf0f548;372.88;0.01;SELL
2016-02-10T00:04:35.503000;2016-02-10T00:04:35.550000;d83c89da-dfa7-41b0-9c96-087b15764186;372.88;0.01;SELL
2016-02-10T00:04:35.503000;2016-02-10T00:04:35.550000;33092409-463d-45c8-a430-35c79ebc03d6;372.88;0.123;SELL
2016-02-10T00:04:35.503000;2016-02-10T00:04:35.550000;38004546-387c-40d9-a19c-6c8b2b753453;372.86;0.01;SELL
2016-02-10T00:04:35.507000;2016-02-10T00:04:35.567000;f7339381-ee9a-4e09-bfdc-4a038a055e3d;372.85;0.121;SELL
2016-02-10T00:04:35.507000;2016-02-10T00:04:35.567000;3bd3b79b-3e7b-4b4e-806a-0f71443701c4;372.82;0.075;SELL
2016-02-10T00:04:35.507000;2016-02-10T00:04:35.567000;301ca212-f519-48d1-be88-044d3554bb3b;372.79;0.092;SELL
2016-02-10T00:04:35.507000;2016-02-10T00:04:35.567000;337304b2-eba3-4de7-8e69-1de66db28747;372.79;0.21;SELL
2016-02-10T00:04:35.507000;2016-02-10T00:04:35.567000;c6f9d6b1-0906-4ae0-8aa5-c6cddd7800f4;372.76;0.121;SELL
2016-02-10T00:04:35.507000;2016-02-10T00:04:35.567000;58046b5b-e44f-4cae-b415-d9ce7c71eba2;372.75;0.01;SELL
2016-02-10T00:04:35.507000;2016-02-10T00:04:35.567000;6c841b10-aacb-4fd6-b83b-2916708cf938;372.75;0.0115;SELL
2016-02-10T00:04:35.507000;2016-02-10T00:04:35.567000;6d1b7598-cfa4-4c91-83d6-4236e45a16cf;372.74;0.66;SELL
2016-02-10T00:04:35.507000;2016-02-10T00:04:35.567000;95be56f4-a6e2-4831-b7d2-504da34da494;372.73;0.129;SELL
2016-02-10T00:04:35.507000;2016-02-10T00:04:35.583000;8ad42307-0709-4a8c-86b6-bdab13ec697a;372.73;0.66;SELL
2016-02-10T00:04:35.507000;2016-02-10T00:04:35.583000;e2916b7b-79da-4339-ae36-afc15b81f291;372.72;1.0;SELL
2016-02-10T00:04:35.507000;2016-02-10T00:04:35.583000;5c5a2e27-66b5-433d-8690-56ed1a6a6c01;372.71;0.88;SELL
2016-02-10T00:04:35.507000;2016-02-10T00:04:35.583000;ea3f5d21-9167-44f9-b780-ff23af8ee1bf;372.7;0.01;SELL
2016-02-10T00:04:35.507000;2016-02-10T00:04:35.613000;eabfb3ea-6060-414a-be44-9d2948b4b73c;372.7;0.085;SELL
2016-02-10T00:04:35.507000;2016-02-10T00:04:35.630000;cea3b649-4fce-449b-bbbe-f17a3ca63fe6;372.7;0.2526;SELL
2016-02-10T00:04:35.507000;2016-02-10T00:04:35.630000;787dfbf7-c600-481a-80c1-b801dffcee01;372.7;0.66;SELL
2016-02-10T00:04:35.507000;2016-02-10T00:04:35.630000;713e8d85-1a64-434e-bd46-130d6fc8f165;372.69;1.9995;SELL
2016-02-10T00:04:35.507000;2016-02-10T00:04:35.630000;7e2f27d4-e6fb-4434-8fd6-29eda32e031d;372.68;5.8404;SELL
2016-02-10T00:05:34.817000;2016-02-10T00:05:34.833000;e78e127b-fed5-4c99-9547-01a63fc220fb;372.74;3.681;BUY
2016-02-10T00:05:34.817000;2016-02-10T00:05:34.847000;f5472dc2-3512-4318-8be7-b65fd217430a;372.74;0.39476;BUY
2016-02-10T00:06:02.157000;2016-02-10T00:06:02.177000;f1b39ec1-b769-49c9-a908-76c6fe066081;372.74;1.98892;BUY
2016-02-10T00:06:42.250000;2016-02-10T00:06:42.270000;3909c5df-7b02-4f2b-ae51-132c8e4bcd4f;372.74;0.31117146;BUY
2016-02-10T00:06:46.247000;2016-02-10T00:06:46.270000;ab9ffc37-2e5e-42df-9095-b9a2f9f10e9f;372.73;0.01;SELL
2016-02-10T00:06:46.247000;2016-02-10T00:06:46.270000;82c4d606-2005-4003-87a3-ab6056d9f2f9;372.72;0.01;SELL
2016-02-10T00:06:46.247000;2016-02-10T00:06:46.270000;d9ae6f80-3e0c-4515-a2ec-e6701ce320c5;372.72;0.01;SELL
2016-02-10T00:06:46.247000;2016-02-10T00:06:46.270000;b63e23e8-f9d7-4e53-83a4-9fcc9c6c8f70;372.68;0.02124;SELL
2016-02-10T00:07:01.817000;2016-02-10T00:07:01.833000;5cbc7641-3d8a-4b4f-b6ec-5b38a6a8cfc1;372.7;0.0125;BUY
2016-02-10T00:08:20.170000;2016-02-10T00:08:20.177000;b4db1915-47ab-4463-9d53-73393a765f0a;372.7;0.3;BUY
2016-02-10T00:08:20.170000;2016-02-10T00:08:20.177000;356ee91a-7d28-4e9b-bade-f66719de08bf;372.7;0.444;BUY
2016-02-10T00:08:20.170000;2016-02-10T00:08:20.177000;d872ed21-b457-4764-aa5b-1f0d5889d902;372.7;0.283403;BUY
2016-02-10T00:08:31.897000;2016-02-10T00:08:31.927000;c05f983a-65e0-4f65-ab93-1fa2f6a213e0;372.7;4.12778;BUY
2016-02-10T00:09:31.767000;2016-02-10T00:09:31.770000;bc2556ca-23c9-45d6-b650-4de13a95d2ba;372.7;0.551817;BUY
2016-02-10T00:09:31.767000;2016-02-10T00:09:31.787000;e714850c-64a1-41df-ac50-648df12c24a9;372.7;3.175723;BUY
2016-02-10T00:10:02.170000;2016-02-10T00:10:02.177000;5ef4b539-0a48-4bf8-a6a9-7efed86c97ef;372.69;0.01;SELL
2016-02-10T00:10:02.170000;2016-02-10T00:10:02.193000;06709e62-0529-4c95-a0cd-2424b2250404;372.68;0.01925;SELL
2016-02-10T00:10:32.013000;2016-02-10T00:10:32.020000;96aa6767-fa41-40f4-868d-5b9d74181bed;372.68;0.08236;SELL
2016-02-10T00:10:32.013000;2016-02-10T00:10:32.037000;20bb9c20-7038-47c6-a37a-a921ff53fa13;372.65;0.01;SELL
2016-02-10T00:10:32.017000;2016-02-10T00:10:32.037000;b2f6537c-e93f-4d59-a847-9173dc353f32;372.63;0.01;SELL
2016-02-10T00:10:32.017000;2016-02-10T00:10:32.037000;25fef4c0-7eff-437b-90cc-5364491be351;372.62;0.12;SELL
2016-02-10T00:10:32.017000;2016-02-10T00:10:32.037000;6cae1a40-ffeb-4ac4-b818-f30a9af356e3;372.61;0.01;SELL
2016-02-10T00:10:32.017000;2016-02-10T00:10:32.037000;3c90db0b-4c97-4732-b8bb-7cc59dd7a28b;372.59;0.01;SELL
2016-02-10T00:10:32.017000;2016-02-10T00:10:32.037000;8fb6b488-da1b-4f76-ae6b-fdaf86b14ac5;372.59;0.123;SELL
2016-02-10T00:10:32.017000;2016-02-10T00:10:32.050000;de299a53-033d-4684-aaa0-250c01f2d48a;372.56;0.01;SELL
2016-02-10T00:10:32.017000;2016-02-10T00:10:32.050000;d6ecb39c-6004-438f-a75e-0940341a1d28;372.56;0.081;SELL
2016-02-10T00:10:32.017000;2016-02-10T00:10:32.050000;20087b53-826f-48e5-a799-a49e1aa25e50;372.55;0.112;SELL
2016-02-10T00:10:32.017000;2016-02-10T00:10:32.067000;596e0ea8-5703-4c14-8630-a2da94779ae1;372.54;0.01;SELL
2016-02-10T00:10:32.017000;2016-02-10T00:10:32.067000;11a2f5e3-2ab9-48b0-b664-95612716b291;372.52;0.01;SELL
2016-02-10T00:10:32.017000;2016-02-10T00:10:32.113000;9e8148e7-de8c-4b40-bf6e-b4dbf7fdb0ff;372.52;0.01;SELL
2016-02-10T00:10:32.017000;2016-02-10T00:10:32.113000;c861a6ee-fc3e-4ab8-9f8c-fc0a04c57c7c;372.52;0.079;SELL
2016-02-10T00:10:32.017000;2016-02-10T00:10:32.113000;586879bb-d7ef-4a51-b257-7c0cfafbe492;372.5;0.01;SELL
2016-02-10T00:10:32.017000;2016-02-10T00:10:32.113000;874af685-ad94-490d-b066-98f78a1df1af;372.5;0.01;SELL
2016-02-10T00:10:32.017000;2016-02-10T00:10:32.113000;b6a0cbc4-65cb-4056-ad71-dd67126a26fa;372.5;0.01;SELL
2016-02-10T00:10:32.017000;2016-02-10T00:10:32.113000;89e8a8a7-4f3b-4e16-aec5-12daeb9ecda5;372.5;0.0115;SELL
2016-02-10T00:10:32.017000;2016-02-10T00:10:32.113000;8deca5fe-fa9c-4b41-8284-2cf268154812;372.49;0.072;SELL
2016-02-10T00:10:32.017000;2016-02-10T00:10:32.113000;0bfe0ab4-9f39-4c1c-98b9-49d47f958d49;372.48;0.01;SELL
2016-02-10T00:10:32.017000;2016-02-10T00:10:32.113000;07cb235b-517d-4ad7-8c0f-1fed3f0a1616;372.48;0.01;SELL
2016-02-10T00:10:32.017000;2016-02-10T00:10:32.113000;52f2535e-dc19-44ca-b794-438a1135d47c;372.46;0.01;SELL
2016-02-10T00:10:32.020000;2016-02-10T00:10:32.130000;a86afe0d-9368-46fd-91eb-b09bc1d74190;372.46;0.01;SELL
2016-02-10T00:10:32.020000;2016-02-10T00:10:32.130000;5590c3ac-ba92-423c-a301-4a18112fa0fa;372.46;0.088;SELL
2016-02-10T00:10:32.020000;2016-02-10T00:10:32.130000;700fed02-720e-4c91-9013-e000c93111ba;372.43;0.085;SELL
2016-02-10T00:10:32.020000;2016-02-10T00:10:32.130000;cbe46171-58f6-4ea5-bba6-a133ba68dabb;372.41;0.44;SELL
2016-02-10T00:10:32.020000;2016-02-10T00:10:32.130000;a41caf58-5b89-4ce1-b831-ca67fa47f5c2;372.4;0.129;SELL
2016-02-10T00:10:32.020000;2016-02-10T00:10:32.130000;03fce8eb-93da-48c3-bbf9-dd360d9a2c48;372.4;0.44;SELL
2016-02-10T00:10:32.020000;2016-02-10T00:10:32.130000;2f37d4e9-c88a-4e4b-9278-250c6bed2ddd;372.39;0.40013;SELL
2016-02-10T00:11:12.247000;2016-02-10T00:11:12.253000;1b25e067-6ab7-4107-94be-ba98338925a5;372.62;0.25;BUY
2016-02-10T00:11:12.247000;2016-02-10T00:11:12.253000;4533eb63-7650-4f80-ba61-ca37cae33c24;372.63;3.84072;BUY
2016-02-10T00:11:31.773000;2016-02-10T00:11:31.810000;0136bb10-ffa0-4fad-832c-305950a9f706;372.67;0.533;BUY
2016-02-10T00:12:31.750000;2016-02-10T00:12:31.777000;9c77ae36-cf0f-41ef-a148-a3a86698f5b0;372.68;0.01;BUY
2016-02-10T00:12:31.750000;2016-02-10T00:12:31.793000;bb3eb451-f463-4acc-85b2-7e1b30bd0efe;372.79;0.01;BUY
2016-02-10T00:12:31.750000;2016-02-10T00:12:31.793000;8c0db57b-c94e-4c0d-a5b4-d3120a8da648;372.79;0.01;BUY
2016-02-10T00:12:31.750000;2016-02-10T00:12:31.793000;1f394950-13e2-4562-aa88-a653eed5f5f5;372.8;0.01;BUY
2016-02-10T00:12:31.750000;2016-02-10T00:12:31.793000;a661f123-bb99-441d-8537-1539867e0b61;372.87;0.01;BUY
2016-02-10T00:12:31.750000;2016-02-10T00:12:31.793000;6332ff66-cbe8-4eea-b8d0-05085d65b9e5;372.91;0.01;BUY
2016-02-10T00:12:31.750000;2016-02-10T00:12:31.810000;a6b9e1c4-da7d-47ff-853c-3c81fa2f3232;372.94;0.01;BUY
2016-02-10T00:12:31.750000;2016-02-10T00:12:31.810000;cf00e9b0-cdc3-40e1-b8b7-e186cdd69da9;372.98;0.88;BUY
2016-02-10T00:12:31.750000;2016-02-10T00:12:31.810000;f12e7294-178b-4943-a9ab-f0b11291fe6e;372.99;0.75266;BUY
2016-02-10T00:13:01.750000;2016-02-10T00:13:01.793000;4da790bb-138d-4a9a-b9af-6e0a6bc61260;372.96;0.01;BUY
2016-02-10T00:13:01.750000;2016-02-10T00:13:01.793000;634d6f76-4c8b-4061-9551-7c92c34fd827;372.98;0.01;BUY
2016-02-10T00:13:01.750000;2016-02-10T00:13:01.793000;8798de38-0deb-43cf-8627-029c51ab400e;373.0;0.01;BUY
2016-02-10T00:13:01.750000;2016-02-10T00:13:01.793000;f9b56260-cd94-45c4-bfc2-e055f1bfb749;373.0;0.87677;BUY
2016-02-10T00:13:09.073000;2016-02-10T00:13:09.107000;2273ebfc-b304-450b-8a6d-850943af1c53;372.9;1.1;SELL
2016-02-10T00:13:09.073000;2016-02-10T00:13:09.123000;20d8ec7c-9e50-4e9d-8dc1-27aeb07e146e;372.89;0.22;SELL
2016-02-10T00:13:09.073000;2016-02-10T00:13:09.123000;b9e9ded9-370b-425b-bc00-c5807f5c8804;372.88;0.01;SELL
2016-02-10T00:13:09.073000;2016-02-10T00:13:09.123000;7242baae-bcda-49aa-a9db-f34d57c678a4;372.82;2.64;SELL
2016-02-10T00:13:09.073000;2016-02-10T00:13:09.123000;20f8a828-7c16-4fc3-b944-2db24dee82bc;372.78;2.2;SELL
2016-02-10T00:13:09.073000;2016-02-10T00:13:09.123000;e3825ef8-fea9-4dbb-8cd9-9c9a157bfc1b;372.77;0.01;SELL
2016-02-10T00:13:09.073000;2016-02-10T00:13:09.137000;c8864e6e-31a0-4591-b390-b70fca3546ed;372.77;2.0;SELL
2016-02-10T00:13:09.073000;2016-02-10T00:13:09.137000;2fdf6a29-2c2c-4d6c-9ae9-794a09289fed;372.74;1.76;SELL
2016-02-10T00:13:09.073000;2016-02-10T00:13:09.137000;da604592-1d22-43a7-b562-101f5197288b;372.73;0.01;SELL
2016-02-10T00:13:09.073000;2016-02-10T00:13:09.137000;7e9ed2d0-82be-4414-8382-6341aa5bda82;372.73;2.42;SELL
2016-02-10T00:13:09.077000;2016-02-10T00:13:09.137000;bb540168-9fce-4164-bcf8-1deea9002344;372.72;0.01;SELL
2016-02-10T00:13:09.077000;2016-02-10T00:13:09.137000;79a1c701-6f32-4dfa-a536-0bc032ae4a2b;372.68;3.74;SELL
2016-02-10T00:13:09.077000;2016-02-10T00:13:09.170000;49db9f56-4597-4a66-b1b7-5995bd277217;372.67;1.749;SELL
2016-02-10T00:13:09.077000;2016-02-10T00:13:09.170000;a892eedd-df15-40ac-bd8f-30dc18e80fb7;372.58;2.131;SELL
2016-02-10T00:14:01.600000;2016-02-10T00:14:01.637000;d491e4b4-cce1-45a0-9d26-89165a644ca1;372.93;0.01;BUY
2016-02-10T00:14:01.600000;2016-02-10T00:14:01.653000;93731c35-0660-4760-b390-5bb016b47ff5;372.93;0.01;BUY
2016-02-10T00:14:01.600000;2016-02-10T00:14:01.653000;3c7605df-ad23-4258-93ef-2090c813ffbb;372.95;0.01;BUY
2016-02-10T00:14:01.600000;2016-02-10T00:14:01.653000;748e101e-ea67-4d26-af3b-a0c186707f2e;372.97;0.01;BUY
2016-02-10T00:14:01.600000;2016-02-10T00:14:01.653000;cd217794-47e5-4466-add3-10d9829b4ce3;372.99;0.01;BUY
2016-02-10T00:14:01.600000;2016-02-10T00:14:01.653000;57c9b90f-f759-4ac0-9292-d161179fc3fa;373.0;0.12323;BUY
2016-02-10T00:14:01.600000;2016-02-10T00:14:01.653000;39d6f2e0-3cfe-4fd7-80a1-1f8d309983e8;373.0;0.09682;BUY
2016-02-10T00:14:35.433000;2016-02-10T00:14:35.467000;7fe70769-900a-42d0-8020-0a32587d1865;372.99;0.1452;BUY
2016-02-10T00:14:35.470000;2016-02-10T00:14:35.497000;ef537112-7358-4e3e-887f-6a691b37d811;372.99;0.0448;BUY
2016-02-10T00:15:00.290000;2016-02-10T00:15:00.340000;a258e90a-6c36-4a9a-a20c-e3318c46a64c;372.99;0.06;BUY
2016-02-10T00:15:00.290000;2016-02-10T00:15:00.340000;e5ade6a0-40aa-4d8d-a172-df7adbdc9f89;372.99;1.54;BUY
2016-02-10T00:15:00.290000;2016-02-10T00:15:00.340000;1caf9e6e-4225-477e-8f28-e51ebf885c7b;373.0;0.15318;BUY
2016-02-10T00:15:00.290000;2016-02-10T00:15:00.340000;7e832e11-4727-4fe0-ad2f-1abd72af7613;373.03;3.61578;BUY
2016-02-10T00:15:01.867000;2016-02-10T00:15:01.887000;64ca66b9-7060-4318-a45f-399cebc1542f;373.05;1.56295;BUY
2016-02-10T00:15:08.273000;2016-02-10T00:15:08.310000;0a7fe27c-029b-4f1e-a9f1-3eabdc858e7d;373.03;0.09;BUY
2016-02-10T00:15:33.370000;2016-02-10T00:15:33.403000;84715ab4-1198-4e6d-951c-3326487d2f0e;372.95;0.25;BUY
2016-02-10T00:15:33.370000;2016-02-10T00:15:33.420000;51c440c7-b148-456c-8b4d-5228b20cffe5;372.99;0.19577;BUY
2016-02-10T00:16:31.943000;2016-02-10T00:16:31.967000;afaf9cb7-ee6f-4f61-a918-248623389c33;372.93;0.01;SELL
2016-02-10T00:16:31.943000;2016-02-10T00:16:31.980000;9c38e58a-de77-438f-898e-599d8920344d;372.93;0.02;SELL
2016-02-10T00:16:31.943000;2016-02-10T00:16:31.980000;fe72de10-3674-4b98-8d5f-a05594f1861a;372.93;0.123;SELL
2016-02-10T00:16:31.943000;2016-02-10T00:16:31.980000;855edd35-08e5-4561-8b0c-4af3541c69d9;372.92;0.01;SELL
2016-02-10T00:16:31.943000;2016-02-10T00:16:31.980000;2510b377-98aa-4028-be96-936955049366;372.91;0.2502;SELL
2016-02-10T00:16:31.943000;2016-02-10T00:16:32.060000;6b0cf2a8-693b-4aff-a663-c2e4fe86fff8;372.9;1.83982;SELL
2016-02-10T00:17:01.740000;2016-02-10T00:17:01.777000;ed9ea96b-c8e1-4930-8bd1-185e92009af0;372.94;0.06777;BUY
2016-02-10T00:17:27.147000;2016-02-10T00:17:27.170000;724db1d1-f780-4d5f-89d1-637277bd41cf;372.91;0.29219885;SELL
2016-02-10T00:17:34.140000;2016-02-10T00:17:34.170000;11371355-9e90-4159-8191-0f7c8cc415a7;372.91;0.01819;SELL
2016-02-10T00:18:32.010000;2016-02-10T00:18:32.027000;1ab8b743-a589-4b26-9141-d41c499f27bc;372.92;0.25;BUY
2016-02-10T00:18:32.010000;2016-02-10T00:18:32.043000;a9142b55-0746-4523-a99c-c979c9e5af23;372.92;0.46517;BUY
2016-02-10T00:18:55.477000;2016-02-10T00:18:55.497000;a44bf272-78b1-4293-b060-de52938cba0e;372.91;0.817;SELL
2016-02-10T00:18:55.480000;2016-02-10T00:18:55.527000;2c438722-cbb7-49ac-b550-29da41c31bb5;372.9;3.36018;SELL
2016-02-10T00:18:55.480000;2016-02-10T00:18:55.527000;6b46ab20-c7d7-4eed-a7de-7608607c9092;372.88;0.911;SELL
2016-02-10T00:18:55.480000;2016-02-10T00:18:55.527000;d68f2605-d2c2-429c-964c-ca5c54423fb9;372.87;0.01;SELL
2016-02-10T00:18:55.480000;2016-02-10T00:18:55.527000;827ba4ea-ed40-4a9b-909e-89b2199ad142;372.85;0.01;SELL
2016-02-10T00:18:55.480000;2016-02-10T00:18:55.527000;3bb70255-495c-48f1-bda4-cfdd6ed5eda3;372.85;0.608;SELL
2016-02-10T00:18:55.480000;2016-02-10T00:18:55.527000;64c1d4f7-7be1-4af1-a6a9-6b4da8c61028;372.85;0.917;SELL
2016-02-10T00:18:55.480000;2016-02-10T00:18:55.527000;1ca11922-218d-4697-b099-e180f6042cfd;372.82;0.906;SELL
2016-02-10T00:18:55.480000;2016-02-10T00:18:55.543000;222d5d3f-65e3-44cb-b694-f7037fbab853;372.8;0.01;SELL
2016-02-10T00:18:55.480000;2016-02-10T00:18:55.543000;ed25d794-1830-4dfa-8677-82dba7f4d908;372.79;0.826;SELL
2016-02-10T00:18:55.480000;2016-02-10T00:18:55.543000;00691a7e-1cb1-4a97-a6e4-cd1e6f01301b;372.76;0.84;SELL
2016-02-10T00:18:55.480000;2016-02-10T00:18:55.543000;1bd340a0-117f-4943-826d-f087d2bd47f4;372.75;0.0115;SELL
2016-02-10T00:18:55.480000;2016-02-10T00:18:55.560000;b3122825-e84d-487b-8ce2-b8e7b8f49745;372.73;0.01;SELL
2016-02-10T00:18:55.480000;2016-02-10T00:18:55.577000;0d45b407-272c-4179-9aa3-1ea4df3dea15;372.73;0.869;SELL
2016-02-10T00:18:55.480000;2016-02-10T00:18:55.577000;d6c2bd06-425f-4f77-8b6f-dec7e673a5ab;372.7;0.01;SELL
2016-02-10T00:18:55.480000;2016-02-10T00:18:55.577000;28abb6ed-018f-4f3b-a027-9d2d104d99e0;372.7;0.812;SELL
2016-02-10T00:18:55.480000;2016-02-10T00:18:55.577000;fcd3d355-85d9-4d45-abb7-c285ebe476db;372.67;0.854;SELL
2016-02-10T00:18:55.480000;2016-02-10T00:18:55.577000;9988aaae-6df2-432a-a05b-9508b84343d8;372.64;0.863;SELL
2016-02-10T00:18:55.480000;2016-02-10T00:18:55.577000;c180b8b9-b340-4623-9cd4-88f19f1ff5ad;372.62;1.1;SELL
2016-02-10T00:18:55.480000;2016-02-10T00:18:55.590000;af72fb1c-66c6-4020-9c33-d89725faa154;372.61;0.833;SELL
2016-02-10T00:18:55.480000;2016-02-10T00:18:55.590000;f1524418-8dac-4149-a210-792672685aa3;372.59;1.42232;SELL
2016-02-10T00:18:58.670000;2016-02-10T00:18:58.683000;7c655002-a9d6-4636-9e34-3bfb8662e0e9;372.88;0.56;BUY
2016-02-10T00:19:02.003000;2016-02-10T00:19:02.027000;8333d904-4981-428c-8fde-1110deb399b4;372.84;0.25;BUY
2016-02-10T00:19:02.003000;2016-02-10T00:19:02.043000;08419282-24b8-4461-a4ef-50906372d87e;372.85;0.86628;BUY
2016-02-10T00:19:39.407000;2016-02-10T00:19:39.433000;64208272-8394-4dea-99d9-187e8e0681ca;372.72;0.01;SELL
2016-02-10T00:19:39.407000;2016-02-10T00:19:39.450000;7de443cb-d79c-415d-a4c8-fe5fe3e2e896;372.72;0.087;SELL
2016-02-10T00:19:39.407000;2016-02-10T00:19:39.450000;ccb11a4c-87e3-4dc7-9116-af37b05c1cb7;372.7;1.582;SELL
2016-02-10T00:19:39.407000;2016-02-10T00:19:39.450000;b90d76b4-5157-4184-898b-ec8ce008a3b4;372.69;0.01;SELL
2016-02-10T00:19:39.407000;2016-02-10T00:19:39.450000;1d65500c-d9f5-451d-99a8-d92e95cd37c3;372.67;0.01;SELL
2016-02-10T00:19:39.407000;2016-02-10T00:19:39.450000;70e1df6d-3849-4bcf-9787-5df2543de124;372.66;0.114;SELL
2016-02-10T00:19:39.407000;2016-02-10T00:19:39.467000;8b8991be-7b0d-47d7-a648-c7dbe2b229d4;372.63;0.126;SELL
2016-02-10T00:19:39.407000;2016-02-10T00:19:39.467000;4483f8fc-6001-4b8b-8745-e63f219ee384;372.63;0.35;SELL
2016-02-10T00:19:39.407000;2016-02-10T00:19:39.467000;74baa6b2-21d0-4b05-b513-ad59c90f262f;372.6;0.103;SELL
2016-02-10T00:19:39.407000;2016-02-10T00:19:39.497000;9f7756e6-0bc6-446c-88db-7658473c05bd;372.58;1.0;SELL
2016-02-10T00:19:39.407000;2016-02-10T00:19:39.497000;5ac91461-9e6d-4512-b932-6cb42532ac20;372.57;0.106;SELL
2016-02-10T00:19:39.407000;2016-02-10T00:19:39.513000;1405e59f-49cc-4ebd-b2ca-a1fd8256105c;372.54;0.096;SELL
2016-02-10T00:19:39.410000;2016-02-10T00:19:39.513000;2cc390e7-7b8d-4612-9f68-f99401ea2b67;372.51;0.091;SELL
2016-02-10T00:19:39.410000;2016-02-10T00:19:39.513000;069271dc-ef82-48bd-90ba-db2fc5eabda1;372.48;0.122;SELL
2016-02-10T00:19:39.410000;2016-02-10T00:19:39.513000;cc34f0a8-de9c-4662-a16b-b00c0a0a6e4d;372.47;0.87343;SELL
2016-02-10T00:20:01.810000;2016-02-10T00:20:01.827000;1779aa8b-7d78-443d-bcdf-a2e2710b57eb;372.56;0.25;BUY
2016-02-10T00:20:01.810000;2016-02-10T00:20:01.840000;a1f46c3a-44f2-4d07-88ba-865e4bfea423;372.56;0.2502;BUY
2016-02-10T00:20:01.810000;2016-02-10T00:20:01.840000;6fc26208-a844-4c6d-bc2e-85810f3c7d45;372.63;0.82892;BUY
2016-02-10T00:20:31.887000;2016-02-10T00:20:31.903000;d5dd09d8-aac6-4c36-9e79-92d9647230c8;372.67;0.06143;SELL
2016-02-10T00:21:01.937000;2016-02-10T00:21:01.950000;a782d5f8-1fab-423b-88a8-3e1fede60089;372.56;0.63267;SELL
2016-02-10T00:21:07.887000;2016-02-10T00:21:07.903000;a0ccfe9f-806d-4df0-bc4c-5a251ace2787;372.7;0.01;SELL
2016-02-10T00:21:32.063000;2016-02-10T00:21:32.077000;1458a34b-8c15-4c08-b51b-d34cf68c7398;372.71;0.01;BUY
2016-02-10T00:21:32.063000;2016-02-10T00:21:32.090000;c26603c6-3d44-46bd-9a5b-63ced59c26be;372.72;0.25;BUY
2016-02-10T00:21:32.063000;2016-02-10T00:21:32.090000;fe247428-2916-4f98-aa00-205f615ddf59;372.74;0.02;BUY
2016-02-10T00:21:32.063000;2016-02-10T00:21:32.090000;212a426e-bb3b-45a8-90a0-c318814dd19c;372.74;0.22;BUY
2016-02-10T00:21:32.063000;2016-02-10T00:21:32.090000;55395551-9732-4442-881b-6a10cfb8731a;372.75;0.01;BUY
2016-02-10T00:21:32.067000;2016-02-10T00:21:32.123000;16cf8c1c-2a66-4976-a523-c9bd9b4f4a46;372.82;0.074;BUY
2016-02-10T00:21:32.067000;2016-02-10T00:21:32.123000;6e622353-dab2-47a1-bdae-5ecb09bdc3ba;372.83;0.01;BUY
2016-02-10T00:21:32.067000;2016-02-10T00:21:32.123000;d5f7be3b-31ab-48c3-899b-0272a2bfaa97;372.83;0.66;BUY
2016-02-10T00:21:32.067000;2016-02-10T00:21:32.123000;af8a14ce-6576-4fa0-bf2b-0e3004e64fec;372.84;0.01;BUY
2016-02-10T00:21:32.067000;2016-02-10T00:21:32.123000;4f2d0725-55da-4de5-bff7-3a938dbb92f4;372.84;1.0;BUY
2016-02-10T00:21:32.067000;2016-02-10T00:21:32.123000;6e459e46-f0e3-4474-a300-c1f8f79633c9;372.84;0.18952;BUY
2016-02-10T00:22:02.137000;2016-02-10T00:22:02.153000;f35a2047-874c-435e-a682-ff6163ee41de;372.84;0.01;BUY
2016-02-10T00:22:02.137000;2016-02-10T00:22:02.170000;a7afb4ba-a257-41e7-b6b8-dfe060e01193;372.84;0.1;BUY
2016-02-10T00:22:02.137000;2016-02-10T00:22:02.170000;0f585efd-76a9-40c3-b204-6a198553572e;372.87;0.127;BUY
2016-02-10T00:22:02.137000;2016-02-10T00:22:02.170000;4f853eec-7b3a-4aff-89e5-6fa03e2a6c32;372.88;0.03;BUY
2016-02-10T00:22:02.137000;2016-02-10T00:22:02.170000;25583aa2-2f3d-4db3-bf8f-013d93019b0c;372.89;0.44;BUY
2016-02-10T00:22:02.137000;2016-02-10T00:22:02.170000;31db4ef9-6ed0-438b-a8f5-11780c0876fe;372.9;0.01;BUY
2016-02-10T00:22:02.137000;2016-02-10T00:22:02.170000;31b510c7-b9f5-4fb1-a24f-2bf09c2ccd71;372.9;0.119;BUY
2016-02-10T00:22:02.137000;2016-02-10T00:22:02.183000;0307a28c-4058-4bfc-990b-41e51e4bf8be;372.9;4.46941;BUY
2016-02-10T00:22:33.760000;2016-02-10T00:22:33.793000;a620f818-6fd0-44fc-9e33-131153673d0a;372.83;0.02;SELL
2016-02-10T00:22:33.760000;2016-02-10T00:22:33.793000;297ac2dd-a116-4a43-a43f-63281520557c;372.78;0.01;SELL
2016-02-10T00:22:33.760000;2016-02-10T00:22:33.793000;5c7debba-51bb-4a70-9bc3-e332d39b8a5b;372.71;0.111;SELL
2016-02-10T00:22:33.760000;2016-02-10T00:22:33.793000;e4bf4c76-83b6-4c35-b84e-9615e296d7c6;372.69;0.08;SELL
2016-02-10T00:22:33.760000;2016-02-10T00:22:33.793000;9b9a74e2-afa8-42cf-87e1-f954447f1354;372.69;0.22;SELL
2016-02-10T00:22:33.760000;2016-02-10T00:22:33.810000;71ee5af9-fe52-4fe9-b32a-65f3d51f01a3;372.69;0.35;SELL
2016-02-10T00:22:33.760000;2016-02-10T00:22:33.810000;c6df6893-40dd-41bc-a981-c794460f8b93;372.68;0.112;SELL
2016-02-10T00:22:33.760000;2016-02-10T00:22:33.810000;6fcc5ad0-a294-41d8-b8d6-2b64c2dcce4d;372.68;0.01;SELL
2016-02-10T00:22:33.760000;2016-02-10T00:22:33.810000;e8ce31dc-7715-499a-89a1-6d5ff62c8ace;372.67;1.0;SELL
2016-02-10T00:22:33.760000;2016-02-10T00:22:33.827000;18f8bbae-67c2-4ec1-8421-c67020731fe8;372.67;0.44;SELL
2016-02-10T00:22:33.760000;2016-02-10T00:22:33.827000;420190fe-93ba-46ee-88cb-4be6a76be1fe;372.66;0.121;SELL
2016-02-10T00:22:33.760000;2016-02-10T00:22:33.827000;9226ba47-6285-449d-852d-084aff47d3ac;372.66;0.02729;SELL
2016-02-10T00:23:01.943000;2016-02-10T00:23:01.950000;47e819f5-83e2-4a78-96c1-e892a9f30ef7;372.84;0.26971;BUY
2016-02-10T00:23:31.930000;2016-02-10T00:23:31.950000;ad2960ec-5ced-4cf4-824e-1c3978244e7f;372.87;0.01;BUY
2016-02-10T00:23:31.930000;2016-02-10T00:23:31.950000;49714499-2f66-45d9-bdc9-ebc86c984f48;372.87;0.104;BUY
2016-02-10T00:23:31.930000;2016-02-10T00:23:31.950000;4402268b-656c-42ed-ad8e-b320c043e77f;372.9;0.106;BUY
2016-02-10T00:23:31.930000;2016-02-10T00:23:31.950000;c79fa2e8-d5d1-44e1-9e0c-a597368dc9e8;372.92;0.01;BUY
2016-02-10T00:23:31.930000;2016-02-10T00:23:31.950000;67362fbe-8745-4cff-a2d0-e45aeda14d8b;372.93;0.083;BUY
2016-02-10T00:23:31.930000;2016-02-10T00:23:31.950000;3e7244db-2e96-4735-90b8-d324789b475b;372.96;0.13;BUY
2016-02-10T00:23:31.930000;2016-02-10T00:23:31.950000;dc64a6fa-d9ae-4627-aa12-344afbe305da;372.98;0.47388;BUY
2016-02-10T00:24:02.497000;2016-02-10T00:24:02.513000;7dd8a018-a5e1-4dfc-b674-833e8b103e3f;373.0;0.01;BUY
2016-02-10T00:24:02.497000;2016-02-10T00:24:02.513000;29c1d4ab-e568-4011-b674-92a97c18d20f;373.03;0.104;BUY
2016-02-10T00:24:02.497000;2016-02-10T00:24:02.527000;11be5a28-47d1-4ce7-9fa4-f3c3a0494575;373.04;0.01;BUY
2016-02-10T00:24:02.497000;2016-02-10T00:24:02.527000;ddf5bcf3-53a1-4562-a9b6-b6eeec235592;373.04;0.121;BUY
2016-02-10T00:24:02.500000;2016-02-10T00:24:02.527000;7bb9cf55-e678-47d3-b914-092aee9df9ba;373.05;0.064;BUY
2016-02-10T00:24:23.203000;2016-02-10T00:24:23.217000;027599f5-b606-485d-9c6a-1a0275792c6b;373.01;0.22;SELL
2016-02-10T00:24:23.203000;2016-02-10T00:24:23.217000;bab45fe1-d4b1-4cea-8d37-29bf7edd8c63;373.0;0.02;SELL
2016-02-10T00:24:23.203000;2016-02-10T00:24:23.217000;8ec4d00d-e815-4a63-b285-a7f763116254;373.0;0.095;SELL
2016-02-10T00:24:23.203000;2016-02-10T00:24:23.230000;f02ef1bd-03d8-47d6-97f7-2de0a1cb2d4b;372.98;0.44;SELL
2016-02-10T00:24:23.203000;2016-02-10T00:24:23.230000;196b68ec-93f0-4a51-a27d-d7d910ee607e;372.97;0.573;SELL
2016-02-10T00:24:23.203000;2016-02-10T00:24:23.230000;2b85bad2-a961-4d4f-9dd1-56ab5a6f4b0c;372.94;0.66;SELL
2016-02-10T00:24:23.203000;2016-02-10T00:24:23.230000;158a1ed7-0188-4a03-bb0d-c8885d8c2d50;372.93;0.312;SELL
2016-02-10T00:24:23.203000;2016-02-10T00:24:23.247000;201ff3d1-efe3-457b-92dd-5d92318145e0;372.93;0.44;SELL
2016-02-10T00:24:23.203000;2016-02-10T00:24:23.247000;168d0e2d-cf59-49f9-93ab-7b8aca0416f4;372.92;0.01;SELL
2016-02-10T00:24:23.203000;2016-02-10T00:24:23.247000;7b2f029a-f1a7-4066-abff-1689b91c5073;372.9;1.32;SELL
2016-02-10T00:24:23.203000;2016-02-10T00:24:23.247000;a1392ed9-1b84-4969-b565-e1872f45432b;372.89;0.119;SELL
2016-02-10T00:24:23.203000;2016-02-10T00:24:23.247000;29757315-8012-4d39-af55-9c2a7f77fb04;372.89;1.54;SELL
2016-02-10T00:24:23.207000;2016-02-10T00:24:23.247000;2f42a499-84bc-4947-9c76-37801d137633;372.88;0.03;SELL
2016-02-10T00:24:23.207000;2016-02-10T00:24:23.247000;4209428c-ab88-4ebd-8ad2-bcbf7d0c1a9c;372.88;2.0;SELL
2016-02-10T00:24:23.207000;2016-02-10T00:24:23.280000;8d75262e-fe24-4623-b7fc-bc3233f32655;372.87;2.2;SELL
2016-02-10T00:24:23.207000;2016-02-10T00:24:23.280000;df4b846e-3120-45ac-942c-80f3189bb545;372.86;0.118;SELL
2016-02-10T00:24:23.207000;2016-02-10T00:24:23.280000;6ef1b9d5-e35e-47ec-97b7-3c9534d556e1;372.83;3.74;SELL
2016-02-10T00:24:23.207000;2016-02-10T00:24:23.280000;d4b2ebcd-23b4-493b-8248-77f5f0613d32;372.82;1.408;SELL
2016-02-10T00:24:23.207000;2016-02-10T00:24:23.280000;ae384858-4fb7-4ba0-9293-8cc74b6900a9;372.75;1.755;SELL
2016-02-10T00:24:32.627000;2016-02-10T00:24:32.637000;795251aa-e502-4210-8d90-dd1a96b260a4;373.04;0.01;BUY
2016-02-10T00:24:32.627000;2016-02-10T00:24:32.637000;bbbcac4a-71d2-47f1-afc8-7fd1916fb702;373.06;0.01;BUY
2016-02-10T00:24:32.627000;2016-02-10T00:24:32.670000;d628f174-3e57-4079-b35d-587e0f76c184;373.09;0.01;BUY
2016-02-10T00:24:32.627000;2016-02-10T00:24:32.670000;41b6edd6-c4db-4431-8d64-c8102910884f;373.09;0.112;BUY
2016-02-10T00:24:32.627000;2016-02-10T00:24:32.670000;f8092803-b571-44e0-ad9a-437bde5a8dba;373.1;0.01;BUY
2016-02-10T00:24:32.627000;2016-02-10T00:24:32.670000;09bfbeba-d4a6-4b92-a523-dc124630d74b;373.1;0.31;BUY
2016-02-10T00:24:32.627000;2016-02-10T00:24:32.670000;3cf0424e-1cf4-4e72-afa7-b488fd66fa74;373.13;0.07032;BUY
2016-02-10T00:25:01.767000;2016-02-10T00:25:01.793000;d07fa30b-955c-451e-aba1-7d2d2e14f8e2;373.04;0.01;BUY
2016-02-10T00:25:01.767000;2016-02-10T00:25:01.793000;7da2b5c4-c7fe-4357-82c9-542fb4ca2c32;373.04;0.02;BUY
2016-02-10T00:25:01.770000;2016-02-10T00:25:01.793000;0d85c9d8-5927-48fa-ac7a-04d12be0b0cd;373.11;0.01;BUY
2016-02-10T00:25:01.770000;2016-02-10T00:25:01.793000;492d1321-5019-4068-bc28-1d167cdb3d88;373.13;0.25;BUY
2016-02-10T00:25:01.770000;2016-02-10T00:25:01.793000;fa13284a-8fe6-4bd9-b4de-b9e036adb635;373.13;0.087;BUY
2016-02-10T00:25:01.770000;2016-02-10T00:25:01.793000;31559452-7836-4f33-b8ec-4c744bab73e9;373.14;0.01;BUY
2016-02-10T00:25:01.770000;2016-02-10T00:25:01.810000;900351fa-45d1-49f8-b9c9-6c1aa1b4c2b7;373.14;0.05;BUY
2016-02-10T00:25:01.770000;2016-02-10T00:25:01.810000;b3e13afc-5854-4e2b-9758-1ad3489e5d67;373.15;0.01;BUY
2016-02-10T00:25:01.770000;2016-02-10T00:25:01.810000;7d947aec-5f8e-4fe7-9c15-2e41872a33ff;373.15;0.02;BUY
2016-02-10T00:25:01.770000;2016-02-10T00:25:01.810000;062990cf-c55c-4f1c-96b3-6048bfec7ee4;373.16;0.01;BUY
2016-02-10T00:25:01.770000;2016-02-10T00:25:01.827000;5ae443dc-d386-40e1-a334-218b37dbd19c;373.16;0.107;BUY
2016-02-10T00:25:01.770000;2016-02-10T00:25:01.827000;bd6b39ab-235d-44ed-abcc-acf2f3587fe6;373.19;0.104;BUY
2016-02-10T00:25:01.770000;2016-02-10T00:25:01.827000;20bb9d04-fe1b-43f3-a2f7-9cf12f478edf;373.2;0.02;BUY
2016-02-10T00:25:01.770000;2016-02-10T00:25:01.857000;fcb2d70f-f08e-4e29-9907-7fa310851238;373.2;0.02;BUY
2016-02-10T00:25:01.770000;2016-02-10T00:25:01.857000;406e3d9e-811e-4a35-8770-7eb70ae2506f;373.21;0.192653;BUY
2016-02-10T00:25:01.770000;2016-02-10T00:25:01.857000;6374bc89-f548-47fe-838d-ddf10b3a1320;373.22;0.01;BUY
2016-02-10T00:25:01.770000;2016-02-10T00:25:01.857000;110909ae-037a-43d7-81b2-6f02caaf3649;373.22;0.01;BUY
2016-02-10T00:25:01.770000;2016-02-10T00:25:01.857000;ef5f122e-104f-4c58-8bb9-ea9adbaf6f50;373.22;0.113;BUY
2016-02-10T00:25:01.770000;2016-02-10T00:25:01.873000;ef942fde-629c-4e40-8b96-e63f6edb4913;373.25;0.02;BUY
2016-02-10T00:25:01.770000;2016-02-10T00:25:01.873000;eb296bd4-0c98-499b-b43c-efdf8503a071;373.25;0.0118;BUY
2016-02-10T00:25:01.770000;2016-02-10T00:25:01.873000;ed21d677-b342-45b8-a5c1-a575bfcf46e7;373.25;0.01;BUY
2016-02-10T00:25:01.770000;2016-02-10T00:25:01.873000;0a870301-59f9-46dd-84d7-611cde308e6c;373.25;0.085;BUY
2016-02-10T00:25:01.770000;2016-02-10T00:25:01.873000;4351a6b1-9a05-4591-bdec-aadf34f1fd22;373.25;0.22;BUY
2016-02-10T00:25:01.770000;2016-02-10T00:25:01.903000;423f4283-8a26-4e1f-a302-8ee67305fa75;373.26;0.028247;BUY
2016-02-10T00:25:19.323000;2016-02-10T00:25:19.340000;b934cea3-5ffd-4c2d-b356-23b98dc2ec70;373.04;0.03819;BUY
2016-02-10T00:25:19.323000;2016-02-10T00:25:19.340000;21d7d880-3d10-4f9b-85fb-4b52ab1cc177;373.11;0.25;BUY
2016-02-10T00:25:19.323000;2016-02-10T00:25:19.340000;1bae9f17-8b84-41b4-8cef-73e86070da95;373.16;0.093;BUY
2016-02-10T00:25:19.323000;2016-02-10T00:25:19.357000;ce7dc873-081a-4425-95a8-b4cda08ab3c2;373.18;0.22;BUY
2016-02-10T00:25:19.323000;2016-02-10T00:25:19.357000;6126c3c7-26e6-4e69-a664-71828e163a99;373.19;0.30123284;BUY
2016-02-10T00:25:31.777000;2016-02-10T00:25:31.793000;5caa0c15-8a8d-4983-8747-9e547d42dd0f;373.15;0.22;SELL
2016-02-10T00:25:31.777000;2016-02-10T00:25:31.793000;df741bd7-02cf-4102-afef-8a21440f17ac;373.14;0.01554;SELL
2016-02-10T00:26:02.233000;2016-02-10T00:26:02.263000;c47dcdd0-7b27-46a2-84d8-e1ef885f56cf;373.21;0.18691;BUY
2016-02-10T00:26:36.087000;2016-02-10T00:26:36.090000;b3045e24-62d5-4205-b9de-b9a50d457c5a;373.21;0.06309;BUY
2016-02-10T00:26:36.087000;2016-02-10T00:26:36.107000;64ff4d69-4278-47a2-9225-403f4428adba;373.21;0.105;BUY
2016-02-10T00:26:36.087000;2016-02-10T00:26:36.107000;d91ef396-9136-4b70-aaeb-f255caeaa8ab;373.24;0.089;BUY
2016-02-10T00:26:36.087000;2016-02-10T00:26:36.107000;c9f144d3-ef07-4557-8e92-8fbde1055161;373.27;0.1;BUY
2016-02-10T00:26:36.087000;2016-02-10T00:26:36.107000;f819c5d0-29b8-4595-a4a4-b1d964d20fae;373.28;0.01;BUY
2016-02-10T00:26:36.087000;2016-02-10T00:26:36.107000;2301a59a-6739-4062-9e26-5d6fd73e18ae;373.28;0.05;BUY
2016-02-10T00:26:36.087000;2016-02-10T00:26:36.107000;cd49e20c-3834-41b3-ba42-4be60d74c423;373.3;0.02508;BUY
2016-02-10T00:27:02.037000;2016-02-10T00:27:02.073000;32b837f2-ade6-4e09-9e35-87e2b60aa1d4;373.29;0.25;BUY
2016-02-10T00:27:02.037000;2016-02-10T00:27:02.103000;70323eb0-a9d4-4658-a573-5577bfc96afe;373.29;0.07603;BUY
2016-02-10T00:27:12.790000;2016-02-10T00:27:12.840000;56682561-1c84-4305-8d5e-6705f9d9766c;373.29;0.02;BUY
2016-02-10T00:28:02.173000;2016-02-10T00:28:02.213000;45cec532-5dd0-4e45-a4ae-aeeb5e9e6fea;373.27;1.22;BUY
2016-02-10T00:28:02.173000;2016-02-10T00:28:02.230000;20aa4b24-db63-434a-b1e5-8e513df2aaeb;373.27;0.59777;BUY
2016-02-10T00:28:32.253000;2016-02-10T00:28:32.293000;b2216e33-ffdf-4a53-86c3-5c6b8526218c;373.28;0.25;BUY
2016-02-10T00:28:32.257000;2016-02-10T00:28:32.293000;206f808b-b372-4187-9bc2-fdfa53973891;373.29;0.06909;BUY
2016-02-10T00:29:07.750000;2016-02-10T00:29:07.807000;9399e243-0185-49f7-9a87-54ed83641aee;373.27;0.01;SELL
2016-02-10T00:29:07.750000;2016-02-10T00:29:07.823000;4752c6df-924d-4fc9-a3c6-60ca5b942e12;373.27;0.18;SELL
2016-02-10T00:29:07.750000;2016-02-10T00:29:07.823000;96f4ff65-2759-49d4-995d-5fbbf0ee273b;373.26;0.01;SELL
2016-02-10T00:29:07.750000;2016-02-10T00:29:07.823000;0bd0aed2-af5c-45e4-8862-78ab756ea9ab;373.25;0.01;SELL
2016-02-10T00:29:07.750000;2016-02-10T00:29:07.823000;eef2689b-76c4-496e-869b-751a47c63305;373.25;0.0115;SELL
2016-02-10T00:29:07.753000;2016-02-10T00:29:07.887000;53400b6e-3cf7-484b-b559-24036511a415;373.24;0.01;SELL
2016-02-10T00:29:07.753000;2016-02-10T00:29:07.900000;1e75ef92-1420-4231-93de-3390b2754e90;373.23;0.01;SELL
2016-02-10T00:29:07.753000;2016-02-10T00:29:07.900000;189e74a2-a50c-4e45-985e-a3955cb7c270;373.22;0.01;SELL
2016-02-10T00:29:07.753000;2016-02-10T00:29:07.900000;71bfbec2-a7c9-4473-82e4-ae7098a05686;373.21;0.01;SELL
2016-02-10T00:29:07.753000;2016-02-10T00:29:07.900000;7b22d3a7-7866-4f3e-b539-06f23e68ac60;373.2;0.01;SELL
2016-02-10T00:29:07.753000;2016-02-10T00:29:07.900000;bd9ad99b-a2c3-45cb-8b31-f7b6c54a9f71;373.2;0.085;SELL
2016-02-10T00:29:07.753000;2016-02-10T00:29:07.900000;0f0c8d56-bf53-4be8-a042-432578cd49ef;373.19;0.01;SELL
2016-02-10T00:29:07.753000;2016-02-10T00:29:07.900000;500ed959-d867-4ac2-b6b3-f518c909686e;373.18;0.01;SELL
2016-02-10T00:29:07.753000;2016-02-10T00:29:07.900000;5a95e4a8-1214-4e93-8221-9cff56c11ce3;373.18;0.111;SELL
2016-02-10T00:29:07.753000;2016-02-10T00:29:07.900000;0eaa70a0-bb18-449b-bc61-8391dcd8573f;373.17;0.01;SELL
2016-02-10T00:29:07.753000;2016-02-10T00:29:07.900000;324f8886-f427-43a4-9e4b-47893e2cb26b;373.16;0.01;SELL
2016-02-10T00:29:07.753000;2016-02-10T00:29:07.900000;0f4e2d74-a124-4b58-af4b-525d9e609afa;373.16;0.105;SELL
2016-02-10T00:29:07.753000;2016-02-10T00:29:07.900000;3a40a0e7-e1d5-46f5-986b-0361f2e89c76;373.15;0.01;SELL
2016-02-10T00:29:07.753000;2016-02-10T00:29:07.900000;4377d226-e2ca-4936-98c1-9924495edac2;373.13;0.084;SELL
2016-02-10T00:29:07.753000;2016-02-10T00:29:07.900000;fca14a6e-a280-43cb-85cf-6050cc99525c;373.1;0.075;SELL
2016-02-10T00:29:07.753000;2016-02-10T00:29:07.900000;a5f89b01-29d3-496c-9711-24d4a806c26b;373.07;0.08;SELL
2016-02-10T00:29:07.757000;2016-02-10T00:29:07.900000;2015f04e-3375-4f18-9da0-891ed6dcf3ad;373.04;0.04447;SELL
2016-02-10T00:29:31.780000;2016-02-10T00:29:31.807000;eb390c80-f663-4876-8b29-86902d673b15;373.19;0.181;BUY
2016-02-10T00:29:31.780000;2016-02-10T00:29:31.823000;18e86634-ac18-488a-af84-d85b68b29f24;373.22;0.289;BUY
2016-02-10T00:29:31.780000;2016-02-10T00:29:31.823000;c5d8a249-46d3-40dc-a3e3-99fc69bdf901;373.22;0.44;BUY
2016-02-10T00:29:31.780000;2016-02-10T00:29:31.840000;a7be794a-28e7-4a14-9403-c8eda0234a60;373.23;0.02;BUY
2016-02-10T00:29:31.780000;2016-02-10T00:29:31.840000;d0c664d7-0cfe-49a0-a3fd-c8634da4dba1;373.3;0.00483;BUY
2016-02-10T00:29:41.677000;2016-02-10T00:29:41.730000;63d8a49a-3b54-462f-8a4f-6b55ec5964b8;373.17;0.01;SELL
2016-02-10T00:29:41.677000;2016-02-10T00:29:41.730000;60c00ea1-917b-4629-b7f6-df26b6494079;373.16;0.01;SELL
2016-02-10T00:29:41.677000;2016-02-10T00:29:41.747000;b8984f9b-bc3e-4cd0-bb3f-dab4042dc3d3;373.15;0.01;SELL
2016-02-10T00:29:41.677000;2016-02-10T00:29:41.747000;d3c83f77-1a8a-4b79-a36e-63161dd3b39c;373.14;0.01;SELL
2016-02-10T00:29:41.677000;2016-02-10T00:29:41.747000;ae36d191-0698-4156-8f67-9ffa21cbe47b;373.13;0.01;SELL
2016-02-10T00:29:41.677000;2016-02-10T00:29:41.747000;5a61c80c-1c60-49fa-af97-980f31dfde89;373.12;0.01;SELL
2016-02-10T00:29:41.677000;2016-02-10T00:29:41.760000;2da59c12-101f-4276-8dfc-6410d6a9049d;373.1;0.115;SELL
2016-02-10T00:29:41.677000;2016-02-10T00:29:41.760000;851c8d52-6ca6-41f1-9733-baafe25be74a;373.06;0.1;SELL
2016-02-10T00:29:41.677000;2016-02-10T00:29:41.760000;01fd92ac-7992-4c85-a197-425b55a382ce;373.06;0.29;SELL
2016-02-10T00:29:41.680000;2016-02-10T00:29:41.760000;d01c6cb1-028f-4b19-8b02-4a824bdb7a23;373.03;0.103;SELL
2016-02-10T00:29:41.680000;2016-02-10T00:29:41.760000;99f14122-7bbc-402f-8f6f-d160efdf8111;373.0;0.0115;SELL
2016-02-10T00:29:41.680000;2016-02-10T00:29:41.760000;f9784612-cbd1-4906-bbae-75af6130afba;372.99;0.01;SELL
2016-02-10T00:29:41.680000;2016-02-10T00:29:41.760000;9ef60eea-6960-4a13-abca-2cbb5ca76ec3;372.99;0.085;SELL
2016-02-10T00:29:41.680000;2016-02-10T00:29:41.777000;cfa776b5-271b-4413-b0cf-158e50b9ea03;372.98;0.099;SELL
2016-02-10T00:29:41.680000;2016-02-10T00:29:41.777000;e8a1a465-efd3-4c93-9204-f8ef6259bfad;372.95;0.01;SELL
2016-02-10T00:29:41.680000;2016-02-10T00:29:41.777000;b61c254f-ebcc-4416-aefe-32147bccf5c9;372.95;0.086;SELL
2016-02-10T00:29:41.680000;2016-02-10T00:29:41.777000;6fd3fb6b-f247-4a8b-8a9c-a6534b25b2a6;372.92;0.01;SELL
2016-02-10T00:29:41.680000;2016-02-10T00:29:41.777000;e3a9a156-0472-4117-9bc3-4609e09df5f6;372.92;0.118;SELL
2016-02-10T00:29:41.680000;2016-02-10T00:29:41.777000;75d2d752-8c1c-4449-849c-1afd25a2babc;372.9;0.01;SELL
2016-02-10T00:29:41.680000;2016-02-10T00:29:41.777000;5b9528ff-0700-4736-89e6-aa8ef16c1045;372.9;0.22;SELL
2016-02-10T00:29:41.680000;2016-02-10T00:29:41.807000;899153b9-92a1-446d-96ba-67e3e70c32e3;372.89;0.097;SELL
2016-02-10T00:29:41.680000;2016-02-10T00:29:41.807000;62b22e91-0067-4b98-a34e-eda96b736c59;372.89;0.22;SELL
2016-02-10T00:29:41.680000;2016-02-10T00:29:41.807000;23923985-d15b-4bcc-9aa9-c359d6b62902;372.88;1.0;SELL
2016-02-10T00:29:41.680000;2016-02-10T00:29:41.807000;0f002bbe-00c5-4ffd-88e6-402ae3e54338;372.86;0.091;SELL
2016-02-10T00:29:41.680000;2016-02-10T00:29:41.807000;5e63010a-f192-4beb-a7ce-4e3be02f15d7;372.86;0.22;SELL
2016-02-10T00:29:41.683000;2016-02-10T00:29:41.807000;8e3e53ea-e084-4cd7-a15d-8c25e78d013d;372.85;2.0;SELL
2016-02-10T00:29:41.683000;2016-02-10T00:29:41.807000;d72f2083-4f21-431f-b749-ec3d079d5250;372.83;0.098;SELL
2016-02-10T00:29:41.683000;2016-02-10T00:29:41.807000;447eda70-e995-4900-a085-d440a901d917;372.8;2.3;SELL
2016-02-10T00:29:41.683000;2016-02-10T00:29:41.807000;019203e9-a92d-4c63-bcc3-6bf7a7ce312f;372.8;0.087;SELL
2016-02-10T00:29:41.683000;2016-02-10T00:29:41.807000;2e60730d-709a-4575-9c1e-c68291cc306b;372.77;0.11;SELL
2016-02-10T00:29:41.683000;2016-02-10T00:29:41.807000;54ef93c2-1277-4a5f-ba47-943ab9a73478;372.77;0.01;SELL
2016-02-10T00:29:41.683000;2016-02-10T00:29:41.807000;4ad88050-6ff8-4850-9aa3-0814646e2b28;372.75;0.0115;SELL
2016-02-10T00:29:41.683000;2016-02-10T00:29:41.807000;5944d04c-c41d-4419-a7f8-51695960882c;372.74;0.1;SELL
2016-02-10T00:29:41.683000;2016-02-10T00:29:41.807000;bb8d1286-2da7-4170-a6ea-af0600338520;372.72;0.88;SELL
2016-02-10T00:29:41.683000;2016-02-10T00:29:41.807000;42bbcdb5-31a8-4537-8636-d4e1ef1e6797;372.71;0.086;SELL
2016-02-10T00:29:41.683000;2016-02-10T00:29:41.840000;544b0f9f-a7d5-43c5-8f77-ade625448706;372.7;1.32;SELL
2016-02-10T00:29:41.683000;2016-02-10T00:29:41.840000;bfc3f9c6-f581-49d8-add3-287870fb241c;372.69;0.01;SELL
2016-02-10T00:29:41.683000;2016-02-10T00:29:41.840000;80e1c3bf-8cf7-4501-805d-047eaaa6a1e0;372.69;1.98;SELL
2016-02-10T00:29:41.683000;2016-02-10T00:29:41.840000;05054f1e-1226-4442-8ec0-e9ecbbc04c9e;372.68;0.125;SELL
2016-02-10T00:29:41.683000;2016-02-10T00:29:41.840000;9f05e860-ee7c-48dc-9e99-048eb441955d;372.66;1.927;SELL
2016-02-10T00:30:02.050000;2016-02-10T00:30:02.103000;40eaa464-d828-48e6-86fd-b2e8280cbb8d;372.99;0.25;BUY
2016-02-10T00:30:02.050000;2016-02-10T00:30:02.103000;eff220bd-9057-4715-919b-cdb63a039969;373.0;0.81199;BUY
2016-02-10T00:30:07.057000;2016-02-10T00:30:07.103000;c0cd5db7-0c1d-43b3-bc64-7927273517a8;372.98;0.09;BUY
2016-02-10T00:30:31.913000;2016-02-10T00:30:31.947000;03a463b3-2c05-41fb-8ddf-2ff10ebf7190;373.05;0.483;BUY
2016-02-10T00:30:31.913000;2016-02-10T00:30:31.963000;2018a0bb-2d23-4e4c-9bef-91778bc983dc;373.07;0.34;BUY
2016-02-10T00:30:31.913000;2016-02-10T00:30:31.963000;b3f96898-7a27-4f67-a68d-07b6c93c4697;373.11;1.0;BUY
2016-02-10T00:30:31.913000;2016-02-10T00:30:31.963000;14bb4010-0673-4b53-88c6-a3ba49f397cd;373.15;0.62736;BUY
2016-02-10T00:30:57.870000;2016-02-10T00:30:57.933000;8de9729f-ef7d-42ac-b071-b8f406fe73b9;373.1;0.38;BUY
2016-02-10T00:31:02.153000;2016-02-10T00:31:02.200000;815dfb66-c895-4672-b5fe-d5af7f1cd188;373.07;0.25;BUY
2016-02-10T00:31:02.153000;2016-02-10T00:31:02.200000;f0d939c3-88b2-42c6-9500-fd56b2341c06;373.12;0.01282;BUY
2016-02-10T00:31:32.743000;2016-02-10T00:31:32.777000;81bb34ca-1146-48ee-b7b3-b841fdd4f444;373.05;0.01;SELL
2016-02-10T00:31:32.743000;2016-02-10T00:31:32.793000;ffaf67ad-8984-444b-af51-49dadda52291;373.05;0.22955786;SELL
2016-02-10T00:31:32.743000;2016-02-10T00:31:32.793000;4bc1466e-0e74-4b92-bfbb-4120356c6948;373.05;0.76026214;SELL
2016-02-10T00:31:34.843000;2016-02-10T00:31:34.870000;e2029e14-3279-4f60-b60c-ed2532b88414;373.06;0.25;BUY
2016-02-10T00:31:34.843000;2016-02-10T00:31:34.887000;ebd5271e-c42a-445b-85a5-128432565518;373.14;0.128;BUY
2016-02-10T00:31:34.843000;2016-02-10T00:31:34.887000;344592c7-768a-4cb7-aca3-0da58620e704;373.16;0.48573633;BUY
2016-02-10T00:32:02.270000;2016-02-10T00:32:02.293000;32b68ed2-ae8f-4ef2-8df8-05ba5befae8d;373.09;0.01;BUY
2016-02-10T00:32:02.270000;2016-02-10T00:32:02.307000;a5b1628c-70bf-459a-8815-e3e27f62e00f;373.1;0.25;BUY
2016-02-10T00:32:02.270000;2016-02-10T00:32:02.323000;a45548ff-2c7c-4f04-8476-fed9209e287a;373.12;0.09;BUY
2016-02-10T00:32:02.270000;2016-02-10T00:32:02.323000;e2e7193d-00ac-42a6-8dae-aad7d99c0e1e;373.16;0.44;BUY
2016-02-10T00:32:02.270000;2016-02-10T00:32:02.323000;cfe48973-be25-4c5a-b203-3cad6c31ff4e;373.17;0.01;BUY
2016-02-10T00:32:02.270000;2016-02-10T00:32:02.323000;6a6d6d4b-0cd4-4bde-8f34-46558c81115c;373.17;0.095;BUY
2016-02-10T00:32:02.270000;2016-02-10T00:32:02.323000;497b408b-02f6-4267-a7c4-e648010b7a12;373.17;0.44;BUY
2016-02-10T00:32:02.270000;2016-02-10T00:32:02.340000;c8c4d7bb-8278-442a-ad15-c5cea7d01d3d;373.18;0.01;BUY
2016-02-10T00:32:02.270000;2016-02-10T00:32:02.340000;44eb9f52-6ca5-490e-bf7f-b81b2e6b4de7;373.19;1.32;BUY
2016-02-10T00:32:02.270000;2016-02-10T00:32:02.340000;a252af50-bcdc-4c4a-84b1-5631a8bd6b98;373.2;0.111;BUY
2016-02-10T00:32:02.270000;2016-02-10T00:32:02.340000;75f20e35-fd99-48e4-823b-9e7d48bc11b7;373.2;0.05638;BUY
2016-02-10T00:32:31.957000;2016-02-10T00:32:31.980000;53c7694b-ebb5-410d-a01e-d5d686c9ac4a;373.12;0.25;BUY
2016-02-10T00:32:31.957000;2016-02-10T00:32:31.997000;0cca7d68-09c7-4bea-ad53-ecab2035f38b;373.14;0.146;BUY
2016-02-10T00:32:31.957000;2016-02-10T00:32:31.997000;ee9b5a61-d0e4-4469-9a3c-1f7e8f6f1547;373.15;0.12033;BUY
2016-02-10T00:32:41.817000;2016-02-10T00:32:41.840000;b9a78ea6-e1ad-460f-812e-41a2030df107;373.15;0.25;BUY
2016-02-10T00:32:41.817000;2016-02-10T00:32:41.870000;524533a4-698b-4c62-b617-000eb9967de0;373.17;0.085;BUY
2016-02-10T00:32:41.817000;2016-02-10T00:32:41.870000;103c91cf-33e2-4b8a-9f98-6338c84f1ee3;373.19;0.087;BUY
2016-02-10T00:32:41.817000;2016-02-10T00:32:41.870000;07be55aa-f016-48ba-aa34-256b8138fe28;373.22;0.66;BUY
2016-02-10T00:32:41.820000;2016-02-10T00:32:41.870000;00d1c354-0796-45b8-8848-55eecbf624e9;373.23;0.15149158;BUY
2016-02-10T00:33:02.350000;2016-02-10T00:33:02.387000;5b467c73-0d75-4f33-9cab-89ad7db82e74;373.15;0.01;SELL
2016-02-10T00:33:02.350000;2016-02-10T00:33:02.400000;fff4cbad-61ea-460c-9baf-99cf415bdc1a;373.14;0.01;SELL
2016-02-10T00:33:02.350000;2016-02-10T00:33:02.400000;c6eab07d-887b-4ee9-b476-078ecf4fa4d1;373.13;0.01;SELL
2016-02-10T00:33:02.350000;2016-02-10T00:33:02.400000;b8380a07-4f81-4caf-b847-14f5048e2f16;373.12;0.01;SELL
2016-02-10T00:33:02.350000;2016-02-10T00:33:02.400000;3b80f818-d6b8-4fb3-b231-c8ec0e372fb7;373.11;0.01;SELL
2016-02-10T00:33:02.350000;2016-02-10T00:33:02.417000;f4276694-306c-4529-84b6-8ff56c29289a;373.1;0.01;SELL
2016-02-10T00:33:02.350000;2016-02-10T00:33:02.417000;384b1833-0b3d-4d12-85c2-01d6dfa6b44b;373.1;0.126;SELL
2016-02-10T00:33:02.353000;2016-02-10T00:33:02.417000;4649e86c-4e29-412c-a975-7bf05b73c037;373.09;0.01;SELL
2016-02-10T00:33:02.353000;2016-02-10T00:33:02.417000;b6ec6518-948c-4833-85a9-5138809c202f;373.08;0.01;SELL
2016-02-10T00:33:02.353000;2016-02-10T00:33:02.417000;21fa2c92-3dc5-40bc-8ad5-ef938a2bf588;373.08;0.25;SELL
2016-02-10T00:33:02.353000;2016-02-10T00:33:02.417000;a9306fa9-2ea2-46a2-9525-47f7471d134b;373.07;0.123;SELL
2016-02-10T00:33:02.353000;2016-02-10T00:33:02.417000;f8ea63db-81f4-4859-a1de-e08dae6ab4a7;373.04;0.01;SELL
2016-02-10T00:33:02.353000;2016-02-10T00:33:02.417000;5463fd6e-b46a-4567-9a20-e70c17945feb;373.04;0.101;SELL
2016-02-10T00:33:02.353000;2016-02-10T00:33:02.433000;a728a0e2-9706-4688-9b5d-f0b438128a55;373.03;0.01;SELL
2016-02-10T00:33:02.353000;2016-02-10T00:33:02.450000;ff83cd81-9b4e-4407-8e44-fd6bce6add6a;373.03;0.074;SELL
2016-02-10T00:33:02.353000;2016-02-10T00:33:02.450000;2cf6126c-3e04-4edd-b467-e4666deafeb2;373.02;0.01;SELL
2016-02-10T00:33:02.353000;2016-02-10T00:33:02.450000;c8dc8ba0-c569-41f8-824b-ce74dce96302;373.0;0.057;SELL
2016-02-10T00:33:02.353000;2016-02-10T00:33:02.450000;2020d83a-4c15-4b79-94f7-1aea058cb082;372.98;0.01;SELL
2016-02-10T00:33:02.353000;2016-02-10T00:33:02.450000;0446558e-951f-42b6-8d4e-b12fc7418b32;372.98;0.123;SELL
2016-02-10T00:33:02.353000;2016-02-10T00:33:02.450000;572aca4f-b0e4-4071-8791-ae8fb3d528ac;372.97;0.01;SELL
2016-02-10T00:33:02.353000;2016-02-10T00:33:02.450000;235e8f54-034d-4f01-9a07-7b8009057712;372.96;0.01;SELL
2016-02-10T00:33:02.353000;2016-02-10T00:33:02.450000;dcad70d7-7886-49da-b4e7-c125ff23e79c;372.95;0.01076;SELL
2016-02-10T00:33:32.273000;2016-02-10T00:33:32.293000;88df8d85-2111-4558-a79e-ad60e0bbbe27;372.99;0.25;BUY
2016-02-10T00:33:32.273000;2016-02-10T00:33:32.307000;8b5d9ef1-351e-464d-80a7-778dc75412f3;373.02;1.18447;BUY
2016-02-10T00:34:03.077000;2016-02-10T00:34:03.103000;ac998a80-866a-4c02-8d98-b9f5c2f2a14f;372.99;0.25;BUY
2016-02-10T00:34:03.077000;2016-02-10T00:34:03.103000;31c62be9-5860-48d0-9dca-ea7a9de67004;373.02;0.21605;BUY
2016-02-10T00:34:33.133000;2016-02-10T00:34:33.167000;06834299-1cad-4566-b9bf-a9189b12f9bd;372.98;0.01;SELL
2016-02-10T00:34:33.137000;2016-02-10T00:34:33.183000;5afe0138-c104-443f-b122-a480da4ba35f;372.97;0.01;SELL
2016-02-10T00:34:33.137000;2016-02-10T00:34:33.183000;e039f0a1-0680-4e53-83c3-f10e70dcc631;372.96;0.01;SELL
2016-02-10T00:34:33.137000;2016-02-10T00:34:33.183000;0311b8cb-78cc-454e-854a-79d2da27c3af;372.94;0.01;SELL
2016-02-10T00:34:33.137000;2016-02-10T00:34:33.183000;ad664d1f-ba90-4afa-861a-ce2dc13c53cd;372.93;0.01;SELL
2016-02-10T00:34:33.137000;2016-02-10T00:34:33.200000;16fdfd9f-59c1-41fa-80ea-8190fc697200;372.93;0.094;SELL
2016-02-10T00:34:33.137000;2016-02-10T00:34:33.200000;f81a1983-5864-4110-9692-c5b3194683e0;372.92;0.01;SELL
2016-02-10T00:34:33.137000;2016-02-10T00:34:33.200000;dc59f05f-8092-468b-a8ff-6e52393a51ba;372.91;0.092;SELL
2016-02-10T00:34:33.137000;2016-02-10T00:34:33.213000;c2b3ddcb-724c-4a24-84a2-93d4a2fcd555;372.9;0.01;SELL
2016-02-10T00:34:33.137000;2016-02-10T00:34:33.213000;3b6585cb-afa8-4668-969f-ae556d4a6b46;372.88;0.11;SELL
2016-02-10T00:34:33.137000;2016-02-10T00:34:33.213000;ed6b2701-1ff0-4fae-80ca-74d0509cbe88;372.85;0.113;SELL
2016-02-10T00:34:33.137000;2016-02-10T00:34:33.230000;70745bac-da02-4c81-9e63-ca2cc384f12d;372.84;0.01;SELL
2016-02-10T00:34:33.137000;2016-02-10T00:34:33.230000;e827472b-2628-4b34-9f67-19530fb86842;372.83;0.01;SELL
2016-02-10T00:34:33.137000;2016-02-10T00:34:33.230000;bed0c2a2-9e65-402c-9532-4fc230fd6271;372.82;0.01;SELL
2016-02-10T00:34:33.137000;2016-02-10T00:34:33.230000;86009af1-e683-4b61-a3bc-da6a8cd7057d;372.82;0.128;SELL
2016-02-10T00:34:33.137000;2016-02-10T00:34:33.230000;aaf3a863-2b5f-4863-91fa-e1905d3bad9b;372.79;0.092;SELL
2016-02-10T00:34:33.137000;2016-02-10T00:34:33.230000;5f325c0a-5559-428b-9843-f74b8ee1f291;372.76;0.113;SELL
2016-02-10T00:34:33.137000;2016-02-10T00:34:33.230000;a24d9f20-794a-4a12-8180-9485639a4ac4;372.73;0.097;SELL
2016-02-10T00:34:33.140000;2016-02-10T00:34:33.230000;f6ebdb5e-123f-4a53-8734-ca121403ea0f;372.72;0.01;SELL
2016-02-10T00:34:33.140000;2016-02-10T00:34:33.230000;23e820ee-5aaf-47e9-9f37-bebc933e09a0;372.7;0.109;SELL
2016-02-10T00:34:33.140000;2016-02-10T00:34:33.230000;928b53fa-5791-4000-8d19-a5e880d2aee8;372.67;0.083;SELL
2016-02-10T00:34:33.140000;2016-02-10T00:34:33.247000;92606bf1-40f6-4069-ba56-ff00b56a63bc;372.64;0.097;SELL
2016-02-10T00:34:33.140000;2016-02-10T00:34:33.247000;a52d26e9-db78-467a-8a5f-01de5d23c765;372.62;0.88;SELL
2016-02-10T00:34:33.140000;2016-02-10T00:34:33.247000;c29af135-d43a-4c05-9d1b-7f2dc41c6ad5;372.62;1.0;SELL
2016-02-10T00:34:33.140000;2016-02-10T00:34:33.247000;b9a93d94-0020-4458-8452-980f2c01deb5;372.61;0.116;SELL
2016-02-10T00:34:33.140000;2016-02-10T00:34:33.247000;00416152-2b1e-4f7d-bf95-c24c8ebe620b;372.61;1.1;SELL
2016-02-10T00:34:33.140000;2016-02-10T00:34:33.260000;58393c50-081f-4535-bfad-1f0621fee294;372.59;0.72589;SELL
2016-02-10T00:35:02.513000;2016-02-10T00:35:02.557000;c01e8128-c14f-4231-b296-c91e90b8d0f1;372.75;0.16578;BUY
2016-02-10T00:35:32.073000;2016-02-10T00:35:32.120000;1de1d9d4-9879-4809-8e9b-f51893f7a658;372.75;0.08422;BUY
2016-02-10T00:35:32.077000;2016-02-10T00:35:32.120000;632ba263-3306-497d-8b58-cfa781873e00;372.79;0.22;BUY
2016-02-10T00:35:32.077000;2016-02-10T00:35:32.120000;26b4e146-e99c-4bde-8940-b973fa458835;372.8;0.01;BUY
2016-02-10T00:35:32.077000;2016-02-10T00:35:32.120000;dc79b8aa-23f4-4923-9a03-915b893e7a00;372.85;0.57307;BUY
2016-02-10T00:36:02.760000;2016-02-10T00:36:02.793000;c4aa3781-5389-48be-befb-46599fa58b5d;372.86;0.5838;BUY
2016-02-10T00:36:33.463000;2016-02-10T00:36:33.497000;3256229a-7357-40a4-9b71-90538578a390;372.79;0.01;SELL
2016-02-10T00:36:33.463000;2016-02-10T00:36:33.497000;1ea3cd07-86ed-4f5a-9242-f1f36b3c76f6;372.79;0.084;SELL
2016-02-10T00:36:33.463000;2016-02-10T00:36:33.497000;9c361c5b-838e-4eb6-bea7-715d6d138728;372.75;0.01;SELL
2016-02-10T00:36:33.467000;2016-02-10T00:36:33.497000;4c318652-e021-479b-9ffb-824dc2d14a19;372.75;0.122;SELL
2016-02-10T00:36:33.467000;2016-02-10T00:36:33.527000;240cf0ca-8084-45a8-8708-409b54deb999;372.74;0.01;SELL
2016-02-10T00:36:33.467000;2016-02-10T00:36:33.527000;dbfb9138-36c5-4d89-aeb3-8a2a79dfe71e;372.72;0.01;SELL
2016-02-10T00:36:33.467000;2016-02-10T00:36:33.527000;98f21ddf-0dea-4b12-8435-990204af4f6f;372.72;0.119;SELL
2016-02-10T00:36:33.467000;2016-02-10T00:36:33.527000;efb1170e-881a-4d53-b6cf-c20f9164c4c5;372.71;0.01;SELL
2016-02-10T00:36:33.467000;2016-02-10T00:36:33.527000;175b77b6-9805-4b70-90d7-938bb1d4eeff;372.71;0.01;SELL
2016-02-10T00:36:33.467000;2016-02-10T00:36:33.527000;abac3f1e-e4d0-49e7-ba66-f2ace4c05750;372.7;0.01;SELL
2016-02-10T00:36:33.467000;2016-02-10T00:36:33.527000;e9b9208b-827d-4a91-b58a-497b6d6910b0;372.69;0.084;SELL
2016-02-10T00:36:33.467000;2016-02-10T00:36:33.527000;3fee610a-c0d7-4e7e-98d8-1dbf15b8b920;372.66;0.103;SELL
2016-02-10T00:36:33.467000;2016-02-10T00:36:33.527000;23e683da-3dc1-4b53-a660-34bf6752514e;372.63;0.125;SELL
2016-02-10T00:36:33.467000;2016-02-10T00:36:33.543000;7d4ff863-9a36-4e5c-a709-467dc39eab38;372.61;0.109;SELL
2016-02-10T00:36:33.467000;2016-02-10T00:36:33.543000;19c6f03e-ab40-478c-9889-d264034ad4ae;372.59;0.88;SELL
2016-02-10T00:36:33.467000;2016-02-10T00:36:33.543000;e368a470-1452-453f-bc4e-aa0506a274cd;372.58;0.108;SELL
2016-02-10T00:36:33.467000;2016-02-10T00:36:33.543000;d1a698f9-905e-4f88-b249-a01bcb1a7a28;372.58;0.22;SELL
2016-02-10T00:36:33.467000;2016-02-10T00:36:33.543000;007b9135-4057-422c-ae07-3d3a158d9522;372.57;0.01;SELL
2016-02-10T00:36:33.467000;2016-02-10T00:36:33.543000;44736b51-41eb-4d0f-af35-8d6b9604f0c1;372.57;1.0;SELL
2016-02-10T00:36:33.467000;2016-02-10T00:36:33.557000;06ba2b67-6613-41dd-81b4-5649f756eb4d;372.56;1.32;SELL
2016-02-10T00:36:33.467000;2016-02-10T00:36:33.557000;ae06931a-5441-4740-8bf3-b586f8a63c6f;372.55;0.095;SELL
2016-02-10T00:36:33.467000;2016-02-10T00:36:33.557000;fa68819f-c0b0-495d-953d-8a30707a5fc7;372.55;1.98;SELL
2016-02-10T00:36:33.467000;2016-02-10T00:36:33.557000;91bef39c-523c-4360-a636-dc8044717562;372.54;0.01;SELL
2016-02-10T00:36:33.470000;2016-02-10T00:36:33.557000;02e110b5-01b7-45c5-9742-72c89d4eb772;372.53;4.18;SELL
2016-02-10T00:36:33.470000;2016-02-10T00:36:33.557000;74f4c874-f11c-4fc5-b7eb-8ead606c0b5b;372.52;0.095;SELL
2016-02-10T00:36:33.470000;2016-02-10T00:36:33.557000;308c6901-894d-42b0-8070-acb0dbc53078;372.51;5.28;SELL
2016-02-10T00:36:33.470000;2016-02-10T00:36:33.557000;823f852d-51d0-459b-a73b-6b49244a56fa;372.5;2.964;SELL
2016-02-10T00:36:33.470000;2016-02-10T00:36:33.573000;304e0580-6c74-49a0-afb8-7b0c7dc2a4d0;372.5;0.0115;SELL
2016-02-10T00:36:33.470000;2016-02-10T00:36:33.573000;2e73b9ae-69f2-4cf0-b842-ae56aa32a836;372.5;2.42;SELL
2016-02-10T00:36:33.470000;2016-02-10T00:36:33.573000;6eea1edc-9126-48da-b960-eae739445961;372.49;0.125;SELL
2016-02-10T00:36:33.470000;2016-02-10T00:36:33.573000;fe97c5bc-2a01-4e6f-ab63-8acb01982180;372.49;4.18;SELL
2016-02-10T00:36:33.470000;2016-02-10T00:36:33.573000;2aac7fa8-70d2-40f6-940e-f0d1c902870a;372.47;0.76758;SELL
2016-02-10T00:37:02.370000;2016-02-10T00:37:02.387000;f96f1214-2560-4deb-bca8-7f3a049d7f67;372.7;0.25;BUY
2016-02-10T00:37:02.373000;2016-02-10T00:37:02.400000;a38563b1-b288-4555-9036-1eabc10200b0;372.71;0.52138;BUY
2016-02-10T00:37:12.867000;2016-02-10T00:37:12.887000;fcdbf2a2-fe70-4ba4-a03a-aea15f65ebc4;372.74;0.09;BUY
2016-02-10T00:37:32.033000;2016-02-10T00:37:32.043000;59f2cf66-9881-44fe-923c-6ed41ba6040c;372.75;0.11615;BUY
2016-02-10T00:38:02.250000;2016-02-10T00:38:02.277000;65a68d63-533c-4010-9094-892592b4ea11;372.67;0.25;BUY
2016-02-10T00:38:02.250000;2016-02-10T00:38:02.277000;7ab642a9-d8cc-402e-a882-7ee0d82b2acb;372.7;1.0;BUY
2016-02-10T00:38:02.250000;2016-02-10T00:38:02.277000;b7aaeb34-b111-47c7-a55d-cc8176645545;372.74;0.02875;BUY
2016-02-10T00:38:10.480000;2016-02-10T00:38:10.497000;0d97443f-2127-4430-b981-643c2bc4fb3c;372.69;0.02;SELL
2016-02-10T00:38:10.480000;2016-02-10T00:38:10.510000;89290747-bb13-4b69-a9f1-00d9592f3b74;372.68;0.01;SELL
2016-02-10T00:38:10.480000;2016-02-10T00:38:10.510000;4af48968-de4e-4740-85d4-de6eea755ef4;372.68;0.095;SELL
2016-02-10T00:38:10.480000;2016-02-10T00:38:10.510000;6ac49aaf-1cd5-4835-a71c-ff0803129bf8;372.66;0.129;SELL
2016-02-10T00:38:10.480000;2016-02-10T00:38:10.510000;d4d03da0-5901-47b2-95de-fdccd29f52ad;372.64;0.16;SELL
2016-02-10T00:38:10.483000;2016-02-10T00:38:10.527000;ee40534a-2786-43fd-96f3-01b381021bf9;372.6;1.305;SELL
2016-02-10T00:38:10.483000;2016-02-10T00:38:10.527000;2d07c4e6-c9f3-4534-b705-bebb447dbae8;372.58;0.5426;SELL
2016-02-10T00:38:10.483000;2016-02-10T00:38:10.527000;5184d547-8852-4506-aa19-a71aa0898fdd;372.57;1.117;SELL
2016-02-10T00:38:10.483000;2016-02-10T00:38:10.527000;dde9a0d7-aae6-4b62-9abc-d901e6056158;372.5;6.6;SELL
2016-02-10T00:38:10.483000;2016-02-10T00:38:10.527000;f0301b6b-4f96-4eca-bdee-8accfa10f5d6;372.49;3.0214;SELL
2016-02-10T00:38:32.020000;2016-02-10T00:38:32.043000;f1ba347a-c139-4489-b4c8-f208ca0ad8bb;372.69;0.02;SELL
2016-02-10T00:38:32.020000;2016-02-10T00:38:32.057000;38321a94-83eb-4239-be13-232685a4161e;372.69;0.461;SELL
2016-02-10T00:38:32.020000;2016-02-10T00:38:32.057000;eb3109dc-8389-4aac-9951-a47ea821633e;372.66;1.139;SELL
2016-02-10T00:38:32.020000;2016-02-10T00:38:32.057000;ca6a3a60-8b37-4815-b7c1-6ee713b560f2;372.63;1.019;SELL
2016-02-10T00:38:32.020000;2016-02-10T00:38:32.057000;f8467943-82fe-40eb-be42-3d6b014ac2c0;372.6;0.978;SELL
2016-02-10T00:38:32.023000;2016-02-10T00:38:32.057000;ae7a9929-1cff-4067-86bb-75bf85549f5e;372.57;0.977;SELL
2016-02-10T00:38:32.023000;2016-02-10T00:38:32.057000;afa00771-045b-4be6-9b20-03809fd49cc7;372.54;1.005;SELL
2016-02-10T00:38:32.023000;2016-02-10T00:38:32.073000;a5e3ba01-6812-4934-892f-6c62e4491710;372.48;3.96;SELL
2016-02-10T00:38:32.023000;2016-02-10T00:38:32.073000;b45e60bd-d016-4729-967a-7bf8c1717ef6;372.47;13.35899;SELL
2016-02-10T00:38:32.023000;2016-02-10T00:38:32.073000;47179dd5-f958-450f-a0bc-c5025d81969c;372.46;0.01;SELL
2016-02-10T00:38:32.023000;2016-02-10T00:38:32.073000;f8a4d387-f303-4ee7-81ca-a682f4347877;372.45;1.256;SELL
2016-02-10T00:38:32.023000;2016-02-10T00:38:32.073000;871fab82-f880-407b-b0b8-13bd5cf20278;372.43;0.01;SELL
2016-02-10T00:38:32.023000;2016-02-10T00:38:32.073000;903ac2c9-b1e7-4a37-b43c-76750cee939d;372.43;0.01;SELL
2016-02-10T00:38:32.023000;2016-02-10T00:38:32.073000;cbcaba52-13c2-455b-a6a9-ec3c2117076d;372.42;0.01;SELL
2016-02-10T00:38:32.023000;2016-02-10T00:38:32.073000;1c8d4eeb-763b-4715-9d9e-098cc1075e98;372.42;0.01;SELL
2016-02-10T00:38:32.023000;2016-02-10T00:38:32.073000;6617b9ef-7ed2-4432-8778-2402a8b5d329;372.42;0.01;SELL
2016-02-10T00:38:32.023000;2016-02-10T00:38:32.073000;ee293463-7ae5-4526-9f7a-6c0e09f412ff;372.41;0.01;SELL
2016-02-10T00:38:32.023000;2016-02-10T00:38:32.073000;fe816f47-0b90-4451-ba9c-f0e3a03f25c9;372.4;0.01;SELL
2016-02-10T00:38:32.023000;2016-02-10T00:38:32.073000;7e0f79d8-ebd8-40c6-9df2-ec7313770bcc;372.4;0.01;SELL
2016-02-10T00:38:32.023000;2016-02-10T00:38:32.090000;5065478e-120a-4578-a9f1-83424b4f886e;372.4;0.01;SELL
2016-02-10T00:38:32.023000;2016-02-10T00:38:32.090000;b5d8a022-4e83-415e-a929-b12030a0b382;372.4;0.01;SELL
2016-02-10T00:38:32.023000;2016-02-10T00:38:32.120000;f4c87733-5cd5-4c13-b74c-789cd3e69595;372.4;0.122;SELL
2016-02-10T00:38:32.027000;2016-02-10T00:38:32.120000;c464650d-4d70-4772-bc98-2d8cc10443e4;372.39;0.01;SELL
2016-02-10T00:38:32.027000;2016-02-10T00:38:32.120000;91e16ad3-3f5f-4fbe-91b7-79ca2ad17107;372.38;0.01;SELL
2016-02-10T00:38:32.027000;2016-02-10T00:38:32.120000;26cbea6f-1e8f-4679-a7ec-5fa7caab26f1;372.38;0.01;SELL
2016-02-10T00:38:32.027000;2016-02-10T00:38:32.120000;33418477-d141-4375-8104-10edd37aa59b;372.38;0.01;SELL
2016-02-10T00:38:32.027000;2016-02-10T00:38:32.120000;31edce1b-8dd9-4368-a2bb-69ffe42329c7;372.38;0.01;SELL
2016-02-10T00:38:32.027000;2016-02-10T00:38:32.120000;d37e5025-42c6-4cb8-82af-77f37676f20f;372.38;0.01;SELL
2016-02-10T00:38:32.027000;2016-02-10T00:38:32.120000;36b18aff-9879-4eac-8cbe-0c1998cc7202;372.37;0.01;SELL
2016-02-10T00:38:32.027000;2016-02-10T00:38:32.120000;6b18e9eb-059c-45f8-8846-26ff843d478d;372.37;1.393;SELL
2016-02-10T00:38:32.027000;2016-02-10T00:38:32.120000;bd345282-10f7-444f-8d7d-f179bb2252e8;372.36;0.01;SELL
2016-02-10T00:38:32.027000;2016-02-10T00:38:32.137000;b5570928-ea38-423f-9c74-138fc7f12d73;372.35;0.01;SELL
2016-02-10T00:38:32.027000;2016-02-10T00:38:32.137000;706b0625-987d-4055-8191-b9a2c19ef2ab;372.34;0.01;SELL
2016-02-10T00:38:32.027000;2016-02-10T00:38:32.137000;d2069b7f-f725-49c9-828b-b38fd5aefd7c;372.34;5.51521;SELL
2016-02-10T00:39:07.333000;2016-02-10T00:39:07.353000;1e37840a-8c15-4de1-bc1e-898b52503680;372.46;0.05;BUY
2016-02-10T00:39:07.333000;2016-02-10T00:39:07.353000;6eb31271-7911-45e8-8c15-400d9971fc3f;372.47;0.05;BUY
2016-02-10T00:39:07.333000;2016-02-10T00:39:07.370000;3cc3acac-e664-4332-9286-466bcebe8937;372.5;0.01;BUY
2016-02-10T00:39:07.333000;2016-02-10T00:39:07.370000;7ae0ad45-ad2c-4276-b683-a019953ef042;372.62;0.22;BUY
2016-02-10T00:39:07.333000;2016-02-10T00:39:07.370000;fff8115a-5671-4e5c-9771-db9c993890da;372.63;0.4;BUY
2016-02-10T00:39:07.333000;2016-02-10T00:39:07.370000;1ed647c5-b941-468c-843a-97ff0a85e8ef;372.64;0.095;BUY
2016-02-10T00:39:07.333000;2016-02-10T00:39:07.370000;9c83661f-6f1c-4877-9407-b5ad3e600c1a;372.67;0.06914;BUY
2016-02-10T00:39:33.153000;2016-02-10T00:39:33.167000;07dab497-fce6-4dba-b67c-080ed1fdb948;372.61;0.25;BUY
2016-02-10T00:39:33.153000;2016-02-10T00:39:33.167000;cf789e2d-d4de-4643-aa12-d09975a60f4c;372.71;0.085;BUY
2016-02-10T00:39:33.153000;2016-02-10T00:39:33.213000;42f94a5d-da91-4eac-bd1a-49e09956bf0d;372.74;0.129;BUY
2016-02-10T00:39:33.153000;2016-02-10T00:39:33.213000;69c84014-c766-4826-9630-5b2d86b7e683;372.75;0.01;BUY
2016-02-10T00:39:33.153000;2016-02-10T00:39:33.213000;43bbe42e-3348-4afd-b19b-0d0ada6b5e05;372.76;0.01;BUY
2016-02-10T00:39:33.153000;2016-02-10T00:39:33.213000;90eeef87-2ac8-4b37-9bb6-e3c5c1c3a3a5;372.77;0.116;BUY
2016-02-10T00:39:33.157000;2016-02-10T00:39:33.213000;bc45a06d-e9e3-46ef-bed6-36740e6ba1d3;372.79;0.05;BUY
2016-02-10T00:39:33.157000;2016-02-10T00:39:33.213000;665fe392-91ff-467d-a843-8adae748116a;372.79;0.05;BUY
2016-02-10T00:39:33.157000;2016-02-10T00:39:33.213000;4c9d6a54-1859-46f2-afdd-4b29f336c227;372.8;0.123;BUY
2016-02-10T00:39:33.157000;2016-02-10T00:39:33.213000;350e78a6-e039-420b-87e0-c5d3aeb20bed;372.83;0.135;BUY
2016-02-10T00:39:33.157000;2016-02-10T00:39:33.213000;f20ce20c-7771-4626-87fe-3c82c8f8502f;372.86;0.01;BUY
2016-02-10T00:39:33.157000;2016-02-10T00:39:33.213000;642dbc6b-c3c2-4e5d-b3e5-4c899c14f093;372.86;0.05;BUY
2016-02-10T00:39:33.157000;2016-02-10T00:39:33.213000;cf9f56e7-f52a-4753-99ed-d163b184c852;372.86;0.094;BUY
2016-02-10T00:39:33.157000;2016-02-10T00:39:33.213000;2c4a39d4-0ce3-49b1-864b-56edceba5e17;372.89;0.01;BUY
2016-02-10T00:39:33.157000;2016-02-10T00:39:33.213000;102f301d-b92d-4451-a4eb-366c9a359ae3;372.89;0.135;BUY
2016-02-10T00:39:33.157000;2016-02-10T00:39:33.213000;00b1ff29-b542-4d54-b3e5-d57a70e9863f;372.9;0.125;BUY
2016-02-10T00:39:33.157000;2016-02-10T00:39:33.277000;a9a169ad-808b-4a66-ac72-3130582cd55d;372.94;0.76798;BUY
2016-02-10T00:40:02.203000;2016-02-10T00:40:02.213000;fafc1053-6111-4319-9612-890a7a226302;372.75;0.25;BUY
2016-02-10T00:40:02.203000;2016-02-10T00:40:02.230000;01f83907-94b5-41ff-a57d-f802ae4621d0;372.76;0.00646;BUY
2016-02-10T00:40:13.897000;2016-02-10T00:40:13.917000;59d28608-5369-4798-bcfb-e1d102382361;372.77;0.01;BUY
2016-02-10T00:40:13.897000;2016-02-10T00:40:13.917000;6181fac0-fc4a-4f28-ad69-898cabc141fb;372.77;0.01;BUY
2016-02-10T00:40:13.897000;2016-02-10T00:40:13.917000;e8ff0bac-65cf-4449-a91a-814c20dfb31b;372.77;0.03781473;BUY
2016-02-10T00:40:31.820000;2016-02-10T00:40:31.840000;f3acfe63-0d1f-4bc4-bd8c-f048294b54e7;372.73;0.02;SELL
2016-02-10T00:40:31.820000;2016-02-10T00:40:31.853000;9054f0aa-81dc-4ab0-8341-d15eb5cc1e20;372.73;0.34;SELL
2016-02-10T00:40:31.820000;2016-02-10T00:40:31.853000;c62e2010-ca93-4f36-ab3d-179fb856d742;372.71;0.127;SELL
2016-02-10T00:40:31.820000;2016-02-10T00:40:31.853000;60367b7b-d9f2-4e0b-a792-933041e05812;372.7;0.01;SELL
2016-02-10T00:40:31.820000;2016-02-10T00:40:31.853000;40021b2c-ac32-4d3f-bc2d-97f409d489b9;372.7;0.01;SELL
2016-02-10T00:40:31.820000;2016-02-10T00:40:31.870000;6d5afc16-5595-487c-9d29-eca064bf2a3f;372.68;0.01;SELL
2016-02-10T00:40:31.820000;2016-02-10T00:40:31.870000;151cdd9a-d54d-418f-bab3-8c7f9591bb92;372.67;0.115;SELL
2016-02-10T00:40:31.820000;2016-02-10T00:40:31.870000;debb65f1-6202-47f2-a25e-22e8e5b4f14e;372.66;0.01;SELL
2016-02-10T00:40:31.823000;2016-02-10T00:40:31.870000;4f082abd-da16-43f9-81f1-6c8e8a35f45d;372.66;0.01;SELL
2016-02-10T00:40:31.823000;2016-02-10T00:40:31.887000;245faaec-d350-40c2-8bb2-2713ab8f4bd1;372.66;0.092;SELL
2016-02-10T00:40:31.823000;2016-02-10T00:40:31.887000;39946858-669c-497a-9018-c6a68826300b;372.65;0.127;SELL
2016-02-10T00:40:31.823000;2016-02-10T00:40:31.887000;9ee21d69-ee31-421b-af6d-4807426ca798;372.64;0.01;SELL
2016-02-10T00:40:31.823000;2016-02-10T00:40:31.887000;bb2a5837-ff5a-4483-9b63-140471fc626b;372.64;0.01;SELL
2016-02-10T00:40:31.823000;2016-02-10T00:40:31.887000;22579e72-3ddc-4b4f-9e16-461498e6e7a3;372.63;0.106;SELL
2016-02-10T00:40:31.823000;2016-02-10T00:40:31.887000;a310e65b-c54a-43b5-abd7-a686830d073b;372.62;0.01;SELL
2016-02-10T00:40:31.823000;2016-02-10T00:40:31.887000;b0832f5c-1bda-4628-9280-033b18d449d7;372.62;0.01;SELL
2016-02-10T00:40:31.823000;2016-02-10T00:40:31.887000;ed1e2ded-8b01-453a-a617-2ae958cd5772;372.6;0.01;SELL
2016-02-10T00:40:31.823000;2016-02-10T00:40:31.917000;e70fddf5-fa6d-40f6-ad32-848523b1ff82;372.6;0.01;SELL
2016-02-10T00:40:31.823000;2016-02-10T00:40:31.933000;6dfc8a00-1449-4ac4-8a87-f656d6983fe3;372.6;0.123;SELL
2016-02-10T00:40:31.823000;2016-02-10T00:40:31.933000;5665ec65-7e2a-4fc4-af05-790c09ad8cdd;372.56;0.137;SELL
2016-02-10T00:40:31.823000;2016-02-10T00:40:31.933000;3a1e0566-c227-483e-aea1-fd0419ed284a;372.56;4.688;SELL
2016-02-10T00:40:31.823000;2016-02-10T00:40:31.933000;2f071a81-b708-4f2e-971b-8a4f2e4bf3f7;372.53;0.127;SELL
2016-02-10T00:40:31.823000;2016-02-10T00:40:31.933000;d0ee2b65-e3a7-4f6c-bbe9-002125acba95;372.5;0.129;SELL
2016-02-10T00:40:31.823000;2016-02-10T00:40:31.933000;ffc42b57-1243-4ceb-81bb-e32b4b258f23;372.49;0.01;SELL
2016-02-10T00:40:31.823000;2016-02-10T00:40:31.933000;85a53a55-9a4d-4b0b-ac72-6595f6adbc64;372.39;1.2605;SELL
2016-02-10T00:40:31.827000;2016-02-10T00:40:31.933000;1e8c885f-2df0-430a-9ecb-c3914b11093b;372.38;2.23911;SELL
2016-02-10T00:41:02.217000;2016-02-10T00:41:02.230000;2c803fe9-249c-4d93-934d-31be6aa68c77;372.59;0.25;BUY
2016-02-10T00:41:02.217000;2016-02-10T00:41:02.247000;fc54d8b0-612c-4094-9a09-9bf610c6a723;372.63;0.01;BUY
2016-02-10T00:41:02.217000;2016-02-10T00:41:02.247000;b2666863-05b4-48bb-bbde-258f9b62eac3;372.63;0.01;BUY
2016-02-10T00:41:02.217000;2016-02-10T00:41:02.247000;bd98c76f-b21d-414e-be7b-f31a997ec90e;372.65;0.01;BUY
2016-02-10T00:41:02.217000;2016-02-10T00:41:02.247000;75c6e75a-de70-4530-8303-0fd8299c52bd;372.65;0.01;BUY
2016-02-10T00:41:02.217000;2016-02-10T00:41:02.247000;f6c896aa-bad3-4716-9dd6-fa89cafc4487;372.67;0.01;BUY
2016-02-10T00:41:02.217000;2016-02-10T00:41:02.247000;ea4b9e72-bd64-41cb-931e-7c571ee3bc64;372.67;0.01;BUY
2016-02-10T00:41:02.217000;2016-02-10T00:41:02.260000;266e2206-a889-4e79-a4dc-6c8a302ff65d;372.69;0.01;BUY
2016-02-10T00:41:02.217000;2016-02-10T00:41:02.260000;99449798-5159-44c1-8f8f-6dd2e9a7be9b;372.7;0.104;BUY
2016-02-10T00:41:02.217000;2016-02-10T00:41:02.260000;b177468a-c79a-43a6-b839-e21bd5b8f240;372.71;0.01;BUY
2016-02-10T00:41:02.217000;2016-02-10T00:41:02.260000;a06ca892-d92a-4413-9ccf-ddc693a4001f;372.71;0.01;BUY
2016-02-10T00:41:02.217000;2016-02-10T00:41:02.260000;73699db3-ba32-48d7-99ac-d2776ac1b921;372.73;0.01;BUY
2016-02-10T00:41:02.217000;2016-02-10T00:41:02.260000;a4621002-0031-4274-a5a7-0caa4db97bdf;372.73;0.122;BUY
2016-02-10T00:41:02.217000;2016-02-10T00:41:02.260000;1c7caeb3-71ee-460c-ac95-90f32d50e814;372.74;0.88;BUY
2016-02-10T00:41:02.217000;2016-02-10T00:41:02.260000;48371e3d-5db6-4cbc-af21-34c9679c5480;372.75;0.01;BUY
2016-02-10T00:41:02.217000;2016-02-10T00:41:02.260000;28d4d639-adc5-4ab2-8e2c-c3e9fb6b571d;372.75;0.01;BUY
2016-02-10T00:41:02.220000;2016-02-10T00:41:02.260000;9cd35413-5818-45bc-a2d2-74ca2f1dc351;372.75;1.1;BUY
2016-02-10T00:41:02.220000;2016-02-10T00:41:02.260000;01ac4f24-0cac-4b51-84fc-d19fed61d471;372.76;0.01;BUY
2016-02-10T00:41:02.220000;2016-02-10T00:41:02.277000;f31477eb-cfa2-4a2b-9f55-945a3e1fcaa4;372.76;0.20447;BUY
2016-02-10T00:41:32.437000;2016-02-10T00:41:32.450000;dadab781-3f59-49fa-8cf8-f13cdfe4ea17;372.65;0.01;SELL
2016-02-10T00:41:32.437000;2016-02-10T00:41:32.463000;28dd6c61-4314-49b1-9c0e-edc69df4f873;372.65;0.02;SELL
2016-02-10T00:41:32.437000;2016-02-10T00:41:32.463000;dfd84992-5cd6-40dc-a4b9-3a5f626807ae;372.65;2.0801;SELL
2016-02-10T00:41:56.557000;2016-02-10T00:41:56.573000;017bab77-1ea6-4c9c-b8d1-9462266ff2e6;372.66;0.01;BUY
2016-02-10T00:41:57.813000;2016-02-10T00:41:57.823000;b749a769-592f-4076-9eb8-ea185a07074b;372.66;0.24;BUY
2016-02-10T00:41:57.813000;2016-02-10T00:41:57.840000;90b92a3c-5570-4d12-92a8-6b883611b560;372.7;0.01;BUY
2016-02-10T00:41:57.813000;2016-02-10T00:41:57.840000;03626848-1d16-4c43-b3ec-e3e17fe0814d;372.7;0.01;BUY
2016-02-10T00:41:57.813000;2016-02-10T00:41:57.840000;88435837-ff17-4729-89e7-1d0c6c32b508;372.7;0.126;BUY
2016-02-10T00:41:58.790000;2016-02-10T00:41:58.843000;14e7212d-d0ad-4a89-88ca-37261930df93;372.72;0.01;BUY
2016-02-10T00:41:58.790000;2016-02-10T00:41:58.843000;c7b51f08-5001-4b8f-88f7-6ed099e65cc5;372.72;0.123;BUY
2016-02-10T00:41:58.790000;2016-02-10T00:41:58.843000;03e4e1c1-33ef-435d-9c7a-06a5ee215802;372.75;0.126;BUY
2016-02-10T00:41:58.790000;2016-02-10T00:41:58.843000;eff350c3-f0de-4130-875e-be2b9f382374;372.78;0.112;BUY
2016-02-10T00:41:58.790000;2016-02-10T00:41:58.843000;07249cf2-7542-4772-b025-d4f27a08bdde;372.79;0.01;BUY
2016-02-10T00:41:58.790000;2016-02-10T00:41:58.843000;9ee60a28-07dd-4977-aeab-d3fb11254801;372.79;0.01;BUY
2016-02-10T00:41:59.907000;2016-02-10T00:41:59.953000;daed4013-7b50-4cf9-9b94-ba735b6490e2;372.8;0.25;BUY
2016-02-10T00:41:59.907000;2016-02-10T00:41:59.970000;3a6ce34e-9611-485e-a926-5ae4cdfb1802;372.81;0.01;BUY
2016-02-10T00:41:59.907000;2016-02-10T00:41:59.970000;b5834cfa-efc6-44ed-a6f8-a6721addaec5;372.81;0.01;BUY
2016-02-10T00:41:59.907000;2016-02-10T00:41:59.970000;cfa5bf50-cbdf-47ba-a36d-cf2aff80d1ef;372.81;0.143;BUY
2016-02-10T00:41:59.907000;2016-02-10T00:41:59.970000;d515ae22-2d8b-4bb6-aa30-ee6261c60a67;372.83;0.01;BUY
2016-02-10T00:41:59.910000;2016-02-10T00:41:59.970000;735cb5b1-befe-4ae6-9970-c3184828ddbd;372.83;0.01;BUY
2016-02-10T00:41:59.910000;2016-02-10T00:41:59.983000;f29c37f2-d201-4ccb-8b3b-023dab3c4aa1;372.84;0.302;BUY
2016-02-10T00:41:59.910000;2016-02-10T00:42:00.030000;528126fe-13b7-4a89-aae2-3b7914bdb8fc;372.85;0.01;BUY
2016-02-10T00:41:59.910000;2016-02-10T00:42:00.030000;95903473-fe60-405f-9aff-b5ff72c3b143;372.85;0.01;BUY
2016-02-10T00:41:59.910000;2016-02-10T00:42:00.030000;4dd3b0a1-4aff-4788-9a4b-16ea2955d867;372.87;0.01;BUY
2016-02-10T00:41:59.910000;2016-02-10T00:42:00.030000;deee4d42-bfcc-4806-b7c9-289392b9b9f5;372.87;0.01;BUY
2016-02-10T00:41:59.910000;2016-02-10T00:42:00.030000;9cd3256a-7cb2-4e98-a279-d0c6a8d22d45;372.87;0.02190632;BUY
2016-02-10T00:42:00.923000;2016-02-10T00:42:00.970000;4a41b2df-0688-430b-94e7-d5afce7205a3;372.89;0.25;BUY
2016-02-10T00:42:00.923000;2016-02-10T00:42:00.970000;ab465a36-520d-4b30-ac06-0a72adb60991;372.89;0.54690632;BUY
2016-02-10T00:42:01.900000;2016-02-10T00:42:01.937000;54b4e934-9869-4a09-832c-a5ccc5b541d3;372.88;0.576;BUY
2016-02-10T00:42:01.900000;2016-02-10T00:42:01.953000;7da61cc4-8c8b-439b-9eee-8d2442ed9882;372.89;0.22090632;BUY
2016-02-10T00:42:02.110000;2016-02-10T00:42:02.157000;876086c3-2a2c-43d6-9f38-a968a9fdbb24;372.87;0.88;BUY
2016-02-10T00:42:02.110000;2016-02-10T00:42:02.157000;829509aa-06e3-4b0f-894a-d877aae784e0;372.87;0.25;BUY
2016-02-10T00:42:02.110000;2016-02-10T00:42:02.157000;fbe67ebd-cbce-4357-ab4e-d548b975da8d;372.89;0.44;BUY
2016-02-10T00:42:02.110000;2016-02-10T00:42:02.157000;d25fc40a-9507-420f-b11e-7e3c58883a3f;372.9;0.21159;BUY
2016-02-10T00:42:32.030000;2016-02-10T00:42:32.077000;a973a54b-c494-4d0d-9fed-409424461bce;372.8;0.25;BUY
2016-02-10T00:42:32.030000;2016-02-10T00:42:32.077000;7091f915-f0bf-4740-a5df-e9f56f03c5f4;372.8;0.255;BUY
2016-02-10T00:42:32.030000;2016-02-10T00:42:32.077000;e6126407-f378-4bad-8ca3-b513c28f7f4f;372.83;0.66;BUY
2016-02-10T00:42:32.030000;2016-02-10T00:42:32.077000;6247b7a3-1b2e-42dc-9490-fa2e2c6af78b;372.84;0.553;BUY
2016-02-10T00:42:32.030000;2016-02-10T00:42:32.077000;6187d400-c0b5-43a7-830a-89b861271d03;372.86;0.66;BUY
2016-02-10T00:42:32.030000;2016-02-10T00:42:32.077000;e8b5db15-9b6b-4540-a078-716c5f6fecca;372.87;0.428;BUY
2016-02-10T00:42:32.030000;2016-02-10T00:42:32.093000;bff0eb6b-2518-4148-8099-879ddf030a39;372.88;1.1;BUY
2016-02-10T00:42:32.030000;2016-02-10T00:42:32.093000;7e5419b5-0163-461e-b7d8-1e991906cb07;372.89;0.469;BUY
2016-02-10T00:42:32.033000;2016-02-10T00:42:32.093000;7bf30cdc-86e8-46e0-884f-807cc537d72f;372.91;1.76;BUY
2016-02-10T00:42:32.033000;2016-02-10T00:42:32.110000;d3576e71-4d52-4a04-97e5-d9a18b236c87;372.92;2.0;BUY
2016-02-10T00:42:32.033000;2016-02-10T00:42:32.110000;28bb2528-9a73-4e7c-9cd8-e19327d702b7;372.95;0.97673;BUY
2016-02-10T00:43:01.973000;2016-02-10T00:43:02.017000;88603660-3e56-40fd-b0b0-5abb906a70c1;372.8;0.25;BUY
2016-02-10T00:43:01.973000;2016-02-10T00:43:02.017000;59925471-9692-4b83-8d21-b323bf9aa1f6;372.8;0.141;BUY
2016-02-10T00:43:01.973000;2016-02-10T00:43:02.017000;791d6315-9925-4f61-912b-21f117cc0604;372.82;0.22;BUY
2016-02-10T00:43:01.973000;2016-02-10T00:43:02.030000;ca7ce454-64e9-47fd-9ac5-284977f7bfbc;372.83;0.16136;BUY
2016-02-10T00:43:23.700000;2016-02-10T00:43:23.733000;60bc23c2-3076-4c3c-a4cc-dec9ec160863;372.81;0.25;BUY
2016-02-10T00:43:23.700000;2016-02-10T00:43:23.750000;e1366f87-8219-4ffe-8bd6-b5c08a3445f7;372.81;0.285;BUY
2016-02-10T00:43:23.703000;2016-02-10T00:43:23.750000;4670ca1e-a2d8-4fb2-9750-ec14540c52bc;372.83;0.66;BUY
2016-02-10T00:43:23.703000;2016-02-10T00:43:23.750000;7151edc5-2229-40d0-8328-0974fa5ab455;372.84;0.293;BUY
2016-02-10T00:43:23.703000;2016-02-10T00:43:23.750000;5b480ef8-711a-47b4-8cc1-1fe0bc0c1bd0;372.86;1.1;BUY
2016-02-10T00:43:23.703000;2016-02-10T00:43:23.750000;7cc64a5a-a32d-4292-8ef0-a15b9e6520ab;372.87;0.08742179;BUY
2016-02-10T00:43:32.210000;2016-02-10T00:43:32.250000;3abc7062-ff0b-4707-862b-0c1d7973994d;372.79;0.40590632;SELL
2016-02-10T00:43:32.210000;2016-02-10T00:43:32.267000;40b74b80-860b-4146-a41d-71e5e6ec64b1;372.79;0.02;SELL
2016-02-10T00:43:32.210000;2016-02-10T00:43:32.267000;ce818558-5a09-4409-8cb7-cd236df73bb2;372.76;0.21;SELL
2016-02-10T00:43:32.210000;2016-02-10T00:43:32.267000;8dc92662-ab3e-47a6-9dce-fcaf632875b5;372.72;0.167;SELL
2016-02-10T00:43:32.210000;2016-02-10T00:43:32.267000;d214a682-458d-4b77-88f6-b8bfbdf38ad0;372.7;0.41090632;SELL
2016-02-10T00:43:32.210000;2016-02-10T00:43:32.280000;e12888f2-dd6a-40e5-8cf4-66f1a96c4c73;372.69;0.219;SELL
2016-02-10T00:43:32.210000;2016-02-10T00:43:32.280000;7d9a0b35-f744-4bec-b761-117ec843a15e;372.66;0.202;SELL
2016-02-10T00:43:32.210000;2016-02-10T00:43:32.280000;140fc576-ebf7-41d6-b3ab-3b8d59ce6e36;372.63;0.01;SELL
2016-02-10T00:43:32.210000;2016-02-10T00:43:32.280000;58c98124-73d3-4b0f-a69e-27f169fb57f9;372.63;0.01;SELL
2016-02-10T00:43:32.210000;2016-02-10T00:43:32.280000;5e2a9298-15ef-461c-99ed-0fe9bf77a633;372.63;0.199;SELL
2016-02-10T00:43:32.210000;2016-02-10T00:43:32.280000;3acc7e10-bf22-4a6e-918d-2d2d207d48e2;372.62;0.7609;SELL
2016-02-10T00:43:32.210000;2016-02-10T00:43:32.280000;db71acd8-d884-43ee-b15d-6ada737a9c62;372.61;0.01;SELL
2016-02-10T00:43:32.210000;2016-02-10T00:43:32.280000;66e9b670-5133-4b4d-85ec-dc8c0cc37826;372.61;0.79690632;SELL
2016-02-10T00:43:32.210000;2016-02-10T00:43:32.280000;177cce8e-7da2-4016-a44b-b2ac6d4d76d0;372.6;0.197;SELL
2016-02-10T00:43:32.210000;2016-02-10T00:43:32.297000;1abc5620-53d5-4c31-92c6-85410791e26e;372.57;0.152;SELL
2016-02-10T00:43:32.210000;2016-02-10T00:43:32.343000;caca41da-b53e-417a-bd14-fd00bc99a11d;372.56;0.01;SELL
2016-02-10T00:43:32.210000;2016-02-10T00:43:32.360000;72cf3ac3-b1f5-4768-b1d1-864db8aabd65;372.54;0.01;SELL
2016-02-10T00:43:32.210000;2016-02-10T00:43:32.360000;32336d40-8124-4050-841f-f8f0c25a88a6;372.54;0.01;SELL
2016-02-10T00:43:32.210000;2016-02-10T00:43:32.360000;693b55e8-5f27-4286-af71-4ed349754c08;372.53;0.01;SELL
2016-02-10T00:43:32.210000;2016-02-10T00:43:32.360000;3f683d5b-ccc9-4b99-b9af-14ed4ca5f5e2;372.52;0.01;SELL
2016-02-10T00:43:32.210000;2016-02-10T00:43:32.360000;69ce3ba8-1e20-4173-8920-65dbf652077a;372.52;0.01;SELL
2016-02-10T00:43:32.213000;2016-02-10T00:43:32.360000;5415da28-8921-4b0d-849a-571bdb75522f;372.52;0.79690632;SELL
2016-02-10T00:43:32.213000;2016-02-10T00:43:32.360000;27396339-7a6b-4a0f-9169-43b8b66c7454;372.52;0.231;SELL
2016-02-10T00:43:32.213000;2016-02-10T00:43:32.360000;7d3b9001-b062-4a2e-9dd2-ff5ac74a404e;372.51;0.21;SELL
2016-02-10T00:43:32.213000;2016-02-10T00:43:32.360000;12465a0f-a4e0-4135-9add-efb3c4c3bff4;372.5;0.01;SELL
2016-02-10T00:43:32.213000;2016-02-10T00:43:32.360000;113c8671-ce93-4424-84f1-62270698e918;372.49;0.181;SELL
2016-02-10T00:43:32.213000;2016-02-10T00:43:32.360000;9bf2b33c-06f2-49cd-98e3-76c64f50061b;372.48;0.01;SELL
2016-02-10T00:43:32.213000;2016-02-10T00:43:32.360000;f282bd5f-9e66-4365-a6b3-788191ed6d92;372.48;0.203;SELL
2016-02-10T00:43:32.213000;2016-02-10T00:43:32.360000;3adc3309-3ea6-43e6-86b5-204931b7943d;372.46;0.01;SELL
2016-02-10T00:43:32.213000;2016-02-10T00:43:32.360000;560ef741-b28d-4e61-a109-461b33cc2198;372.46;0.01;SELL
2016-02-10T00:43:32.213000;2016-02-10T00:43:32.360000;050f0ac6-89d1-45d2-a47e-0f9cce238411;372.45;0.179;SELL
2016-02-10T00:43:32.213000;2016-02-10T00:43:32.360000;50d007f3-a103-4ffe-a8ec-cca0337f335a;372.45;2.0;SELL
2016-02-10T00:43:32.213000;2016-02-10T00:43:32.360000;1114d91b-e9d3-46a9-aa6e-dfa69e904e37;372.44;0.01;SELL
2016-02-10T00:43:32.213000;2016-02-10T00:43:32.360000;920501b5-1429-4a46-818a-dfb02c8051c5;372.43;0.79690632;SELL
2016-02-10T00:43:32.213000;2016-02-10T00:43:32.360000;c168dac3-3fb5-47b7-a7e0-fc267c2c7b8a;372.42;0.01;SELL
2016-02-10T00:43:32.213000;2016-02-10T00:43:32.377000;58360524-ba66-4613-bb52-5feda2432495;372.42;0.01;SELL
2016-02-10T00:43:32.213000;2016-02-10T00:43:32.377000;246029ff-dd09-4ce7-a152-b6b0baea1e77;372.41;1.32;SELL
2016-02-10T00:43:32.213000;2016-02-10T00:43:32.377000;96e0914f-5f78-4f93-9475-58e8b0111b11;372.4;0.812;SELL
2016-02-10T00:43:32.213000;2016-02-10T00:43:32.377000;e3340ad4-228e-48a7-8623-29f336d96b7f;372.38;2.42;SELL
2016-02-10T00:43:32.213000;2016-02-10T00:43:32.377000;8118abe1-0507-4bb4-a62c-d144360628fa;372.37;0.789;SELL
2016-02-10T00:43:32.213000;2016-02-10T00:43:32.377000;6b64576c-e033-4e60-ae1b-e891ec405583;372.37;4.187;SELL
2016-02-10T00:43:32.213000;2016-02-10T00:43:32.377000;58ed1504-fb9c-4c81-837b-ad7db5980637;372.34;0.799;SELL
2016-02-10T00:43:32.213000;2016-02-10T00:43:32.377000;498d21b4-7724-453b-86a2-a5a4b47597b8;372.34;0.79690632;SELL
2016-02-10T00:43:32.213000;2016-02-10T00:43:32.377000;edaa3c12-9f8e-4e83-a8b2-7cb8b0a57e96;372.33;0.01;SELL
2016-02-10T00:43:32.217000;2016-02-10T00:43:32.377000;6e1d0fc8-7d55-45e2-8570-e0e3d738acd3;372.31;0.01;SELL
2016-02-10T00:43:32.217000;2016-02-10T00:43:32.377000;7a3a7c3d-4fe2-4dd1-bacd-608f41e52879;372.31;0.808;SELL
2016-02-10T00:43:32.217000;2016-02-10T00:43:32.377000;bc6dd465-3c86-4021-920f-cb0d82cdfa91;372.29;0.01;SELL
2016-02-10T00:43:32.217000;2016-02-10T00:43:32.377000;bf9fb46d-28c8-4525-adbd-700c2ed83061;372.29;0.01;SELL
2016-02-10T00:43:32.217000;2016-02-10T00:43:32.377000;13f94fe4-d0a5-46ad-92df-878c6ecbdb35;372.28;0.822;SELL
2016-02-10T00:43:32.217000;2016-02-10T00:43:32.377000;08506e5f-0560-4034-808d-8fd1196b7dbe;372.26;1.1;SELL
2016-02-10T00:43:32.217000;2016-02-10T00:43:32.377000;6925ed3e-cbba-44e3-8245-31532742c71e;372.25;0.0115;SELL
2016-02-10T00:43:32.217000;2016-02-10T00:43:32.377000;1d8ec00b-2155-43b6-bb65-09261c9cab53;372.25;0.798;SELL
2016-02-10T00:43:32.217000;2016-02-10T00:43:32.377000;9a639e97-0930-4751-8a61-f7ed02a3d0d1;372.25;0.79690632;SELL
2016-02-10T00:43:32.217000;2016-02-10T00:43:32.377000;ef90d229-5cbb-427b-855c-cfe2d4506db0;372.23;1.02568576;SELL
2016-02-10T00:44:01.983000;2016-02-10T00:44:02.030000;481cd4f4-b97a-4074-a631-9cd2dd792ebb;372.53;0.01;SELL
2016-02-10T00:44:01.983000;2016-02-10T00:44:02.030000;3a8eb90b-dd88-414d-9338-74fe6bdf682a;372.53;0.095;SELL
2016-02-10T00:44:01.983000;2016-02-10T00:44:02.030000;88be5af2-b3a6-4420-8eaa-20793e023d96;372.53;0.50413;SELL
2016-02-10T00:44:31.857000;2016-02-10T00:44:31.890000;d244d83f-c255-4121-96c9-f927aa32bbc9;372.54;0.25;BUY
2016-02-10T00:44:31.857000;2016-02-10T00:44:31.907000;3feb9b18-a27e-482e-b886-58653d5312aa;372.58;0.01;BUY
2016-02-10T00:44:31.857000;2016-02-10T00:44:31.907000;c529dafd-1c13-427e-ac04-203667ec1254;372.6;0.01;BUY
2016-02-10T00:44:31.857000;2016-02-10T00:44:31.907000;8833090e-3438-4281-9867-ee77056b847e;372.6;0.01;BUY
2016-02-10T00:44:31.857000;2016-02-10T00:44:31.923000;a052d35f-eb28-41f4-a777-a134666861a2;372.62;0.01;BUY
2016-02-10T00:44:31.857000;2016-02-10T00:44:31.923000;43f551ab-0904-4242-805c-6d28dcd3ef4a;372.64;0.01;BUY
2016-02-10T00:44:31.857000;2016-02-10T00:44:31.937000;4e408d0f-57f1-4d97-a958-337098a58a11;372.64;0.01;BUY
2016-02-10T00:44:31.857000;2016-02-10T00:44:31.937000;dd664c8b-1958-4865-92dc-bbcb5d4c8225;372.64;0.115;BUY
2016-02-10T00:44:31.857000;2016-02-10T00:44:31.937000;9711a33f-0672-4def-81ca-acb2e3fa6df4;372.66;0.01;BUY
2016-02-10T00:44:31.857000;2016-02-10T00:44:31.937000;a586b728-1f74-43f2-b87c-19a6ea8b0ad3;372.66;0.01;BUY
2016-02-10T00:44:31.857000;2016-02-10T00:44:31.937000;3af93b4f-c0a1-4d88-aac9-fbcfb0963908;372.68;0.01;BUY
2016-02-10T00:44:31.860000;2016-02-10T00:44:31.937000;7408a718-be74-4c11-9fc0-35b304c5e927;372.68;0.01;BUY
2016-02-10T00:44:31.860000;2016-02-10T00:44:31.953000;081bd1c4-6c88-4be3-84e7-f15d2d13de23;372.68;0.076;BUY
2016-02-10T00:44:31.860000;2016-02-10T00:44:31.953000;4c6869bb-f4b0-4ef6-8dde-f6a09e92480b;372.69;0.3;BUY
2016-02-10T00:44:31.860000;2016-02-10T00:44:31.953000;e91cd943-9754-41fc-b67c-2bfb6455cf3e;372.7;0.01;BUY
2016-02-10T00:44:31.860000;2016-02-10T00:44:31.953000;0cb16850-dfd3-49f5-a06b-96ce22f4d816;372.7;0.01;BUY
2016-02-10T00:44:31.860000;2016-02-10T00:44:31.970000;22a1ec1d-a4ce-4bf1-8370-01324e20ad0f;372.71;0.01;BUY
2016-02-10T00:44:31.860000;2016-02-10T00:44:31.970000;799e1083-3b2a-4615-959c-173ae27b848f;372.71;0.01;BUY
2016-02-10T00:44:31.860000;2016-02-10T00:44:31.970000;5428f673-6550-4774-82bd-02092870d622;372.71;0.082;BUY
2016-02-10T00:44:31.860000;2016-02-10T00:44:31.970000;ec61afe0-2fd4-4ac1-8abb-4828daef7ab5;372.71;0.22;BUY
2016-02-10T00:44:31.860000;2016-02-10T00:44:31.970000;88a8a404-2cd1-4339-b1f1-187f0882f07c;372.72;0.01;BUY
2016-02-10T00:44:31.860000;2016-02-10T00:44:31.970000;4085c9fd-bae7-4b37-9f40-587bc5efa0c1;372.74;0.01;BUY
2016-02-10T00:44:31.860000;2016-02-10T00:44:31.970000;a52825b7-6b93-4f0b-a7ce-75ee0acc1a1d;372.74;0.01;BUY
2016-02-10T00:44:31.860000;2016-02-10T00:44:31.970000;11528163-7b0e-4225-8793-156753ac4c02;372.74;0.089;BUY
2016-02-10T00:44:31.860000;2016-02-10T00:44:31.970000;e9e4a9b2-ce11-44e5-8f5f-b3288a2079ea;372.75;0.01;BUY
2016-02-10T00:44:31.860000;2016-02-10T00:44:31.970000;a6e9a760-6e10-4cf6-b449-624ed2fcf267;372.75;1.39064;BUY
2016-02-10T00:45:02.233000;2016-02-10T00:45:02.280000;203d9d23-ccd1-44af-92f8-8a6595a518ea;372.64;0.01;BUY
2016-02-10T00:45:02.233000;2016-02-10T00:45:02.280000;e6438cb6-9567-46b4-924e-8f05f2cd7c0d;372.64;0.01;BUY
2016-02-10T00:45:02.237000;2016-02-10T00:45:02.280000;f2bec601-c5aa-4cef-97d5-ccafe7f11a41;372.75;0.44;BUY
2016-02-10T00:45:02.237000;2016-02-10T00:45:02.297000;d5cbdd16-62a3-45af-9ab4-daa5ba13f6e8;372.76;0.01;BUY
2016-02-10T00:45:02.237000;2016-02-10T00:45:02.297000;aac0452b-7f84-4158-824f-bf3a52305b1c;372.77;0.44;BUY
2016-02-10T00:45:02.237000;2016-02-10T00:45:02.297000;519b0332-ba74-4e11-8339-f260a3ed9368;372.78;0.01;BUY
2016-02-10T00:45:02.237000;2016-02-10T00:45:02.297000;1f6cfabf-6fc7-4cfa-a678-736e6d99a928;372.78;0.44;BUY
2016-02-10T00:45:02.237000;2016-02-10T00:45:02.297000;5a2a10f3-40ab-4165-a4be-db74269150e4;372.79;0.01;BUY
2016-02-10T00:45:02.237000;2016-02-10T00:45:02.297000;76b89736-7534-4bb3-8923-8be16d76af94;372.8;0.36497;BUY
2016-02-10T00:45:36.890000;2016-02-10T00:45:36.937000;83c5fdbb-52c7-4ea1-9968-6f0af1daad96;372.72;0.01;BUY
2016-02-10T00:45:36.890000;2016-02-10T00:45:36.937000;8f2a521e-6109-499f-ae92-146f9972bd08;372.72;0.00667;BUY
2016-02-10T00:45:45.513000;2016-02-10T00:45:45.547000;72c48600-18bc-4e72-b7c2-e5ebe1ef1a4f;372.68;0.01;SELL
2016-02-10T00:45:45.513000;2016-02-10T00:45:45.580000;6ee29213-97cc-44ac-8e27-a191e48b75d4;372.68;0.33;SELL
2016-02-10T00:45:45.513000;2016-02-10T00:45:45.580000;87837ef4-12e5-423a-9b53-be8f7ca03262;372.65;0.01;SELL
2016-02-10T00:45:45.513000;2016-02-10T00:45:45.580000;37b34777-9d6f-491b-b26b-8cd58948e4b5;372.65;0.01;SELL
2016-02-10T00:45:45.513000;2016-02-10T00:45:45.580000;62f97aea-ca1c-46a7-8ae5-c648235c3526;372.63;0.081;SELL
2016-02-10T00:45:45.513000;2016-02-10T00:45:45.580000;0b13f315-b4f4-4465-a4fb-ef81d5353eec;372.6;0.113;SELL
2016-02-10T00:45:45.513000;2016-02-10T00:45:45.593000;bfe0be5c-2afe-490d-8db9-b5bb4424b0bd;372.57;0.01;SELL
2016-02-10T00:45:45.517000;2016-02-10T00:45:45.593000;d2b66766-1f3e-47a3-a565-d23b1aff9093;372.57;0.079;SELL
2016-02-10T00:45:45.517000;2016-02-10T00:45:45.593000;d083f4c3-6cfe-422a-9c07-a7c16b6485ff;372.56;0.01;SELL
2016-02-10T00:45:45.517000;2016-02-10T00:45:45.593000;9dd0c4b7-25d8-472c-a53b-94d170ffeafa;372.55;0.01;SELL
2016-02-10T00:45:45.517000;2016-02-10T00:45:45.593000;b2d27d72-de99-4a39-804a-d170cb9ac7cb;372.54;0.08;SELL
2016-02-10T00:45:45.517000;2016-02-10T00:45:45.593000;fb3ba9d7-4607-4f79-b590-14ffba8b92a9;372.51;0.01;SELL
2016-02-10T00:45:45.517000;2016-02-10T00:45:45.593000;2e34d0be-eabf-45e6-850e-63eb199329df;372.51;0.085;SELL
2016-02-10T00:45:45.517000;2016-02-10T00:45:45.593000;3777052c-1f42-4843-aa88-5b44093a8e51;372.49;0.01;SELL
2016-02-10T00:45:45.517000;2016-02-10T00:45:45.593000;ba8a503b-e12b-4424-89f8-43ce981629c8;372.47;0.01;SELL
2016-02-10T00:45:45.517000;2016-02-10T00:45:45.593000;62df4b5f-7185-4173-9c80-e1aae34a95dd;372.47;0.01;SELL
2016-02-10T00:45:45.517000;2016-02-10T00:45:45.593000;6df291da-7510-4154-996c-513654ce1780;372.45;0.01;SELL
2016-02-10T00:45:45.517000;2016-02-10T00:45:45.610000;6c31a944-33c7-49b3-a363-4165808b3dee;372.45;0.01;SELL
2016-02-10T00:45:45.517000;2016-02-10T00:45:45.610000;af284fd3-c9e6-45d1-ba3c-ddb436037378;372.45;1.0;SELL
2016-02-10T00:45:45.517000;2016-02-10T00:45:45.610000;748e1cef-9087-436e-a978-7fdb034af649;372.44;0.652;SELL
2016-02-10T00:45:45.517000;2016-02-10T00:45:45.610000;5584fbca-7a76-44c5-bc0c-76238b1ee219;372.43;0.01;SELL
2016-02-10T00:45:45.517000;2016-02-10T00:45:45.610000;9d73198a-471c-4f02-a4dd-0232cb5de8ff;372.41;0.01;SELL
2016-02-10T00:45:45.517000;2016-02-10T00:45:45.627000;a518cfdb-1146-4c44-a5ff-e36ea7d6a205;372.41;0.692;SELL
2016-02-10T00:45:45.517000;2016-02-10T00:45:45.627000;b757bc9c-0fa8-4056-9dcd-7cfae5e9d2ed;372.39;0.01;SELL
2016-02-10T00:45:45.520000;2016-02-10T00:45:45.627000;8fcadd06-fd5f-4d15-95ca-737a3952772c;372.39;0.01;SELL
2016-02-10T00:45:45.520000;2016-02-10T00:45:45.627000;f4fae4a6-e10e-4c0e-8153-bcb3241ee44d;372.38;0.676;SELL
2016-02-10T00:45:45.520000;2016-02-10T00:45:45.627000;b6cd92e4-235d-436c-9a71-097d1e9ed6cd;372.37;0.01;SELL
2016-02-10T00:45:45.520000;2016-02-10T00:45:45.640000;e15b2009-df56-4f29-a2c1-6b02f8e392a0;372.37;0.01;SELL
2016-02-10T00:45:45.520000;2016-02-10T00:45:45.640000;377703e0-887d-4665-b224-6f39c743bf48;372.35;0.01;SELL
2016-02-10T00:45:45.520000;2016-02-10T00:45:45.640000;6351af38-89ca-425a-83a5-c3fb8ddbc4c9;372.35;0.662;SELL
2016-02-10T00:45:45.520000;2016-02-10T00:45:45.640000;e8ea4230-c6cb-4efb-96a5-4dc636f3171b;372.33;0.01;SELL
2016-02-10T00:45:45.520000;2016-02-10T00:45:45.640000;e6eb10ce-4855-4dfd-a266-215bcb31d07e;372.33;0.5003;SELL
2016-02-10T00:45:45.520000;2016-02-10T00:45:45.640000;21c8c97a-9f5f-4f69-abae-4751ffaaae5b;372.32;0.684;SELL
2016-02-10T00:45:45.520000;2016-02-10T00:45:45.640000;7e95ead3-850f-47d6-901c-23a72fca0802;372.31;0.01;SELL
2016-02-10T00:45:45.520000;2016-02-10T00:45:45.657000;48451245-9302-4f2c-8019-4eeae3fbd15b;372.31;0.01;SELL
2016-02-10T00:45:45.520000;2016-02-10T00:45:45.657000;1ba7307c-2c60-492d-b923-5079f2fc7cd4;372.3;1.76;SELL
2016-02-10T00:45:45.523000;2016-02-10T00:45:45.657000;b2f49783-40a0-48eb-9c55-18b5395a527a;372.29;0.01;SELL
2016-02-10T00:45:45.523000;2016-02-10T00:45:45.657000;d905a5d0-0626-4b60-a6d9-0bd8b16b5045;372.29;0.684;SELL
2016-02-10T00:45:45.523000;2016-02-10T00:45:45.657000;d1a54e95-4382-427a-9d13-3c89ba003e50;372.27;2.64;SELL
2016-02-10T00:45:45.523000;2016-02-10T00:45:45.657000;1563af74-fb73-49be-ab5f-cf7976750e3a;372.26;0.686;SELL
2016-02-10T00:45:45.523000;2016-02-10T00:45:45.673000;deb7fd22-8288-4360-8bcb-af933cc53746;372.24;3.3;SELL
2016-02-10T00:45:45.523000;2016-02-10T00:45:45.673000;39eef198-37f5-4bfd-abb1-0f9e2a159893;372.23;4.37431424;SELL
2016-02-10T00:45:45.523000;2016-02-10T00:45:45.673000;5706104c-f506-4eda-b7ae-63348cb5d419;372.23;0.689;SELL
2016-02-10T00:45:45.523000;2016-02-10T00:45:45.673000;287015b6-98c8-402c-bf38-957efa41d9dc;372.22;0.00238576;SELL
2016-02-10T00:46:02.393000;2016-02-10T00:46:02.437000;ff9a4acc-64df-4dbd-8c55-81f84fdfcc97;372.4;0.65779;BUY
2016-02-10T00:46:32.420000;2016-02-10T00:46:32.483000;90a2df97-afdf-496e-8898-92a77b6b37d9;372.37;0.01014;BUY
2016-02-10T00:46:33.047000;2016-02-10T00:46:33.080000;e7fa8520-5a8a-47f2-ab19-f688e4e4f16d;372.37;0.0286;BUY
2016-02-10T00:46:33.050000;2016-02-10T00:46:33.080000;64d9e646-9ccc-47f8-a9d4-16451067873e;372.37;0.044;BUY
2016-02-10T00:47:01.947000;2016-02-10T00:47:01.970000;d28fc364-45e2-4b13-a71f-403e38aa62dc;372.37;0.16726;BUY
2016-02-10T00:47:01.947000;2016-02-10T00:47:01.983000;6ee001de-f94a-45a6-922f-34a51f18a633;372.51;0.04017;BUY
2016-02-10T00:47:24.963000;2016-02-10T00:47:25.000000;7758e269-984d-44ed-aca3-47d23483bc75;372.41;0.22;BUY
2016-02-10T00:47:32.173000;2016-02-10T00:47:32.203000;a8f0c7c9-a9c5-43a0-9145-01da1d822104;372.35;0.01;SELL
2016-02-10T00:47:32.173000;2016-02-10T00:47:32.220000;32d3e02b-74a3-40f6-b422-d739d208b493;372.34;0.01;SELL
2016-02-10T00:47:32.173000;2016-02-10T00:47:32.220000;fad8227c-89b5-4ba7-ab59-cbbc8774b7e2;372.28;0.01;SELL
2016-02-10T00:47:32.173000;2016-02-10T00:47:32.220000;38fa9027-a36d-4ee3-a960-6335a26f2385;372.22;0.00761424;SELL
2016-02-10T00:47:32.173000;2016-02-10T00:47:32.220000;61a54efa-7b25-41c5-93e2-e0c5952406a0;372.22;0.08114576;SELL
2016-02-10T00:47:43.443000;2016-02-10T00:47:43.470000;9dbd8351-8e08-41f3-ad39-ad9c542eb0ef;372.42;0.26400527;BUY
2016-02-10T00:47:43.473000;2016-02-10T00:47:43.500000;4d7eece3-7d08-4185-8d52-b0772a95a7ac;372.42;0.17599473;BUY
2016-02-10T00:48:01.880000;2016-02-10T00:48:01.923000;01c14040-4641-492d-a81b-2dc9fd43a8b0;372.44;0.01;BUY
2016-02-10T00:48:01.880000;2016-02-10T00:48:01.923000;7742cbbc-c3b2-48c5-a5ee-a35b6b9cea56;372.44;0.25;BUY
2016-02-10T00:48:01.880000;2016-02-10T00:48:01.923000;84946fdf-c22a-4fda-912b-29ba2440e58c;372.46;0.01;BUY
2016-02-10T00:48:01.880000;2016-02-10T00:48:01.923000;9272d560-5d06-4a24-bcfa-bcb8ac006eb3;372.52;0.01;BUY
2016-02-10T00:48:01.883000;2016-02-10T00:48:01.937000;81fda0f9-8996-4079-8a6e-e94c62ea973e;372.53;0.01;BUY
2016-02-10T00:48:01.883000;2016-02-10T00:48:01.937000;c01dadd8-c9dd-4c2c-9b25-3c598a92939d;372.55;0.04105;BUY
2016-02-10T00:48:31.913000;2016-02-10T00:48:31.970000;5a22c051-75c4-4adb-9159-2e3cd65ec482;372.43;0.01;SELL
2016-02-10T00:48:31.913000;2016-02-10T00:48:31.970000;a40eb07a-dedb-49cb-9bc4-508b92e3ae12;372.4;6.67;SELL
2016-02-10T00:48:31.913000;2016-02-10T00:48:31.970000;6c15a742-5135-47b0-b7f3-bdea509655a2;372.39;6.75213;SELL
2016-02-10T00:49:02.187000;2016-02-10T00:49:02.203000;ed1bfb7c-3dd3-4dee-9f66-8787c90f52d6;372.54;0.2016;BUY
2016-02-10T00:50:02.193000;2016-02-10T00:50:02.220000;97d9bff5-9968-46cd-92ba-a67897be360f;372.51;0.20092973;SELL
2016-02-10T00:50:02.193000;2016-02-10T00:50:02.220000;af755123-d706-497d-8d00-a4c06b472db2;372.51;0.46750027;SELL
2016-02-10T00:50:32.587000;2016-02-10T00:50:32.610000;f0f2a589-2a14-4e77-b1d2-898760bb6b5c;372.52;0.06744;BUY
2016-02-10T00:51:32.103000;2016-02-10T00:51:32.127000;cfadabec-11a6-460e-863a-3cd8d47aaeed;372.52;0.13176;BUY
