time_exchange;time_coinpai;guid;price;base_amount;taker_side
2016-04-12T00:00:01.000000;2016-04-12T00:00:01.000000;59953a9b-38a7-4bb9-87b9-b014bbd66538;423.95;0.01;UNKNOWN
2016-04-12T00:00:01.000000;2016-04-12T00:00:01.000000;f222d6b9-9478-4118-9c09-f270b563a633;423.99;1.2936964;UNKNOWN
2016-04-12T00:00:01.000000;2016-04-12T00:00:01.000000;59f777fc-9826-4a64-b0a9-dfe9e6836256;423.97;0.02;UNKNOWN
2016-04-12T00:00:01.000000;2016-04-12T00:00:01.000000;905949da-b0fd-43b8-8e9d-4ada3ee15e44;423.97;1.0;UNKNOWN
2016-04-12T00:00:01.000000;2016-04-12T00:00:01.000000;40bd3ab3-e70b-4041-be0c-04d5acc0ce46;423.96;0.02;UNKNOWN
2016-04-12T00:00:01.000000;2016-04-12T00:00:01.000000;b9e99e0b-25fc-46bc-a515-c9e2e201f758;423.98;0.0200118;UNKNOWN
2016-04-12T00:00:01.000000;2016-04-12T00:00:01.000000;f6571fa7-b8fa-4bb9-8103-131937845de2;423.99;0.0200118;UNKNOWN
2016-04-12T00:00:01.000000;2016-04-12T00:00:01.000000;3facd0a6-4255-4d99-8b94-3b44d080d47c;423.95;0.01;UNKNOWN
2016-04-12T00:00:33.000000;2016-04-12T00:00:33.000000;1d28161c-2572-4f9d-b49b-7694841edbd6;423.98;0.398;UNKNOWN
2016-04-12T00:00:33.000000;2016-04-12T00:00:33.000000;4cee8c74-4c44-4a9c-9da7-c287290f78e1;423.99;1.60324;UNKNOWN
2016-04-12T00:01:00.000000;2016-04-12T00:01:00.000000;92fdb3ae-c0b0-4556-b9b3-91dc54a0feef;423.88;0.01;UNKNOWN
2016-04-12T00:01:00.000000;2016-04-12T00:01:00.000000;76b4e04d-9fff-4101-8cb5-ffba2df1f421;423.87;0.27023;UNKNOWN
2016-04-12T00:01:33.000000;2016-04-12T00:01:33.000000;c9d7706b-bb7e-43af-9261-7b00bf298cb8;423.99;0.28768;UNKNOWN
2016-04-12T00:01:33.000000;2016-04-12T00:01:33.000000;303cf18c-77a7-4f08-a6b8-aad116dbc80a;423.98;0.065;UNKNOWN
2016-04-12T00:01:33.000000;2016-04-12T00:01:33.000000;08377dea-85a2-4f41-9682-e46ca9fe6032;423.93;0.27023;UNKNOWN
2016-04-12T00:01:33.000000;2016-04-12T00:01:33.000000;3040c0c7-3cf2-4c33-8163-99d557c82fae;423.92;0.01;UNKNOWN
2016-04-12T00:02:00.000000;2016-04-12T00:02:00.000000;304fe1d1-6c9e-4570-a98c-df8e0254847b;423.99;0.94651;UNKNOWN
2016-04-12T00:02:00.000000;2016-04-12T00:02:00.000000;d61a55d2-ef92-4d6a-ad68-4f57b6902186;423.98;0.407;UNKNOWN
2016-04-12T00:02:30.000000;2016-04-12T00:02:30.000000;57435ea4-ffcc-4e5b-b09e-c45dde6f1fb3;423.99;0.01868;UNKNOWN
2016-04-12T00:02:30.000000;2016-04-12T00:02:30.000000;f1436eb0-a646-4e71-914f-4a9c1b995ada;423.98;0.39;UNKNOWN
2016-04-12T00:03:01.000000;2016-04-12T00:03:01.000000;6f2ad2b8-7dc8-4c9b-995b-6c46ac62c84e;423.9;0.46704;UNKNOWN
2016-04-12T00:03:31.000000;2016-04-12T00:03:31.000000;82f21b38-33da-47f4-9b3d-c7a575dfbf7f;423.9;2.54370237;UNKNOWN
2016-04-12T00:03:31.000000;2016-04-12T00:03:31.000000;03ad2bc8-e0b8-4e65-9c14-b487b9299946;423.98;1.02402763;UNKNOWN
2016-04-12T00:04:00.000000;2016-04-12T00:04:00.000000;5b1241be-1c71-450f-a444-c1fc359dae4e;423.89;0.59858;UNKNOWN
2016-04-12T00:05:00.000000;2016-04-12T00:05:00.000000;ee920c7d-ea13-44d0-812e-9a5b611069c2;423.99;1.40471;UNKNOWN
2016-04-12T00:05:00.000000;2016-04-12T00:05:00.000000;0b3891d3-348a-4c2b-9ba4-1cae08086306;423.98;3.8;UNKNOWN
2016-04-12T00:05:00.000000;2016-04-12T00:05:00.000000;5e0815a7-87b6-4b09-921b-70bf579a1884;423.98;0.383;UNKNOWN
2016-04-12T00:05:32.000000;2016-04-12T00:05:32.000000;c4f880f2-4b89-4a81-8a1a-06cb4f81a4a0;423.98;1.19097;UNKNOWN
2016-04-12T00:06:00.000000;2016-04-12T00:06:00.000000;f3e79828-5451-469e-8c58-d9a557b79899;423.99;0.07006;UNKNOWN
2016-04-12T00:06:30.000000;2016-04-12T00:06:30.000000;90b8f835-aa49-42a1-97ef-b9d01671ac59;423.98;0.12755;UNKNOWN
2016-04-12T00:07:30.000000;2016-04-12T00:07:30.000000;1d7d1930-d8a6-40c6-bc23-039bb3748bac;423.88;0.01;UNKNOWN
2016-04-12T00:07:30.000000;2016-04-12T00:07:30.000000;80953c8d-dbe1-4a44-ad0e-e5ea11bbe149;423.89;0.15;UNKNOWN
2016-04-12T00:07:30.000000;2016-04-12T00:07:30.000000;8d575afc-8a5c-476a-8be5-16488a4775e5;423.89;0.88;UNKNOWN
2016-04-12T00:07:30.000000;2016-04-12T00:07:30.000000;917b413a-89e5-48de-af76-2253be7c83bc;423.89;0.5;UNKNOWN
2016-04-12T00:07:30.000000;2016-04-12T00:07:30.000000;e747a3b6-1b63-4dcb-a177-00401f37183c;423.88;1.75793;UNKNOWN
2016-04-12T00:07:30.000000;2016-04-12T00:07:30.000000;c7ca018b-70bd-469f-80b2-38ab51d68ce4;423.88;0.0683;UNKNOWN
2016-04-12T00:08:00.000000;2016-04-12T00:08:00.000000;2f206896-4397-4ad3-a475-4072ae2268a6;423.95;0.10676;UNKNOWN
2016-04-12T00:08:00.000000;2016-04-12T00:08:00.000000;42719d23-ad2f-4195-b775-27d77b1e9d27;423.94;0.01;UNKNOWN
2016-04-12T00:08:27.000000;2016-04-12T00:08:27.000000;fceea0db-6439-4b48-a9c8-565a69816900;423.95;0.28731079;UNKNOWN
2016-04-12T00:08:31.000000;2016-04-12T00:08:31.000000;301ae5a3-bf77-4ad9-9e71-f180e323c6b3;423.9;0.065;UNKNOWN
2016-04-12T00:08:31.000000;2016-04-12T00:08:31.000000;d825429c-f4b0-4dc0-bed9-02d6646527ac;423.92;0.097;UNKNOWN
2016-04-12T00:08:31.000000;2016-04-12T00:08:31.000000;3c0b22fe-c563-4811-83d0-b8f4b3133cd8;423.92;0.01;UNKNOWN
2016-04-12T00:08:31.000000;2016-04-12T00:08:31.000000;c362969f-df1d-4d6a-9414-2cf485d6c42d;423.88;0.06446;UNKNOWN
2016-04-12T00:09:04.000000;2016-04-12T00:09:04.000000;f54a9173-d665-429e-bbbc-2681bf6a750a;423.99;0.20314079;UNKNOWN
2016-04-12T00:09:04.000000;2016-04-12T00:09:04.000000;78e9c666-e925-4722-b435-5a94c6ebbb7d;423.95;0.10592921;UNKNOWN
2016-04-12T00:09:04.000000;2016-04-12T00:09:04.000000;a0a1e5c1-151d-4de3-b56e-13fc9dd222c1;423.94;0.15;UNKNOWN
2016-04-12T00:09:04.000000;2016-04-12T00:09:04.000000;5c1d2b82-7498-4381-9bd0-6cf55ed5cd42;423.94;0.01;UNKNOWN
2016-04-12T00:09:31.000000;2016-04-12T00:09:31.000000;c94b1ec5-5e7c-4e73-9794-698222b67059;423.99;0.52403;UNKNOWN
2016-04-12T00:09:47.000000;2016-04-12T00:09:47.000000;3e282c7d-0e04-4185-b900-d2d53c245671;423.99;0.22;UNKNOWN
2016-04-12T00:10:01.000000;2016-04-12T00:10:01.000000;cbc7289d-1697-452f-8492-8d332bd60259;423.99;0.63955;UNKNOWN
2016-04-12T00:10:30.000000;2016-04-12T00:10:30.000000;07bca024-13c3-461b-981d-06262b246599;423.99;0.17981719;UNKNOWN
2016-04-12T00:10:30.000000;2016-04-12T00:10:30.000000;330c8bcb-271a-4155-a9bf-165d91826e26;423.99;0.06370281;UNKNOWN
2016-04-12T00:11:00.000000;2016-04-12T00:11:00.000000;870dc679-312a-48db-9bd5-2f9433b850f1;423.99;0.11675;UNKNOWN
2016-04-12T00:11:31.000000;2016-04-12T00:11:31.000000;4b60e57e-b67e-4678-afb2-e103e53e13ae;423.99;1.16918;UNKNOWN
2016-04-12T00:11:46.000000;2016-04-12T00:11:46.000000;86a9bf98-b788-4355-8e4f-907bd043794c;423.99;8.519;UNKNOWN
2016-04-12T00:12:02.000000;2016-04-12T00:12:02.000000;04b8b7dc-e704-4b0d-8304-5d4d0714ec27;423.99;0.05;UNKNOWN
2016-04-12T00:12:05.000000;2016-04-12T00:12:05.000000;a6a4d792-ed33-4394-8537-10e6013bf401;423.99;4.29884;UNKNOWN
2016-04-12T00:12:30.000000;2016-04-12T00:12:30.000000;9732c410-d9a4-41ba-bbf4-3e985bc6aa6c;423.98;1.51132;UNKNOWN
2016-04-12T00:12:30.000000;2016-04-12T00:12:30.000000;39dec4b3-760b-45dd-8f1d-19e762e053b8;423.98;0.082;UNKNOWN
2016-04-12T00:13:01.000000;2016-04-12T00:13:01.000000;e600eb4a-edb8-47fa-92f7-5e773a27060c;423.98;0.16095;UNKNOWN
2016-04-12T00:13:01.000000;2016-04-12T00:13:01.000000;d4917d8d-696c-45e7-82ea-f714ca4d8941;423.98;0.2;UNKNOWN
2016-04-12T00:13:01.000000;2016-04-12T00:13:01.000000;5ada1508-84cd-44ee-ba04-e52e5fe256b9;423.98;0.19;UNKNOWN
2016-04-12T00:13:01.000000;2016-04-12T00:13:01.000000;0f3c7050-d60e-454c-bacb-68a00cc9c711;423.98;4.32468;UNKNOWN
2016-04-12T00:13:35.000000;2016-04-12T00:13:35.000000;548cf657-5b64-4ce4-98ec-99ea18c38e87;423.99;1.00413;UNKNOWN
2016-04-12T00:14:02.000000;2016-04-12T00:14:02.000000;629a72f4-103b-44cd-9f93-19a20265fadb;423.99;1.46159;UNKNOWN
2016-04-12T00:15:01.000000;2016-04-12T00:15:01.000000;68b6d22b-2763-4bd8-8883-973d1d1b238a;423.98;0.816;UNKNOWN
2016-04-12T00:15:01.000000;2016-04-12T00:15:01.000000;4d656526-f174-41c7-abbd-e6667a6533e1;423.98;0.03905;UNKNOWN
2016-04-12T00:15:01.000000;2016-04-12T00:15:01.000000;3c029598-b9a1-44b5-bd0a-adb88d89d87e;423.98;0.25;UNKNOWN
2016-04-12T00:15:01.000000;2016-04-12T00:15:01.000000;5de23afe-c63a-4e74-923e-28af420eb92d;423.98;0.2;UNKNOWN
2016-04-12T00:15:01.000000;2016-04-12T00:15:01.000000;37348c67-24ff-48ed-b6e2-f971e369ff2d;423.98;0.2;UNKNOWN
2016-04-12T00:15:01.000000;2016-04-12T00:15:01.000000;7e7fac8e-8097-4305-aff3-cca4710de821;423.98;0.2;UNKNOWN
2016-04-12T00:15:01.000000;2016-04-12T00:15:01.000000;d1f2205c-4388-442d-8059-0aa2d88c9cf9;423.98;0.2;UNKNOWN
2016-04-12T00:15:01.000000;2016-04-12T00:15:01.000000;edc382ac-e3f3-4227-8dcc-a6877de18994;423.97;2.17813;UNKNOWN
2016-04-12T00:15:01.000000;2016-04-12T00:15:01.000000;18b82a47-08ac-4821-af45-6f0c51edd917;423.97;0.065;UNKNOWN
2016-04-12T00:15:31.000000;2016-04-12T00:15:31.000000;e03d44b0-25c4-4720-af28-a68657778b80;423.99;0.37361;UNKNOWN
2016-04-12T00:16:01.000000;2016-04-12T00:16:01.000000;1e7b94c8-7ab1-4241-9a2f-2f43bfc4322f;423.99;3.39903;UNKNOWN
2016-04-12T00:16:24.000000;2016-04-12T00:16:24.000000;1027ca8f-691f-4c3b-9e33-397b4f8f1e24;423.98;0.0023586;UNKNOWN
2016-04-12T00:16:32.000000;2016-04-12T00:16:32.000000;f6f9fabc-5d44-47df-b0b1-2b6899dae187;423.99;1.1676;UNKNOWN
2016-04-12T00:17:31.000000;2016-04-12T00:17:31.000000;75e5717d-7e56-4358-ab02-e1462e2979a2;423.99;1.25;UNKNOWN
2016-04-12T00:18:04.000000;2016-04-12T00:18:04.000000;5bbf61bf-8df9-4f89-9242-a8339f5686ca;423.99;0.08161;UNKNOWN
2016-04-12T00:18:13.000000;2016-04-12T00:18:13.000000;03e61d03-eff6-4eaf-be04-5bfe85a3d37f;423.99;0.1;UNKNOWN
2016-04-12T00:18:55.000000;2016-04-12T00:18:55.000000;06c391d7-a946-4281-bb3b-d8458f32826b;423.99;0.07497;UNKNOWN
2016-04-12T00:18:55.000000;2016-04-12T00:18:55.000000;a4a5e5af-d90d-4559-b000-964ad4393547;423.99;0.49503;UNKNOWN
2016-04-12T00:19:01.000000;2016-04-12T00:19:01.000000;ecd07742-88af-46cd-8d5a-6a30f13ff72b;423.99;0.492;UNKNOWN
2016-04-12T00:20:01.000000;2016-04-12T00:20:01.000000;eb4e0429-93f3-4035-a6f9-b6990c390ccf;423.99;1.1769;UNKNOWN
2016-04-12T00:20:31.000000;2016-04-12T00:20:31.000000;ec4d54d3-1bb9-4eb1-934a-0b23a1f3d4cb;423.99;2.40488;UNKNOWN
2016-04-12T00:21:31.000000;2016-04-12T00:21:31.000000;fb2699cc-9d3c-4dfa-8a5e-9743890c1d88;423.99;0.08253;UNKNOWN
2016-04-12T00:22:01.000000;2016-04-12T00:22:01.000000;0fb0505c-2884-4d06-9385-6c1f60234ff3;423.99;2.99606;UNKNOWN
2016-04-12T00:23:01.000000;2016-04-12T00:23:01.000000;1a652aef-eede-43fe-809b-6f02959756c9;423.99;0.4997;UNKNOWN
2016-04-12T00:23:31.000000;2016-04-12T00:23:31.000000;39c4ef8a-a84e-4f0b-87c9-70d3b5033219;423.99;1.99632021;UNKNOWN
2016-04-12T00:23:31.000000;2016-04-12T00:23:31.000000;a2ad016a-76bd-4dd5-9404-83939379d9c1;423.99;0.21017;UNKNOWN
2016-04-12T00:23:31.000000;2016-04-12T00:23:31.000000;3101d7c1-422d-4b53-9224-792fed0b44cd;424.0;0.00367979;UNKNOWN
2016-04-12T00:23:52.000000;2016-04-12T00:23:52.000000;4e52f521-1b8b-4ee6-ba37-0b90b18774d2;424.0;1.0;UNKNOWN
2016-04-12T00:23:52.000000;2016-04-12T00:23:52.000000;f564180f-9b55-4d4c-8fae-ca707e77a79c;424.0;0.01;UNKNOWN
2016-04-12T00:23:52.000000;2016-04-12T00:23:52.000000;627be950-ad4f-469f-a519-d81e227c984b;424.0;0.8845694;UNKNOWN
2016-04-12T00:23:52.000000;2016-04-12T00:23:52.000000;6d4db717-324d-466b-92d4-04475d124b56;424.0;0.10841896;UNKNOWN
2016-04-12T00:23:52.000000;2016-04-12T00:23:52.000000;5ba23f31-59d3-4a9e-b6f4-1a54a3ace813;424.0;3.5;UNKNOWN
2016-04-12T00:23:52.000000;2016-04-12T00:23:52.000000;0553a08e-3172-4362-8b19-a06908448685;424.0;0.1;UNKNOWN
2016-04-12T00:23:52.000000;2016-04-12T00:23:52.000000;5d81cb18-692e-4a5e-97f5-499484bafb42;424.0;1.0;UNKNOWN
2016-04-12T00:23:52.000000;2016-04-12T00:23:52.000000;30bc92b0-bffb-4b78-bcce-c6d11afb5f19;424.0;0.1;UNKNOWN
2016-04-12T00:23:52.000000;2016-04-12T00:23:52.000000;1f7ef59a-8fa4-423d-9498-b96d9e1e4b9f;424.0;0.69264015;UNKNOWN
2016-04-12T00:23:52.000000;2016-04-12T00:23:52.000000;6ef00741-fb34-4d59-9dcd-70a59f533091;424.0;0.25;UNKNOWN
2016-04-12T00:23:52.000000;2016-04-12T00:23:52.000000;31ba68b6-2e15-47d8-b173-7c61e24e5bc1;424.0;0.01;UNKNOWN
2016-04-12T00:23:52.000000;2016-04-12T00:23:52.000000;5d28746f-b0f3-494a-b7ad-c4a14e5cbd01;424.0;0.01;UNKNOWN
2016-04-12T00:23:52.000000;2016-04-12T00:23:52.000000;6af0acd0-f87c-4dcd-a4b9-b1778d317eee;424.0;0.01;UNKNOWN
2016-04-12T00:23:52.000000;2016-04-12T00:23:52.000000;eced5db6-96ed-4b69-8ce8-18b9c574afe2;424.0;3.0;UNKNOWN
2016-04-12T00:23:52.000000;2016-04-12T00:23:52.000000;c062776e-64cf-450a-9c84-d2829eec603b;424.0;4.36265419;UNKNOWN
2016-04-12T00:23:52.000000;2016-04-12T00:23:52.000000;cb77a647-669e-4745-9954-44566016762d;424.0;0.4;UNKNOWN
2016-04-12T00:23:52.000000;2016-04-12T00:23:52.000000;f8f4d6eb-7e05-4122-a17d-f02db270449e;424.0;0.04;UNKNOWN
2016-04-12T00:23:52.000000;2016-04-12T00:23:52.000000;b07b7e27-4359-477b-b5f8-20d5014b0893;424.0;0.5;UNKNOWN
2016-04-12T00:23:52.000000;2016-04-12T00:23:52.000000;1531f58c-3db9-4346-ae34-7590a5d68063;424.0;0.0217173;UNKNOWN
2016-04-12T00:24:01.000000;2016-04-12T00:24:01.000000;8612bdce-29cc-4314-94c1-02e0d34b9cd6;423.99;0.035;UNKNOWN
2016-04-12T00:24:01.000000;2016-04-12T00:24:01.000000;2c04a1b5-b574-4b55-84ef-dc6f2c138afc;423.99;0.19903;UNKNOWN
2016-04-12T00:24:04.000000;2016-04-12T00:24:04.000000;5827ceb1-59e9-4d30-bcee-8b3fbc058fb0;424.0;0.0125;UNKNOWN
2016-04-12T00:24:04.000000;2016-04-12T00:24:04.000000;7cca86dc-4a44-438c-b031-212e2c482e27;424.0;0.63734581;UNKNOWN
2016-04-12T00:24:20.000000;2016-04-12T00:24:20.000000;7ddbb171-ad7d-40a9-8961-d27ec26243d9;424.01;0.01;UNKNOWN
2016-04-12T00:24:20.000000;2016-04-12T00:24:20.000000;d1767f8b-ed1b-439f-9ff6-c07dff2e746b;424.01;1.0;UNKNOWN
2016-04-12T00:24:20.000000;2016-04-12T00:24:20.000000;28287fd1-6882-4953-82c8-13abc29f24ee;424.01;0.02;UNKNOWN
2016-04-12T00:24:20.000000;2016-04-12T00:24:20.000000;312a8f1c-0352-4765-b1ef-51db817ec0e3;424.01;0.03;UNKNOWN
2016-04-12T00:24:20.000000;2016-04-12T00:24:20.000000;887228f0-f012-4e8a-8c92-b5e8c36c49d2;424.01;0.10841896;UNKNOWN
2016-04-12T00:24:20.000000;2016-04-12T00:24:20.000000;3ac54a87-fe84-4458-a85b-d2584b7a2547;424.01;0.03158104;UNKNOWN
2016-04-12T00:24:31.000000;2016-04-12T00:24:31.000000;66a75c64-17c1-4bdd-94b7-41e72be23e33;424.02;0.01;UNKNOWN
2016-04-12T00:24:31.000000;2016-04-12T00:24:31.000000;da4dabcf-78eb-4e60-8930-5c14d4ebedf4;424.03;0.01;UNKNOWN
2016-04-12T00:24:31.000000;2016-04-12T00:24:31.000000;3bb93e96-efd0-4bec-8b8f-669102fad560;424.02;0.01;UNKNOWN
2016-04-12T00:24:31.000000;2016-04-12T00:24:31.000000;9e584d1f-0dc2-4be9-b0f6-11ee51ff9063;424.01;0.21841896;UNKNOWN
2016-04-12T00:24:31.000000;2016-04-12T00:24:31.000000;04b84c45-74b2-4267-8710-231e5e6231d4;424.03;0.02;UNKNOWN
2016-04-12T00:24:31.000000;2016-04-12T00:24:31.000000;cb717fbe-1d88-4cef-829a-78e4f4f1c1ff;424.03;0.02816516;UNKNOWN
2016-04-12T00:24:31.000000;2016-04-12T00:24:31.000000;26d16baf-13c4-47eb-af18-977db47dbbee;424.03;0.28719588;UNKNOWN
2016-04-12T00:25:00.000000;2016-04-12T00:25:00.000000;fb3a3d57-c95a-4111-9772-fc8f58ab1ade;424.04;0.10062179;UNKNOWN
2016-04-12T00:25:00.000000;2016-04-12T00:25:00.000000;36c2393b-0f58-4442-91bb-f01244aa7f76;424.03;0.01;UNKNOWN
2016-04-12T00:25:00.000000;2016-04-12T00:25:00.000000;ef2aa07d-b958-4e69-ac13-d10fe64517a4;424.05;2.22289824;UNKNOWN
2016-04-12T00:25:00.000000;2016-04-12T00:25:00.000000;d93c0914-1c89-418d-8fd7-d7bdcaca0d8c;424.03;0.14647997;UNKNOWN
2016-04-12T00:25:00.000000;2016-04-12T00:25:00.000000;a5fe6457-5280-4abb-a923-86badf17cb34;424.04;0.02;UNKNOWN
2016-04-12T00:25:01.000000;2016-04-12T00:25:01.000000;c6ec31e9-8f72-40d0-b215-7d7fe3f54f66;424.03;1.71421;UNKNOWN
2016-04-12T00:25:01.000000;2016-04-12T00:25:01.000000;a28f87c2-ae39-4e3f-8941-4e102208f43b;424.03;0.738;UNKNOWN
2016-04-12T00:25:08.000000;2016-04-12T00:25:08.000000;f9667793-f561-4105-ab99-4c69be80f159;424.05;1.77710176;UNKNOWN
2016-04-12T00:25:08.000000;2016-04-12T00:25:08.000000;b8af50a3-9172-4919-aed8-2f3b5fb502ec;424.05;0.01;UNKNOWN
2016-04-12T00:25:08.000000;2016-04-12T00:25:08.000000;88a68ffb-03a4-442d-9f3d-ff35818b9297;424.05;0.01;UNKNOWN
2016-04-12T00:25:08.000000;2016-04-12T00:25:08.000000;5a83897b-4acc-4a6a-af8f-b680a6a0fd39;424.05;0.01;UNKNOWN
2016-04-12T00:25:08.000000;2016-04-12T00:25:08.000000;9df68f5c-7beb-41bc-be48-a25423711823;424.05;0.03;UNKNOWN
2016-04-12T00:25:08.000000;2016-04-12T00:25:08.000000;7257ec32-ee10-4fa3-93fd-f5bf13cb811a;424.05;0.04289824;UNKNOWN
2016-04-12T00:25:08.000000;2016-04-12T00:25:08.000000;18be0360-7548-424d-a1b9-250663202e5b;424.05;0.02;UNKNOWN
2016-04-12T00:25:24.000000;2016-04-12T00:25:24.000000;2c080023-0721-4f4d-b696-9db4bfcaca04;424.05;0.02210176;UNKNOWN
2016-04-12T00:25:31.000000;2016-04-12T00:25:31.000000;4ca59624-7823-46e6-a1cf-829e6d7ff4f0;424.12;0.63998473;UNKNOWN
2016-04-12T00:25:31.000000;2016-04-12T00:25:31.000000;8b0b7c0f-5aad-4085-98b8-33ee22ca15d6;424.12;0.01;UNKNOWN
2016-04-12T00:25:31.000000;2016-04-12T00:25:31.000000;2c68d0b9-a1d5-4e24-9771-c8a84adfe3fe;424.11;0.15;UNKNOWN
2016-04-12T00:25:31.000000;2016-04-12T00:25:31.000000;93a6f780-40fd-4740-a18d-a5583e683660;424.12;0.01;UNKNOWN
2016-04-12T00:25:31.000000;2016-04-12T00:25:31.000000;6ea60386-ed83-461c-8abf-df134482dd98;424.08;0.01;UNKNOWN
2016-04-12T00:25:31.000000;2016-04-12T00:25:31.000000;9513eda1-918f-48f7-83b3-4e384d464c2d;424.11;0.01;UNKNOWN
2016-04-12T00:25:31.000000;2016-04-12T00:25:31.000000;fbe69b02-5c6d-4501-839c-9b95cfe494aa;424.09;0.01;UNKNOWN
2016-04-12T00:25:31.000000;2016-04-12T00:25:31.000000;8319d9b6-0432-4026-bd41-f91be5dede25;424.11;0.01;UNKNOWN
2016-04-12T00:25:31.000000;2016-04-12T00:25:31.000000;739fb144-3cc7-4c1a-a14f-1f29bf8212ae;424.1;0.01;UNKNOWN
2016-04-12T00:25:31.000000;2016-04-12T00:25:31.000000;a8b5a2f4-5597-452d-8160-272a08ab9174;424.08;0.01;UNKNOWN
2016-04-12T00:25:31.000000;2016-04-12T00:25:31.000000;e8733546-a9c4-4109-aa28-dbce75ce6338;424.1;0.01;UNKNOWN
2016-04-12T00:25:31.000000;2016-04-12T00:25:31.000000;70a399dd-c280-4ef5-8462-08589c7331f7;424.07;0.065;UNKNOWN
2016-04-12T00:25:31.000000;2016-04-12T00:25:31.000000;afc8a65d-787c-4dfb-a0bb-b301b77ab243;424.07;0.01878285;UNKNOWN
2016-04-12T00:25:31.000000;2016-04-12T00:25:31.000000;39294bf4-a4a1-4d8a-abfb-df70cd5694ad;424.07;0.01;UNKNOWN
2016-04-12T00:25:31.000000;2016-04-12T00:25:31.000000;06948c46-3d56-4bfb-9aee-f9c378738c4a;424.07;0.25060015;UNKNOWN
2016-04-12T00:25:31.000000;2016-04-12T00:25:31.000000;23b94232-25c0-4b89-a87c-55f3e3f73c87;424.07;0.01;UNKNOWN
2016-04-12T00:25:31.000000;2016-04-12T00:25:31.000000;29c22841-8b01-4a8f-a2ee-3f2f9dd6109e;424.07;0.01;UNKNOWN
2016-04-12T00:25:31.000000;2016-04-12T00:25:31.000000;6c807bff-ae92-4235-aa65-757f736c0121;424.07;0.14258227;UNKNOWN
2016-04-12T00:25:31.000000;2016-04-12T00:25:31.000000;121e8370-b727-4034-9b5e-c343dfbb9ee7;424.07;0.01;UNKNOWN
2016-04-12T00:25:52.000000;2016-04-12T00:25:52.000000;4c2d88db-bef4-4f17-8a7c-9ab64862ef04;424.12;3.0;UNKNOWN
2016-04-12T00:26:01.000000;2016-04-12T00:26:01.000000;9980e4eb-f667-4b5f-a65e-0492cb166410;424.23;0.02;UNKNOWN
2016-04-12T00:26:01.000000;2016-04-12T00:26:01.000000;faabea8f-8501-4fb1-9ea0-8815bf254cf8;424.22;0.01;UNKNOWN
2016-04-12T00:26:01.000000;2016-04-12T00:26:01.000000;99570695-e4ec-4a10-b890-8ef5090690c8;424.2;0.59884;UNKNOWN
2016-04-12T00:26:01.000000;2016-04-12T00:26:01.000000;4a45170a-c551-4f2b-86a3-34970ba60a43;424.2;0.1;UNKNOWN
2016-04-12T00:26:01.000000;2016-04-12T00:26:01.000000;6865bc32-6143-4f97-adda-957acd2576ec;424.2;0.285;UNKNOWN
2016-04-12T00:26:01.000000;2016-04-12T00:26:01.000000;00fab5bf-bb50-4282-81cd-ea84205bb999;424.12;0.36001527;UNKNOWN
2016-04-12T00:26:01.000000;2016-04-12T00:26:01.000000;d4ece867-f904-4f1a-a8e6-1ee0b5366708;424.17;0.03910369;UNKNOWN
2016-04-12T00:26:01.000000;2016-04-12T00:26:01.000000;a49346a5-42c2-4144-bc65-0bcd91013c7a;424.13;0.01;UNKNOWN
2016-04-12T00:26:01.000000;2016-04-12T00:26:01.000000;d94d6156-b69e-4d57-8f82-c4b69cb822a4;424.17;0.01376994;UNKNOWN
2016-04-12T00:26:01.000000;2016-04-12T00:26:01.000000;beafdd2f-2361-434d-8086-75583a9029b0;424.18;0.12359291;UNKNOWN
2016-04-12T00:26:01.000000;2016-04-12T00:26:01.000000;a25c77f9-aab1-4dde-9d73-cf55c2b8724f;424.19;0.085;UNKNOWN
2016-04-12T00:26:01.000000;2016-04-12T00:26:01.000000;ae2e7f7d-c2fa-4902-834c-e56fb8e976de;424.19;0.08829872;UNKNOWN
2016-04-12T00:26:01.000000;2016-04-12T00:26:01.000000;45551d14-7311-4f31-a9f3-3d4169fc4f14;424.19;0.01;UNKNOWN
2016-04-12T00:26:01.000000;2016-04-12T00:26:01.000000;242fc9b6-8ede-43c1-9960-f07d34a37975;424.24;0.01508973;UNKNOWN
2016-04-12T00:26:01.000000;2016-04-12T00:26:01.000000;1276964c-b709-4502-8264-4d3e4baa9262;424.21;0.01203442;UNKNOWN
2016-04-12T00:26:01.000000;2016-04-12T00:26:01.000000;a6803d15-c976-426c-898d-62ec9f16eb5a;424.24;0.04308532;UNKNOWN
2016-04-12T00:26:42.000000;2016-04-12T00:26:42.000000;3b0b5fbb-e12b-47fa-a8f5-191ee3fed881;424.37;0.23711403;UNKNOWN
2016-04-12T00:26:42.000000;2016-04-12T00:26:42.000000;4f3bd416-89ff-4f55-8bca-be35f637ef5f;424.3;0.01;UNKNOWN
2016-04-12T00:26:42.000000;2016-04-12T00:26:42.000000;6eeb553b-3a85-443a-9bcf-1fc571d15682;424.27;0.01566251;UNKNOWN
2016-04-12T00:26:42.000000;2016-04-12T00:26:42.000000;dd4357ee-aa30-42b6-b5e2-fa49c06de770;424.28;0.01508973;UNKNOWN
2016-04-12T00:26:42.000000;2016-04-12T00:26:42.000000;0968c737-4f0d-4ae6-b723-77032389aba7;424.27;0.01;UNKNOWN
2016-04-12T00:26:42.000000;2016-04-12T00:26:42.000000;729109b5-c32b-4ca1-b79b-2ace6294dfd7;424.28;0.6;UNKNOWN
2016-04-12T00:26:42.000000;2016-04-12T00:26:42.000000;3240eac3-4f2b-4780-beaa-16e0d05d46cf;424.31;0.01;UNKNOWN
2016-04-12T00:26:42.000000;2016-04-12T00:26:42.000000;9f955a4c-3df2-4983-a2d3-409808b3c443;424.35;0.01;UNKNOWN
2016-04-12T00:26:42.000000;2016-04-12T00:26:42.000000;d3297652-14ab-49c2-9f67-4cfc532ed585;424.31;0.422;UNKNOWN
2016-04-12T00:26:42.000000;2016-04-12T00:26:42.000000;4743e4eb-3896-432f-b508-0028e9253b73;424.31;0.065;UNKNOWN
2016-04-12T00:26:42.000000;2016-04-12T00:26:42.000000;56a6d640-b27f-47fd-9266-9819d5d5fad2;424.27;0.02;UNKNOWN
2016-04-12T00:26:42.000000;2016-04-12T00:26:42.000000;3effcc5d-7f35-4512-bdd0-57d1d5330818;424.25;0.01;UNKNOWN
2016-04-12T00:26:42.000000;2016-04-12T00:26:42.000000;b2f3cdfd-cfb0-4abd-85b0-ed4aa104af83;424.27;0.01566251;UNKNOWN
2016-04-12T00:26:42.000000;2016-04-12T00:26:42.000000;b5c2ddff-8b71-46e1-a93c-6f0a1ced1e07;424.25;0.4;UNKNOWN
2016-04-12T00:26:42.000000;2016-04-12T00:26:42.000000;669bf93f-d03a-49d0-a1e6-eac3c2dd1d99;424.25;0.1990689;UNKNOWN
2016-04-12T00:26:42.000000;2016-04-12T00:26:42.000000;a71e219e-b449-4966-b37b-632beacfd565;424.25;0.4;UNKNOWN
2016-04-12T00:26:42.000000;2016-04-12T00:26:42.000000;1e71708e-12cf-4fca-9a03-33f96b58e4b9;424.25;1.0;UNKNOWN
2016-04-12T00:26:42.000000;2016-04-12T00:26:42.000000;89a24dbd-9ac3-4fb6-8228-e1621cc616e1;424.25;0.0216376;UNKNOWN
2016-04-12T00:26:42.000000;2016-04-12T00:26:42.000000;cd604c34-adb3-4829-8e90-756533600faf;424.24;0.0185;UNKNOWN
2016-04-12T00:26:42.000000;2016-04-12T00:26:42.000000;2b1db598-4ebc-4a3a-8379-cc3e9dbf811c;424.24;0.01956472;UNKNOWN
2016-04-12T00:26:53.000000;2016-04-12T00:26:53.000000;58288d89-d8f6-4933-9251-c5bb3fc9e199;424.24;0.0193;UNKNOWN
2016-04-12T00:26:53.000000;2016-04-12T00:26:53.000000;3b0e5b01-4059-4658-9c5e-f34cc4a6fdce;424.35;0.085;UNKNOWN
2016-04-12T00:26:53.000000;2016-04-12T00:26:53.000000;733a57d4-54c0-46be-a90e-ff76f5934cee;424.35;0.03;UNKNOWN
2016-04-12T00:26:53.000000;2016-04-12T00:26:53.000000;bbbd6fe6-6083-44c3-a13a-591dc7bbfe8e;424.34;0.72;UNKNOWN
2016-04-12T00:27:01.000000;2016-04-12T00:27:01.000000;12491c8e-1932-45d1-be5e-f928b8ca1555;424.4;0.68276;UNKNOWN
2016-04-12T00:27:01.000000;2016-04-12T00:27:01.000000;7ccd0125-b75e-4715-9690-9ca1ae61a9c8;424.4;0.1;UNKNOWN
2016-04-12T00:27:01.000000;2016-04-12T00:27:01.000000;13025b9a-756b-42df-92c0-b1b2238e249a;424.39;0.401;UNKNOWN
2016-04-12T00:27:31.000000;2016-04-12T00:27:31.000000;5e32c8d8-d591-4eef-881a-378334ddb297;424.34;0.295;UNKNOWN
2016-04-12T00:27:31.000000;2016-04-12T00:27:31.000000;ab893f2c-8879-48c6-a17c-f3126083eef0;424.37;0.065;UNKNOWN
2016-04-12T00:27:31.000000;2016-04-12T00:27:31.000000;dbae2cb0-9413-4aea-a2ed-643e17c57a48;424.38;2.1457;UNKNOWN
2016-04-12T00:28:01.000000;2016-04-12T00:28:01.000000;8a204ee7-4745-46ca-bf16-c2343d4c9bf8;424.39;0.138;UNKNOWN
2016-04-12T00:28:31.000000;2016-04-12T00:28:31.000000;ee3ceb2c-9207-4e44-a500-357a81902719;424.35;0.58501;UNKNOWN
2016-04-12T00:28:31.000000;2016-04-12T00:28:31.000000;c08483a2-996d-4392-be94-67e65de3fc64;424.35;0.01;UNKNOWN
2016-04-12T00:29:01.000000;2016-04-12T00:29:01.000000;64d070c3-8fef-4552-9d41-0bff0b440702;424.38;0.01;UNKNOWN
2016-04-12T00:29:01.000000;2016-04-12T00:29:01.000000;399684fe-ff3e-4c1c-97aa-3c22bec5249b;424.38;0.431;UNKNOWN
2016-04-12T00:29:01.000000;2016-04-12T00:29:01.000000;e96cdd1c-43e9-4561-81f9-00dfd50876a4;424.4;0.4412;UNKNOWN
2016-04-12T00:29:31.000000;2016-04-12T00:29:31.000000;d19a70f3-598a-4831-88fd-21949a6c83a6;424.38;0.341;UNKNOWN
2016-04-12T00:29:58.000000;2016-04-12T00:29:58.000000;0a9d8df6-9d28-4c6a-9a9c-6d50a5ea3ac6;424.39;0.098;UNKNOWN
2016-04-12T00:29:58.000000;2016-04-12T00:29:58.000000;da6c5da1-654e-4e10-824b-3728e948cec5;424.39;0.07528;UNKNOWN
2016-04-12T00:29:58.000000;2016-04-12T00:29:58.000000;15b3e0af-727d-4dd1-b857-3b8b20eda512;424.39;0.02332;UNKNOWN
2016-04-12T00:29:58.000000;2016-04-12T00:29:58.000000;5518bde2-fede-44f4-9d75-8b65e4ddd72b;424.39;0.015;UNKNOWN
2016-04-12T00:30:03.000000;2016-04-12T00:30:03.000000;e886527b-0f8f-4728-b099-5133858f85df;424.4;0.2488;UNKNOWN
2016-04-12T00:30:03.000000;2016-04-12T00:30:03.000000;603051e7-aa1e-4c91-9b69-c6baa2f14d75;424.39;0.331;UNKNOWN
2016-04-12T00:30:31.000000;2016-04-12T00:30:31.000000;ad0f9c75-18ad-4cff-b35b-d5e9e92584bb;424.4;0.1;UNKNOWN
2016-04-12T00:30:31.000000;2016-04-12T00:30:31.000000;781bf203-0125-4f46-85ee-c061d7976bd3;424.4;0.06777;UNKNOWN
2016-04-12T00:30:31.000000;2016-04-12T00:30:31.000000;e61f9803-947e-4333-961b-8045acd5e213;424.4;0.79224;UNKNOWN
2016-04-12T00:30:31.000000;2016-04-12T00:30:31.000000;9958f50a-d0b8-457d-8d16-b6d8826f1704;424.39;0.34;UNKNOWN
2016-04-12T00:31:01.000000;2016-04-12T00:31:01.000000;f1372bbd-dee6-4e9d-ac94-6c0ca6810df5;424.4;0.22723;UNKNOWN
2016-04-12T00:31:01.000000;2016-04-12T00:31:01.000000;901ddacd-a294-465a-8757-7973a485eef2;424.4;0.14414;UNKNOWN
2016-04-12T00:31:36.000000;2016-04-12T00:31:36.000000;49ac6096-fc70-4c59-8168-7e614fad4fee;424.42;0.0049;UNKNOWN
2016-04-12T00:31:36.000000;2016-04-12T00:31:36.000000;7043406f-2c2a-4cbb-8396-4d10fed1c684;424.42;0.01;UNKNOWN
2016-04-12T00:32:01.000000;2016-04-12T00:32:01.000000;b29242ae-0545-4fcf-bef3-409b4875661e;424.42;0.78332;UNKNOWN
2016-04-12T00:32:01.000000;2016-04-12T00:32:01.000000;b502bcd6-8d7b-4514-9bee-edcab891da8b;424.42;0.1951;UNKNOWN
2016-04-12T00:32:01.000000;2016-04-12T00:32:01.000000;1812da47-7079-4ae9-916d-7725207889f1;424.41;0.318;UNKNOWN
2016-04-12T00:32:31.000000;2016-04-12T00:32:31.000000;8cbfc68a-b103-4ae9-9fe6-c13ffd2d5da3;424.42;0.60965;UNKNOWN
2016-04-12T00:33:01.000000;2016-04-12T00:33:01.000000;951ef469-1ffc-477e-b1c7-a4fae05644af;424.42;0.02321;UNKNOWN
2016-04-12T00:33:31.000000;2016-04-12T00:33:31.000000;d8c4edb1-23c7-4616-a24b-4cd4fe4f2133;424.37;0.09215;UNKNOWN
2016-04-12T00:33:31.000000;2016-04-12T00:33:31.000000;094bdc21-90d2-4bc2-b838-a8b63fcd64a9;424.37;0.01;UNKNOWN
2016-04-12T00:33:53.000000;2016-04-12T00:33:53.000000;345f6bd8-aa7b-44b0-81a6-72d608ebba40;424.41;0.01;UNKNOWN
2016-04-12T00:33:53.000000;2016-04-12T00:33:53.000000;38f5bc4c-4868-42d4-9d7e-eb71ca71fffe;424.42;0.57975561;UNKNOWN
2016-04-12T00:33:54.000000;2016-04-12T00:33:54.000000;1a02ff5d-b883-46ee-9f0d-71c29e2a3d24;424.42;0.58975561;UNKNOWN
2016-04-12T00:33:55.000000;2016-04-12T00:33:55.000000;0c4111aa-108d-4633-ab6e-d5980341f695;424.42;0.58975561;UNKNOWN
2016-04-12T00:33:55.000000;2016-04-12T00:33:55.000000;0c448036-e0a8-4019-8d75-fee4ad0fc183;424.42;0.58975561;UNKNOWN
2016-04-12T00:33:56.000000;2016-04-12T00:33:56.000000;2e8574a5-601f-4b9e-b047-507109520d7e;424.42;0.58975561;UNKNOWN
2016-04-12T00:34:01.000000;2016-04-12T00:34:01.000000;74c22997-ccf3-4235-ab15-cdccb003a89c;424.42;0.0119;UNKNOWN
2016-04-12T00:34:31.000000;2016-04-12T00:34:31.000000;6bcc2183-912c-4c16-8754-308f4e3b5491;424.42;0.04665;UNKNOWN
2016-04-12T00:35:08.000000;2016-04-12T00:35:08.000000;3e4680a1-8cad-487a-ab17-5ba8842b66fd;424.36;0.54237;UNKNOWN
2016-04-12T00:35:08.000000;2016-04-12T00:35:08.000000;63b5485e-48d3-46f4-8651-d5a5e065b87b;424.37;0.065;UNKNOWN
2016-04-12T00:35:08.000000;2016-04-12T00:35:08.000000;ca24bd88-37c6-44f9-973b-e5491016a20e;424.36;0.01;UNKNOWN
2016-04-12T00:35:08.000000;2016-04-12T00:35:08.000000;1e9ceaed-5bd8-4ef5-87fb-0da290192d9f;424.38;0.01;UNKNOWN
2016-04-12T00:35:31.000000;2016-04-12T00:35:31.000000;0d21f2b3-8e31-4d11-95ea-04dae3646a28;424.39;0.283;UNKNOWN
2016-04-12T00:35:31.000000;2016-04-12T00:35:31.000000;b7f14f77-9f02-4ced-b865-28af283dd498;424.4;2.05044;UNKNOWN
2016-04-12T00:36:01.000000;2016-04-12T00:36:01.000000;34460975-e2df-4d7f-b3fa-b18cc4989462;424.4;0.12527;UNKNOWN
2016-04-12T00:36:31.000000;2016-04-12T00:36:31.000000;5b04678d-d05e-47aa-9cc8-eb9ca369cc55;424.36;4.712;UNKNOWN
2016-04-12T00:37:01.000000;2016-04-12T00:37:01.000000;2df6c079-9495-4836-b4ba-47af703bc026;424.37;0.38638;UNKNOWN
2016-04-12T00:37:07.000000;2016-04-12T00:37:07.000000;5651f59d-c4e9-42fd-9173-33be6cdfca89;424.36;0.64;UNKNOWN
2016-04-12T00:37:21.000000;2016-04-12T00:37:21.000000;5959cf0d-d1da-45d5-8fef-65d8e2a148f4;424.37;0.09797;UNKNOWN
2016-04-12T00:37:31.000000;2016-04-12T00:37:31.000000;1657ae6d-13c5-45e0-9ebd-17a596c2f517;424.37;0.85223;UNKNOWN
2016-04-12T00:37:50.000000;2016-04-12T00:37:50.000000;4b98c201-dd8f-4289-b040-2925064fec34;424.37;0.03;UNKNOWN
2016-04-12T00:38:01.000000;2016-04-12T00:38:01.000000;e1e529e2-241f-4a25-9d93-9daec9b94b3f;424.37;0.45581;UNKNOWN
2016-04-12T00:38:01.000000;2016-04-12T00:38:01.000000;9cf2ba6c-9f58-4849-b9bb-4978b008de8f;424.42;0.37067732;UNKNOWN
2016-04-12T00:38:01.000000;2016-04-12T00:38:01.000000;962b71ea-6c17-45bd-a4c3-06c465b046cf;424.41;0.315;UNKNOWN
2016-04-12T00:38:01.000000;2016-04-12T00:38:01.000000;09940d2d-c862-449a-b47f-6f1093c57fb9;424.4;8.64435268;UNKNOWN
2016-04-12T00:38:01.000000;2016-04-12T00:38:01.000000;29831b82-28f7-442a-872f-9e1404760b79;424.4;1.99029;UNKNOWN
2016-04-12T00:39:01.000000;2016-04-12T00:39:01.000000;0a3f0991-ef2c-494d-8c14-8be1bfdd527c;424.42;0.12597;UNKNOWN
2016-04-12T00:39:31.000000;2016-04-12T00:39:31.000000;88279413-2c70-457e-a361-67a4ca55c58f;424.42;0.08984463;UNKNOWN
2016-04-12T00:39:31.000000;2016-04-12T00:39:31.000000;463d9fa6-13c2-4f43-aad3-3b2ab0343ef9;424.44;0.01;UNKNOWN
2016-04-12T00:39:31.000000;2016-04-12T00:39:31.000000;89170cfc-eb0a-4818-b0e9-3d9d8d9b73a7;424.44;0.02996537;UNKNOWN
2016-04-12T00:40:03.000000;2016-04-12T00:40:03.000000;e79a44ab-479c-4bf2-b029-daf06dc23f3a;424.36;0.00202124;UNKNOWN
2016-04-12T00:40:36.000000;2016-04-12T00:40:36.000000;416d0bda-b1c8-4515-85d6-fcb7e8a644ed;424.4;1.74707;UNKNOWN
2016-04-12T00:41:01.000000;2016-04-12T00:41:01.000000;5bf586e9-30cd-4c6c-aa91-592562f2a69f;424.36;0.20379;UNKNOWN
2016-04-12T00:41:01.000000;2016-04-12T00:41:01.000000;91b5eec2-c9cc-4b97-843f-d6d0f952f309;424.37;0.87;UNKNOWN
2016-04-12T00:41:31.000000;2016-04-12T00:41:31.000000;a20cc50d-fc47-4a49-b229-cd5dbcf998fc;424.4;0.151;UNKNOWN
2016-04-12T00:41:45.000000;2016-04-12T00:41:45.000000;b6edcbcf-ff27-4964-87fc-9c9201ed6c38;424.4;0.077;UNKNOWN
2016-04-12T00:41:45.000000;2016-04-12T00:41:45.000000;eba39b95-cf8a-462f-b88b-97c850dbb183;424.4;0.014;UNKNOWN
2016-04-12T00:41:45.000000;2016-04-12T00:41:45.000000;1145d06e-7d95-46eb-801b-73291a25c331;424.4;0.20540485;UNKNOWN
2016-04-12T00:42:01.000000;2016-04-12T00:42:01.000000;5194f583-e14b-4539-bc87-7a5ad140ae36;424.4;0.10152;UNKNOWN
2016-04-12T00:42:31.000000;2016-04-12T00:42:31.000000;e730b1aa-0f13-4fb6-a91f-7fee2b2902dd;424.4;0.11664;UNKNOWN
2016-04-12T00:43:02.000000;2016-04-12T00:43:02.000000;9a69fb3f-8102-4c3e-8f3f-54cad9bb3f28;424.36;0.42498;UNKNOWN
2016-04-12T00:43:02.000000;2016-04-12T00:43:02.000000;a5e4988f-668a-4219-bde8-5bfe226ac682;424.37;0.791;UNKNOWN
2016-04-12T00:43:31.000000;2016-04-12T00:43:31.000000;adf12738-e3a0-4144-bef7-b1e88e2beb85;424.4;0.148;UNKNOWN
2016-04-12T00:43:31.000000;2016-04-12T00:43:31.000000;2ab75ce0-4906-4177-9185-27986a656119;424.43;1.26;UNKNOWN
2016-04-12T00:43:31.000000;2016-04-12T00:43:31.000000;54a1813b-1ec6-4f86-999a-6c9a880bccd0;424.4;0.18837418;UNKNOWN
2016-04-12T00:43:31.000000;2016-04-12T00:43:31.000000;68f958a1-180c-4963-a01e-8058d911a799;424.45;1.26;UNKNOWN
2016-04-12T00:43:31.000000;2016-04-12T00:43:31.000000;7d2c386a-d669-462c-9d86-22fb7a697de1;424.44;0.39088071;UNKNOWN
2016-04-12T00:43:31.000000;2016-04-12T00:43:31.000000;455d955b-9052-491a-bc1b-56d43da87632;424.46;0.01;UNKNOWN
2016-04-12T00:43:31.000000;2016-04-12T00:43:31.000000;cdd78634-e005-4bfa-b5f2-ca13b398a22a;424.46;0.12980511;UNKNOWN
2016-04-12T00:43:31.000000;2016-04-12T00:43:31.000000;ead82068-9cdd-4d9c-9e61-211680f6dd4d;424.46;0.065;UNKNOWN
2016-04-12T00:43:32.000000;2016-04-12T00:43:32.000000;cc4e312f-40f3-4226-8a3e-39e19a5a0c2b;424.44;0.00435507;UNKNOWN
2016-04-12T00:44:01.000000;2016-04-12T00:44:01.000000;0760d367-d9d8-4a42-bab5-9ed1a17e3272;424.36;0.13802;UNKNOWN
2016-04-12T00:44:32.000000;2016-04-12T00:44:32.000000;db33cc47-aeef-43b4-93de-66c42e5055a5;424.46;0.10255;UNKNOWN
2016-04-12T00:44:32.000000;2016-04-12T00:44:32.000000;b0140b5b-9e36-42d3-a978-a202e9ba6c36;424.45;0.364;UNKNOWN
2016-04-12T00:45:01.000000;2016-04-12T00:45:01.000000;43ebfc99-51b3-4e7a-9016-6f56a01cfca5;424.47;0.02;UNKNOWN
2016-04-12T00:45:01.000000;2016-04-12T00:45:01.000000;8e2c6d09-0af9-46ce-a8c9-783e66328641;424.47;0.02;UNKNOWN
2016-04-12T00:45:01.000000;2016-04-12T00:45:01.000000;e1e6a4bd-3ca2-4fa6-93b5-a1e4da3b845d;424.47;0.01;UNKNOWN
2016-04-12T00:45:01.000000;2016-04-12T00:45:01.000000;fe894734-8fb1-4212-894f-c27e11968586;424.48;0.1;UNKNOWN
2016-04-12T00:45:01.000000;2016-04-12T00:45:01.000000;7e5fef36-120b-4545-badf-f21a0f60de82;424.48;0.02207468;UNKNOWN
2016-04-12T00:45:01.000000;2016-04-12T00:45:01.000000;49c2ad2a-e112-4aeb-a1c6-f05a7acc8056;424.49;0.56309532;UNKNOWN
2016-04-12T00:45:01.000000;2016-04-12T00:45:01.000000;a16d49bd-7936-4c1b-84e2-69d62023ebcf;424.48;0.9;UNKNOWN
2016-04-12T00:45:31.000000;2016-04-12T00:45:31.000000;49095ac6-479a-4ed2-a65d-2fd312bda6b8;424.48;0.335;UNKNOWN
2016-04-12T00:45:31.000000;2016-04-12T00:45:31.000000;cfdc43ca-466e-4102-a7c0-16818f66ec60;424.49;6.72747;UNKNOWN
2016-04-12T00:45:37.000000;2016-04-12T00:45:37.000000;a7c2eeb1-7617-4cef-a828-ca6ca215935f;424.48;0.02;UNKNOWN
2016-04-12T00:46:01.000000;2016-04-12T00:46:01.000000;24e791d1-d20e-4b8a-b10a-c2b2c50f84d1;424.38;0.01;UNKNOWN
2016-04-12T00:46:01.000000;2016-04-12T00:46:01.000000;bf49402d-3878-41bb-9121-c839b6baa659;424.37;0.0059;UNKNOWN
2016-04-12T00:46:34.000000;2016-04-12T00:46:34.000000;2396dbba-03ef-4243-91d0-1d50c07d2bdf;424.44;0.0159;UNKNOWN
2016-04-12T00:46:34.000000;2016-04-12T00:46:34.000000;f448da5d-01d7-48bc-8aef-ea9df141d701;424.44;0.295;UNKNOWN
2016-04-12T00:46:34.000000;2016-04-12T00:46:34.000000;13fe77b4-d703-40d4-a088-36f9b8bc479f;424.48;0.15562;UNKNOWN
2016-04-12T00:47:31.000000;2016-04-12T00:47:31.000000;58147a17-4276-496a-a39e-be68897e914f;424.48;0.14583;UNKNOWN
2016-04-12T00:48:01.000000;2016-04-12T00:48:01.000000;de33a6d5-62c1-4b1d-b555-1040a3c3fc58;424.49;0.4734;UNKNOWN
2016-04-12T00:48:01.000000;2016-04-12T00:48:01.000000;f5a00a8d-d0e8-44c7-bf5e-00187c79d4bd;424.48;0.291;UNKNOWN
2016-04-12T00:48:07.000000;2016-04-12T00:48:07.000000;f96840bd-cae5-4c5c-89aa-6abbab75a7e4;424.48;0.143;UNKNOWN
2016-04-12T00:49:01.000000;2016-04-12T00:49:01.000000;918a348d-222c-4d14-ae9f-d10d44a77b48;424.39;0.05723;UNKNOWN
2016-04-12T00:49:43.000000;2016-04-12T00:49:43.000000;aa50bea2-ab1a-4dab-85bf-47db7bcdb58a;424.39;3.9;UNKNOWN
2016-04-12T00:50:01.000000;2016-04-12T00:50:01.000000;fe12c8d1-b10b-4625-9e58-6661b229df6d;424.38;0.01;UNKNOWN
2016-04-12T00:50:01.000000;2016-04-12T00:50:01.000000;71aff198-63c6-4c56-8c05-12ab68c140be;424.38;0.2279;UNKNOWN
2016-04-12T00:51:02.000000;2016-04-12T00:51:02.000000;0d086196-eb5a-4011-b6c2-b209eb21eb06;424.38;0.329;UNKNOWN
2016-04-12T00:51:02.000000;2016-04-12T00:51:02.000000;a7e19165-01ab-4732-8753-b5ae1f4e44c8;424.38;0.7721;UNKNOWN
2016-04-12T00:51:02.000000;2016-04-12T00:51:02.000000;03bc481f-ebb8-41c7-b21f-5b22aec7d913;424.3;0.12;UNKNOWN
2016-04-12T00:51:02.000000;2016-04-12T00:51:02.000000;cd9295bb-de05-4efb-83ff-768cc42fa5f8;424.35;1.0;UNKNOWN
2016-04-12T00:51:02.000000;2016-04-12T00:51:02.000000;950846dd-fcdc-4a14-ba8b-3512c235f7d9;424.07;0.58975561;UNKNOWN
2016-04-12T00:51:02.000000;2016-04-12T00:51:02.000000;39a16157-ad67-4dcc-928f-1e7571710463;424.36;1.33681876;UNKNOWN
2016-04-12T00:51:02.000000;2016-04-12T00:51:02.000000;ac81b3c3-6151-45dd-9e2d-3a6f1be92b0a;424.37;0.0683;UNKNOWN
2016-04-12T00:51:02.000000;2016-04-12T00:51:02.000000;a9c1c344-8192-4c58-a9df-e33779fbc6b2;424.32;0.3;UNKNOWN
2016-04-12T00:51:02.000000;2016-04-12T00:51:02.000000;0b6c3e20-97a3-4311-9543-02ee03e3887b;424.34;0.58975561;UNKNOWN
2016-04-12T00:51:02.000000;2016-04-12T00:51:02.000000;2980edac-d52d-4a1d-ad22-9114b179aec2;424.37;0.405;UNKNOWN
2016-04-12T00:51:02.000000;2016-04-12T00:51:02.000000;39320d6a-3744-4be4-b2c7-c95df7a5d47e;424.37;0.0041;UNKNOWN
2016-04-12T00:51:02.000000;2016-04-12T00:51:02.000000;2ab60e01-7fac-45dc-9023-75208d68fd20;424.26;0.376;UNKNOWN
2016-04-12T00:51:02.000000;2016-04-12T00:51:02.000000;36c963f5-2aeb-4d6d-acda-f812cc04c9f0;424.35;0.01;UNKNOWN
2016-04-12T00:51:02.000000;2016-04-12T00:51:02.000000;06e0198b-d8d9-45c7-a130-542ba9b907da;424.08;0.333;UNKNOWN
2016-04-12T00:51:02.000000;2016-04-12T00:51:02.000000;abfe7140-0251-4ac1-9b83-75563adc4d90;424.36;0.2;UNKNOWN
2016-04-12T00:51:02.000000;2016-04-12T00:51:02.000000;8f4aaace-985d-4016-8098-3a8358864ab9;424.26;0.29999999;UNKNOWN
2016-04-12T00:51:02.000000;2016-04-12T00:51:02.000000;83675872-951a-4e51-b3be-fb3a19b86678;424.32;0.384;UNKNOWN
2016-04-12T00:51:02.000000;2016-04-12T00:51:02.000000;71497dfb-80b2-4a81-8018-6a4771500270;424.32;0.01;UNKNOWN
2016-04-12T00:51:02.000000;2016-04-12T00:51:02.000000;9e05b5d5-6026-4929-8507-c8e10dbac34c;424.2;1.0;UNKNOWN
2016-04-12T00:51:02.000000;2016-04-12T00:51:02.000000;0b7752cd-261f-407e-a021-33db910e9775;424.25;0.58975561;UNKNOWN
2016-04-12T00:51:02.000000;2016-04-12T00:51:02.000000;d4617896-73ed-4ea4-be16-dcf15861e9bb;424.34;0.5;UNKNOWN
2016-04-12T00:51:02.000000;2016-04-12T00:51:02.000000;f33e865c-96c5-4340-85b8-a76b70aa4266;424.25;0.0125;UNKNOWN
2016-04-12T00:51:02.000000;2016-04-12T00:51:02.000000;ba86b602-bccf-4278-af61-ef13575e4b10;424.13;0.01;UNKNOWN
2016-04-12T00:51:02.000000;2016-04-12T00:51:02.000000;ac9f3011-91df-45b2-8d0c-d0e22b0610a0;424.14;0.292;UNKNOWN
2016-04-12T00:51:02.000000;2016-04-12T00:51:02.000000;3c13cd7f-02c5-4d33-9256-77cf4b2ee0a1;424.2;0.358;UNKNOWN
2016-04-12T00:51:02.000000;2016-04-12T00:51:02.000000;bd177135-0334-4874-a82b-eeaeb9445643;424.19;0.065;UNKNOWN
2016-04-12T00:51:02.000000;2016-04-12T00:51:02.000000;64ddb36d-5f53-440b-9941-4a670e78096e;424.16;0.58975561;UNKNOWN
2016-04-12T00:51:02.000000;2016-04-12T00:51:02.000000;b8241aa0-bdb6-4ca8-b6a3-70390c5b8d8f;424.1;0.1;UNKNOWN
2016-04-12T00:51:02.000000;2016-04-12T00:51:02.000000;48c7061c-e9f2-49ef-9f72-577b23e876eb;424.12;0.02;UNKNOWN
2016-04-12T00:51:02.000000;2016-04-12T00:51:02.000000;c06e67b3-cee4-4eac-bafa-2eb58fc181b0;423.98;0.58975561;UNKNOWN
2016-04-12T00:51:02.000000;2016-04-12T00:51:02.000000;9dd95f33-3caf-47a2-9c9b-31462653a6cd;423.98;0.0845;UNKNOWN
2016-04-12T00:51:02.000000;2016-04-12T00:51:02.000000;3845f92b-f672-4b17-892a-131d97e2c1f8;423.9;0.1;UNKNOWN
2016-04-12T00:51:02.000000;2016-04-12T00:51:02.000000;abac0344-a057-4771-8942-401d439925e2;423.94;0.02000236;UNKNOWN
2016-04-12T00:51:02.000000;2016-04-12T00:51:02.000000;257d3924-8f07-447c-aada-1401887cc08a;423.96;0.319;UNKNOWN
2016-04-12T00:51:02.000000;2016-04-12T00:51:02.000000;1de68cc9-120b-48f5-906a-434dec74f7fa;423.98;0.2;UNKNOWN
2016-04-12T00:51:02.000000;2016-04-12T00:51:02.000000;4723104c-b69e-443a-a4a5-0702b516033a;423.9;0.01;UNKNOWN
2016-04-12T00:51:02.000000;2016-04-12T00:51:02.000000;a22a5298-8c14-45ce-a104-ef2d1b2cf2a3;423.93;0.01;UNKNOWN
2016-04-12T00:51:02.000000;2016-04-12T00:51:02.000000;62bf5d69-e7c2-473f-b801-7887b8d547af;423.89;0.17155084;UNKNOWN
2016-04-12T00:51:02.000000;2016-04-12T00:51:02.000000;5d5e47e1-1cc5-4b47-9189-cb4f0cee3ff1;423.9;0.285;UNKNOWN
2016-04-12T00:51:02.000000;2016-04-12T00:51:02.000000;1c40a7fd-bbc3-4575-9972-4976342bb567;423.98;0.2;UNKNOWN
2016-04-12T00:51:02.000000;2016-04-12T00:51:02.000000;0f0e59ac-03e0-4df6-806c-423f3ed55848;424.01;2.0;UNKNOWN
2016-04-12T00:51:02.000000;2016-04-12T00:51:02.000000;9b8b97c3-e83f-437d-97c8-f0b1f8f0432a;424.01;1.0;UNKNOWN
2016-04-12T00:51:02.000000;2016-04-12T00:51:02.000000;3c7bad3c-8ff8-4036-9591-2d8890c1a07c;424.02;0.296;UNKNOWN
2016-04-12T00:51:02.000000;2016-04-12T00:51:02.000000;7faeac91-c539-4065-a6ee-2a46fe612870;424.02;0.01;UNKNOWN
2016-04-12T00:51:31.000000;2016-04-12T00:51:31.000000;50ce9a2d-0652-4d65-a878-87d78bbc332e;424.39;0.2;UNKNOWN
2016-04-12T00:51:31.000000;2016-04-12T00:51:31.000000;70b852e9-c23c-4e3c-a572-ee0190390aa0;424.38;0.01;UNKNOWN
2016-04-12T00:51:31.000000;2016-04-12T00:51:31.000000;28ea1a1e-4403-4d3f-8862-966fa1b39d77;424.37;0.0683;UNKNOWN
2016-04-12T00:51:31.000000;2016-04-12T00:51:31.000000;947a4d23-e427-4fea-876a-c0bf7abb6343;424.37;0.01;UNKNOWN
2016-04-12T00:51:31.000000;2016-04-12T00:51:31.000000;27526dca-22b0-4291-831f-cac014d974a7;424.39;0.083;UNKNOWN
2016-04-12T00:51:31.000000;2016-04-12T00:51:31.000000;0c496f01-a98c-4e83-bc8a-ba42263bb8c5;424.39;0.2;UNKNOWN
2016-04-12T00:51:31.000000;2016-04-12T00:51:31.000000;da55b840-9660-452c-bac1-b22fb6f3aac2;424.4;0.26076;UNKNOWN
2016-04-12T00:58:32.000000;2016-04-12T00:58:32.000000;3901791b-1324-4bff-82a5-0cd3e96d493a;424.5;0.0216376;UNKNOWN
2016-04-12T00:58:32.000000;2016-04-12T00:58:32.000000;f774a59f-19ea-40d3-a09f-1bd001fd75d6;424.49;0.35122975;UNKNOWN
2016-04-12T00:58:32.000000;2016-04-12T00:58:32.000000;12b8f124-edc8-4d4b-aec8-381ada4ddf77;424.38;0.12;UNKNOWN
2016-04-12T00:58:32.000000;2016-04-12T00:58:32.000000;8d190f55-b502-41e6-9f95-f3156096495e;424.38;0.065;UNKNOWN
2016-04-12T00:58:32.000000;2016-04-12T00:58:32.000000;3d74997a-f730-44d3-8d1f-352930e76037;424.49;2.23603468;UNKNOWN
2016-04-12T00:58:32.000000;2016-04-12T00:58:32.000000;3ce0622b-fb34-402e-b6d2-bc2956f24f3c;424.44;0.0100236;UNKNOWN
2016-04-12T00:58:32.000000;2016-04-12T00:58:32.000000;38cc53ef-f0ba-4d8b-8a56-e7013695c55d;424.4;0.23924;UNKNOWN
2016-04-12T00:58:32.000000;2016-04-12T00:58:32.000000;e6ba2fb6-dd49-4696-a5c5-867b1adfbdde;424.48;1.087;UNKNOWN
2016-04-12T00:58:32.000000;2016-04-12T00:58:32.000000;13e006b1-64df-4b9d-89e0-6b198dd16b2d;424.46;0.01001652;UNKNOWN
2016-04-12T00:58:32.000000;2016-04-12T00:58:32.000000;68d9c80c-b098-40c8-8951-0aff19e437cc;424.46;0.092;UNKNOWN
2016-04-12T00:58:32.000000;2016-04-12T00:58:32.000000;8c226c15-ba1d-4992-990d-cd01665419ab;424.5;0.5;UNKNOWN
2016-04-12T00:58:32.000000;2016-04-12T00:58:32.000000;e7d88ed6-f6ae-4926-b02e-ab8a6a40518a;424.5;10.46252921;UNKNOWN
2016-04-12T00:58:32.000000;2016-04-12T00:58:32.000000;235ff048-7999-40df-bff8-cf9aa840a174;424.5;1.5;UNKNOWN
2016-04-12T00:58:32.000000;2016-04-12T00:58:32.000000;d95e9190-9c72-4606-85a1-a65d1551cae7;424.5;0.156;UNKNOWN
2016-04-12T00:58:32.000000;2016-04-12T00:58:32.000000;1dbc171f-a3af-4545-9ebc-ed518aca408c;424.5;0.64703864;UNKNOWN
2016-04-12T00:59:29.000000;2016-04-12T00:59:29.000000;bd9b4b8c-5324-4272-ba2a-074d165e9fe2;424.49;0.389;UNKNOWN
2016-04-12T00:59:29.000000;2016-04-12T00:59:29.000000;f029d8fa-1313-4adf-977a-7025a567f2a6;424.49;0.065;UNKNOWN
2016-04-12T00:59:29.000000;2016-04-12T00:59:29.000000;483c4887-738d-465b-af3e-50d2e3a0694e;424.5;0.1390171;UNKNOWN
2016-04-12T00:59:31.000000;2016-04-12T00:59:31.000000;7f3a973f-9332-475c-a7de-664063b5bc6f;424.5;0.117956;UNKNOWN
2016-04-12T00:59:31.000000;2016-04-12T00:59:31.000000;fa297a02-3be7-4a73-a8a0-afd5ee3e4e3e;424.48;0.012534;UNKNOWN
2016-04-12T00:59:31.000000;2016-04-12T00:59:31.000000;a612b603-a2f3-4def-b45b-da2e1e9a7996;424.49;0.354;UNKNOWN
2016-04-12T01:00:01.000000;2016-04-12T01:00:01.000000;f783a2a6-5dbc-4563-8980-d03a0676fec6;424.35;0.24987;UNKNOWN
2016-04-12T01:00:01.000000;2016-04-12T01:00:01.000000;720f6a07-52c7-436c-872f-7408e5b89eec;424.35;0.01;UNKNOWN
2016-04-12T01:00:01.000000;2016-04-12T01:00:01.000000;67b0046e-c65e-4764-ae8b-1ee969661f12;424.36;0.01;UNKNOWN
2016-04-12T01:00:01.000000;2016-04-12T01:00:01.000000;20815ad7-0c51-4b43-85ed-e76ff60e7edf;424.39;0.078;UNKNOWN
2016-04-12T01:00:01.000000;2016-04-12T01:00:01.000000;325285c5-1674-43b5-8f88-637216a78137;424.4;0.065;UNKNOWN
2016-04-12T01:00:19.000000;2016-04-12T01:00:19.000000;d5603182-60b3-4638-b0e7-2a7dedd71c4f;424.46;0.014;UNKNOWN
2016-04-12T01:00:19.000000;2016-04-12T01:00:19.000000;ac9361bb-1d6a-4d56-b66b-cc08e14e1af0;424.49;0.012534;UNKNOWN
2016-04-12T01:00:19.000000;2016-04-12T01:00:19.000000;fe872b74-8c24-4c89-95ef-8694780c1ccd;424.47;0.012534;UNKNOWN
2016-04-12T01:00:19.000000;2016-04-12T01:00:19.000000;5d2c33d4-fdd8-408d-a246-84067d4a2fc0;424.46;0.0101;UNKNOWN
2016-04-12T01:00:19.000000;2016-04-12T01:00:19.000000;3f983cc0-88ee-428c-9ebc-9f279d96224e;424.5;0.001065;UNKNOWN
2016-04-12T01:00:19.000000;2016-04-12T01:00:19.000000;206605c3-b048-4671-96c1-bfec2df25eb1;424.46;0.043867;UNKNOWN
2016-04-12T01:00:19.000000;2016-04-12T01:00:19.000000;430c3566-5c77-4b14-959c-d1c176ae09af;424.46;0.0019;UNKNOWN
2016-04-12T01:00:19.000000;2016-04-12T01:00:19.000000;aee2ede4-2565-4b35-9fe7-eab4cd8ba4b9;424.46;0.013233;UNKNOWN
2016-04-12T01:00:19.000000;2016-04-12T01:00:19.000000;955435e3-96d6-4bf4-bdb1-aceb69eaec8e;424.46;0.015;UNKNOWN
2016-04-12T01:00:31.000000;2016-04-12T01:00:31.000000;6630d8df-209f-4254-9573-82e6575c683d;424.48;0.13885;UNKNOWN
2016-04-12T01:01:01.000000;2016-04-12T01:01:01.000000;d47eaae1-a6d7-450b-84d1-d8b295501d99;424.44;0.012534;UNKNOWN
2016-04-12T01:01:01.000000;2016-04-12T01:01:01.000000;3bba5553-e8f2-4260-a12d-eb806598dacf;424.5;0.662858;UNKNOWN
2016-04-12T01:01:01.000000;2016-04-12T01:01:01.000000;546a0578-0fc3-4b1a-a03d-f23368a66ff3;424.49;0.012534;UNKNOWN
2016-04-12T01:01:01.000000;2016-04-12T01:01:01.000000;75a7bb2f-f2a1-4ac0-bba0-e55182b56042;424.45;0.012534;UNKNOWN
2016-04-12T01:01:01.000000;2016-04-12T01:01:01.000000;9b25b513-4d0f-4966-9562-0333ae334391;424.46;0.076;UNKNOWN
2016-04-12T01:01:31.000000;2016-04-12T01:01:31.000000;6980c0cd-478e-4319-9283-59623f122904;424.49;0.359;UNKNOWN
2016-04-12T01:01:31.000000;2016-04-12T01:01:31.000000;65eef251-d2a9-4ec6-9161-844a05d316b0;424.5;0.11528;UNKNOWN
2016-04-12T01:02:01.000000;2016-04-12T01:02:01.000000;47d3bcd2-4136-4fde-9a52-0492661fa787;424.37;0.0683;UNKNOWN
2016-04-12T01:02:01.000000;2016-04-12T01:02:01.000000;409667b8-fab0-45b4-9bf7-5aae11fb4822;424.38;0.12;UNKNOWN
2016-04-12T01:02:01.000000;2016-04-12T01:02:01.000000;7a322865-723a-45bf-8561-5f8371a7409f;424.4;0.01;UNKNOWN
2016-04-12T01:02:01.000000;2016-04-12T01:02:01.000000;a1b004c7-45f0-4fdf-a166-2cac568f4d43;424.38;0.01;UNKNOWN
2016-04-12T01:02:01.000000;2016-04-12T01:02:01.000000;7b4e3871-70b5-4e78-af1d-2c915407c878;424.39;0.01;UNKNOWN
2016-04-12T01:02:01.000000;2016-04-12T01:02:01.000000;ad9b87d2-3d28-4c8b-960a-c8d6ba9130c3;424.35;0.3;UNKNOWN
2016-04-12T01:02:01.000000;2016-04-12T01:02:01.000000;f928b581-bb67-40ee-84e4-b04385fb6b92;424.4;0.101;UNKNOWN
2016-04-12T01:02:01.000000;2016-04-12T01:02:01.000000;eb699f6e-ad97-400c-8ddc-ec025b578ba5;424.35;0.75013;UNKNOWN
2016-04-12T01:02:01.000000;2016-04-12T01:02:01.000000;1556eba4-8381-4c03-9d95-e448c6554377;424.32;0.72;UNKNOWN
2016-04-12T01:02:01.000000;2016-04-12T01:02:01.000000;055d5f52-36d8-4bbc-94b0-844162708170;424.34;0.118;UNKNOWN
2016-04-12T01:02:01.000000;2016-04-12T01:02:01.000000;ab1104b6-7e4f-482b-b454-8d3943455506;424.34;0.01;UNKNOWN
2016-04-12T01:02:01.000000;2016-04-12T01:02:01.000000;c016cac0-a470-4598-9651-2319cdb61df1;424.31;0.28822;UNKNOWN
2016-04-12T01:02:01.000000;2016-04-12T01:02:01.000000;78eb5e04-878e-4088-bc02-356ee707711d;424.32;0.01;UNKNOWN
2016-04-12T01:02:01.000000;2016-04-12T01:02:01.000000;de3ed27c-a61f-4208-812f-27453b8b84f5;424.33;0.01;UNKNOWN
2016-04-12T01:03:01.000000;2016-04-12T01:03:01.000000;23a3762b-d4bc-4cd5-9127-80cb8c3394eb;424.39;1.29452;UNKNOWN
2016-04-12T01:03:31.000000;2016-04-12T01:03:31.000000;8e6c9332-6e34-4f27-84ce-9a0530924d0e;424.39;0.54826;UNKNOWN
2016-04-12T01:04:01.000000;2016-04-12T01:04:01.000000;1781c666-bd4a-4300-9440-27df72d7b474;424.37;0.012534;UNKNOWN
2016-04-12T01:04:01.000000;2016-04-12T01:04:01.000000;1d3ad063-f70e-44a5-ad3d-4bbaaee21dc0;424.39;0.076562;UNKNOWN
2016-04-12T01:04:01.000000;2016-04-12T01:04:01.000000;fe726208-c037-431c-8d95-4ace96dab40f;424.35;0.19;UNKNOWN
2016-04-12T01:04:01.000000;2016-04-12T01:04:01.000000;c8a2a3da-15b4-46a1-938c-eb0ca83cf5a1;424.35;0.012534;UNKNOWN
2016-04-12T01:04:31.000000;2016-04-12T01:04:31.000000;3bc2982d-2aa1-42dc-9fd4-e2ae71b33b0a;424.41;0.03;UNKNOWN
2016-04-12T01:04:31.000000;2016-04-12T01:04:31.000000;91be32b5-3f39-4e33-87c5-31884a72fdd6;424.39;0.012534;UNKNOWN
2016-04-12T01:04:31.000000;2016-04-12T01:04:31.000000;6b0fe982-18d4-445f-8016-ade42249ee8e;424.39;0.080658;UNKNOWN
2016-04-12T01:04:31.000000;2016-04-12T01:04:31.000000;bb95212f-2b9e-4cb8-8410-a68beec2db95;424.4;0.02;UNKNOWN
2016-04-12T01:04:31.000000;2016-04-12T01:04:31.000000;a6575be2-52f6-45c2-8214-5b767f29a0af;424.4;0.012534;UNKNOWN
2016-04-12T01:04:31.000000;2016-04-12T01:04:31.000000;f12980e1-a9d2-4c31-bde5-459db9c4b2af;424.49;1.255314;UNKNOWN
2016-04-12T01:04:31.000000;2016-04-12T01:04:31.000000;8ce3642c-6135-4302-b467-8ddea1586f0b;424.48;0.118;UNKNOWN
2016-04-12T01:04:31.000000;2016-04-12T01:04:31.000000;3185b9ec-1a18-49ed-aff8-cc541843c1d9;424.49;1.8;UNKNOWN
2016-04-12T01:04:31.000000;2016-04-12T01:04:31.000000;4a1295b0-1370-4a27-91c9-7c302ff4e2c0;424.49;1.98;UNKNOWN
2016-04-12T01:04:31.000000;2016-04-12T01:04:31.000000;95f2d906-f376-45bb-88da-93ada9a9bf8a;424.42;0.081;UNKNOWN
2016-04-12T01:04:31.000000;2016-04-12T01:04:31.000000;e71e5c5d-169a-44fc-8640-a3988f711a7d;424.47;0.72;UNKNOWN
2016-04-12T01:05:01.000000;2016-04-12T01:05:01.000000;9393b7df-ac00-4a2c-a925-523b7c115e8f;423.97;0.01003304;UNKNOWN
2016-04-12T01:05:01.000000;2016-04-12T01:05:01.000000;0a84204e-1813-43ef-9a2d-a0bc243a3e6b;423.96;0.04;UNKNOWN
2016-04-12T01:05:01.000000;2016-04-12T01:05:01.000000;28064cd6-fa0a-451d-8976-5bfe89e875a0;423.95;0.01003422;UNKNOWN
2016-04-12T01:05:01.000000;2016-04-12T01:05:01.000000;cfc23705-f9e5-4ace-ba6b-eb8861386ac9;424.0;0.1;UNKNOWN
2016-04-12T01:05:01.000000;2016-04-12T01:05:01.000000;96a82c14-51df-47a2-95ce-121676362cd0;423.98;0.078;UNKNOWN
2016-04-12T01:05:01.000000;2016-04-12T01:05:01.000000;623e51c2-7ea2-4b8e-8783-e268a42e8fd8;423.86;0.116;UNKNOWN
2016-04-12T01:05:01.000000;2016-04-12T01:05:01.000000;77c82477-7902-485e-91ce-0b4dd526c8a9;424.02;0.3;UNKNOWN
2016-04-12T01:05:01.000000;2016-04-12T01:05:01.000000;504b8bb7-9fe5-4068-9abe-93f27d0b5793;423.89;0.01002596;UNKNOWN
2016-04-12T01:05:01.000000;2016-04-12T01:05:01.000000;db895185-8b20-4eb1-a7e5-b728b3e1cc6a;423.86;0.01;UNKNOWN
2016-04-12T01:05:01.000000;2016-04-12T01:05:01.000000;93d37239-b4c9-45ed-93e0-bdb331ad1ae1;423.92;0.082;UNKNOWN
2016-04-12T01:05:01.000000;2016-04-12T01:05:01.000000;c6f30d5b-631c-42e2-8353-1cf814d41679;423.88;0.01002596;UNKNOWN
2016-04-12T01:05:01.000000;2016-04-12T01:05:01.000000;de98edff-4b6b-48ba-8cf4-fcdb07317d1f;423.87;0.1;UNKNOWN
2016-04-12T01:05:01.000000;2016-04-12T01:05:01.000000;912a1daa-0c2c-4843-a6c6-0c700f322c76;424.04;0.087;UNKNOWN
2016-04-12T01:05:01.000000;2016-04-12T01:05:01.000000;cab1ed20-78d8-4dee-b9b6-919bba911c9a;424.17;0.1624;UNKNOWN
2016-04-12T01:05:01.000000;2016-04-12T01:05:01.000000;02368406-f771-4491-8234-f3cec98b08d7;423.87;0.01002478;UNKNOWN
2016-04-12T01:05:01.000000;2016-04-12T01:05:01.000000;b441909b-645b-4792-90e4-6f1ca47fa882;424.18;0.54;UNKNOWN
2016-04-12T01:05:01.000000;2016-04-12T01:05:01.000000;2ec447a5-5940-4edf-964a-6537d5106a37;424.07;0.2;UNKNOWN
2016-04-12T01:05:01.000000;2016-04-12T01:05:01.000000;c66ba091-e806-460d-886c-056383d32ce9;423.88;0.01;UNKNOWN
2016-04-12T01:05:01.000000;2016-04-12T01:05:01.000000;a89a6b30-124e-4b0c-8a84-a44d1a2132cc;424.14;1.44;UNKNOWN
2016-04-12T01:05:01.000000;2016-04-12T01:05:01.000000;a709e691-bb23-46f1-ae98-2122670cea7c;424.1;0.107;UNKNOWN
2016-04-12T01:05:01.000000;2016-04-12T01:05:01.000000;36fb410b-c031-4c39-a3a8-b909d6b8fd6b;424.17;0.02;UNKNOWN
2016-04-12T01:05:01.000000;2016-04-12T01:05:01.000000;dc392489-2f03-4c84-aa1a-58328518eac4;424.2;0.1;UNKNOWN
2016-04-12T01:05:01.000000;2016-04-12T01:05:01.000000;e2d9d103-defb-45c3-b98e-ee45c1958cba;424.21;1.0;UNKNOWN
2016-04-12T01:05:01.000000;2016-04-12T01:05:01.000000;90646cd2-9e0c-4541-991e-687e627b5c8e;424.13;0.3;UNKNOWN
2016-04-12T01:05:01.000000;2016-04-12T01:05:01.000000;1a8abd00-1e7d-4111-98e6-e0043cd77e5a;424.11;5.9911;UNKNOWN
2016-04-12T01:05:01.000000;2016-04-12T01:05:01.000000;4fa12461-ec89-42c2-826b-3d66de929e5a;424.13;0.01;UNKNOWN
2016-04-12T01:05:01.000000;2016-04-12T01:05:01.000000;1a091069-a413-44d7-8d32-fa259d7f8023;424.11;1.0;UNKNOWN
2016-04-12T01:05:01.000000;2016-04-12T01:05:01.000000;886098e6-4ea2-4be2-b930-1adc3c342923;424.12;0.36;UNKNOWN
2016-04-12T01:05:01.000000;2016-04-12T01:05:01.000000;ee40de4f-a271-4d17-bfa5-a2446899e2ef;424.27;0.079;UNKNOWN
2016-04-12T01:05:01.000000;2016-04-12T01:05:01.000000;0c1b7b5c-f65d-48dc-946f-163ee07ab2e4;424.36;0.01;UNKNOWN
2016-04-12T01:05:01.000000;2016-04-12T01:05:01.000000;baf4384a-85de-404e-aaa7-dbc94f111193;424.21;0.2;UNKNOWN
2016-04-12T01:05:01.000000;2016-04-12T01:05:01.000000;777afb42-f434-4c5b-bc1d-739923c07675;424.37;0.01;UNKNOWN
2016-04-12T01:05:01.000000;2016-04-12T01:05:01.000000;a67fbcba-1c83-4034-8094-a7809ae703c9;424.21;0.01;UNKNOWN
2016-04-12T01:05:01.000000;2016-04-12T01:05:01.000000;c797f7dd-9a3a-4bc6-b828-3336d08464ab;424.25;0.0125;UNKNOWN
2016-04-12T01:05:01.000000;2016-04-12T01:05:01.000000;3f4d2d16-c843-47ee-8595-8f4d53faedac;424.29;0.5;UNKNOWN
2016-04-12T01:05:01.000000;2016-04-12T01:05:01.000000;6a3d6efc-eacb-42bd-ae49-476e7c56f506;424.26;0.36;UNKNOWN
2016-04-12T01:05:01.000000;2016-04-12T01:05:01.000000;8ed0aa4c-36f5-4fbd-8fcd-beaf18563155;424.22;2.34;UNKNOWN
2016-04-12T01:05:01.000000;2016-04-12T01:05:01.000000;01c04aca-4a84-4fda-8891-b69efec3e4af;424.32;0.21;UNKNOWN
2016-04-12T01:05:01.000000;2016-04-12T01:05:01.000000;b9fff319-8934-403d-9bab-16ca7d765be6;424.33;0.098;UNKNOWN
2016-04-12T01:05:01.000000;2016-04-12T01:05:01.000000;1b27e7e5-52a2-43da-92e3-4a5abd24e076;423.84;0.01000826;UNKNOWN
2016-04-12T01:05:01.000000;2016-04-12T01:05:01.000000;f866acdf-be7d-4337-a87e-c2f0149806fb;423.86;0.01;UNKNOWN
2016-04-12T01:05:01.000000;2016-04-12T01:05:01.000000;c43f915a-117a-4206-a55b-6eb22e4c068b;423.83;0.01;UNKNOWN
2016-04-12T01:05:01.000000;2016-04-12T01:05:01.000000;1f45a774-79a7-4ffe-9fe6-87e2812ba865;423.81;0.01;UNKNOWN
2016-04-12T01:05:01.000000;2016-04-12T01:05:01.000000;0f35c260-95d0-4e9a-b3bc-fba1f224f202;423.82;0.01;UNKNOWN
2016-04-12T01:05:01.000000;2016-04-12T01:05:01.000000;4f273aa1-5440-498d-84ba-c7bf0a906078;423.81;0.02;UNKNOWN
2016-04-12T01:05:01.000000;2016-04-12T01:05:01.000000;cc66a842-cf53-4609-b693-20e6fb526525;423.75;0.269;UNKNOWN
2016-04-12T01:05:01.000000;2016-04-12T01:05:01.000000;24f827c7-4619-4b03-bd9c-65237b09e046;423.79;0.01;UNKNOWN
2016-04-12T01:05:01.000000;2016-04-12T01:05:01.000000;402bed91-e9db-451c-806b-529256f26093;423.8;0.1;UNKNOWN
2016-04-12T01:05:01.000000;2016-04-12T01:05:01.000000;995300c0-5cd2-4803-bd9e-0ce0a9e8950b;423.75;1.28552188;UNKNOWN
2016-04-12T01:05:01.000000;2016-04-12T01:05:01.000000;0faab863-cd8e-4ab5-8d2d-65434a68afdd;423.75;0.0216959;UNKNOWN
2016-04-12T01:05:15.000000;2016-04-12T01:05:15.000000;971e92ba-44f3-41b2-b9af-0e3c18e1483e;424.23;0.0516;UNKNOWN
2016-04-12T01:05:15.000000;2016-04-12T01:05:15.000000;91bf6628-fcee-4dd0-abfa-570905568a42;424.23;0.0194;UNKNOWN
2016-04-12T01:05:15.000000;2016-04-12T01:05:15.000000;8a394997-ef4e-4e84-8117-57b61425d4aa;424.25;0.019;UNKNOWN
2016-04-12T01:05:15.000000;2016-04-12T01:05:15.000000;cf157302-a573-47a8-8be8-d5f2efe2378d;424.24;0.01;UNKNOWN
2016-04-12T01:05:31.000000;2016-04-12T01:05:31.000000;6a6374ad-5147-44bf-9a4f-493103f4d4ef;424.06;0.14227;UNKNOWN
2016-04-12T01:05:31.000000;2016-04-12T01:05:31.000000;a7de1545-5ac3-493b-8983-250d267778d5;424.11;0.074;UNKNOWN
2016-04-12T01:05:31.000000;2016-04-12T01:05:31.000000;e154114a-b64a-4804-be2a-433082efa32b;424.13;0.01;UNKNOWN
2016-04-12T01:05:31.000000;2016-04-12T01:05:31.000000;0d6aa73e-cf12-4ac9-bd6d-7afaef9574a4;424.17;0.083;UNKNOWN
2016-04-12T01:05:31.000000;2016-04-12T01:05:31.000000;78bd97a9-2123-47eb-92f0-cfb1fe0fdef0;424.17;0.02;UNKNOWN
2016-04-12T01:06:01.000000;2016-04-12T01:06:01.000000;d8209bf1-5482-4d14-ad0e-a1b413389ae0;424.32;0.01003658;UNKNOWN
2016-04-12T01:06:01.000000;2016-04-12T01:06:01.000000;8adf5192-a1ef-4c54-8cf1-1de80656d745;424.33;0.01003658;UNKNOWN
2016-04-12T01:06:01.000000;2016-04-12T01:06:01.000000;490b6121-141e-4e3f-be08-db5033a119ed;424.3;0.01003658;UNKNOWN
2016-04-12T01:06:01.000000;2016-04-12T01:06:01.000000;584f8b0b-4752-448c-a15e-07a771cc4c57;424.36;0.01003658;UNKNOWN
2016-04-12T01:06:01.000000;2016-04-12T01:06:01.000000;666310dd-3530-4ac9-8850-dfebfcb175f8;424.36;0.01;UNKNOWN
2016-04-12T01:06:01.000000;2016-04-12T01:06:01.000000;2bbfbc47-4fa1-4643-af1e-9b4eb7e28970;424.28;0.012534;UNKNOWN
2016-04-12T01:06:01.000000;2016-04-12T01:06:01.000000;be7bc07e-5cb3-4b06-8f39-1ed48dc898ac;424.29;0.012534;UNKNOWN
2016-04-12T01:06:01.000000;2016-04-12T01:06:01.000000;70ae0c99-790e-4cd2-b66e-544107117f79;424.34;0.23;UNKNOWN
2016-04-12T01:06:01.000000;2016-04-12T01:06:01.000000;b1c94673-153f-48fe-ac2e-096c1a1f0a06;424.35;0.01003658;UNKNOWN
2016-04-12T01:06:01.000000;2016-04-12T01:06:01.000000;dfc66dd3-eaf5-4bb1-a3f8-3227b0613980;424.28;0.01;UNKNOWN
2016-04-12T01:06:01.000000;2016-04-12T01:06:01.000000;4b1fb2ab-5567-4c0f-9236-c4efec505566;424.27;0.1;UNKNOWN
2016-04-12T01:06:01.000000;2016-04-12T01:06:01.000000;f4497505-58e4-4490-8000-d75ca71360a9;424.27;0.01;UNKNOWN
2016-04-12T01:06:01.000000;2016-04-12T01:06:01.000000;e983399d-9ace-42e5-9936-e307acdcec24;424.37;0.0314891;UNKNOWN
2016-04-12T01:06:31.000000;2016-04-12T01:06:31.000000;57f2f3db-0dd9-4fa4-997f-ab5aa1bae9bb;424.39;0.01003658;UNKNOWN
2016-04-12T01:06:31.000000;2016-04-12T01:06:31.000000;30fd7efd-ccde-4f5a-ab72-23a12abea269;424.39;0.36;UNKNOWN
2016-04-12T01:06:31.000000;2016-04-12T01:06:31.000000;a257b8c3-a779-4800-9bac-42bdd933786d;424.4;1.35761342;UNKNOWN
2016-04-12T01:07:32.000000;2016-04-12T01:07:32.000000;72f35338-3081-461e-bfce-24d005b926dc;424.39;0.60664;UNKNOWN
2016-04-12T01:08:01.000000;2016-04-12T01:08:01.000000;af850824-746d-482c-aa31-ea9c730f5d06;424.39;0.34994;UNKNOWN
2016-04-12T01:08:31.000000;2016-04-12T01:08:31.000000;23924268-710c-4844-a895-6df2bac0a796;424.36;0.01143;UNKNOWN
2016-04-12T01:09:01.000000;2016-04-12T01:09:01.000000;e48c4c72-4f82-4222-aacb-e6eb5ef97594;424.37;0.0263;UNKNOWN
2016-04-12T01:09:01.000000;2016-04-12T01:09:01.000000;483af39d-5d65-468b-828b-e878c50e1500;424.39;2.1433;UNKNOWN
2016-04-12T01:09:31.000000;2016-04-12T01:09:31.000000;b5826d73-9acf-4cc0-8f18-54f681b1ba07;424.35;0.01;UNKNOWN
2016-04-12T01:09:31.000000;2016-04-12T01:09:31.000000;9a311373-8e66-45aa-8367-dfc41dbf618f;424.35;0.08066;UNKNOWN
2016-04-12T01:10:01.000000;2016-04-12T01:10:01.000000;dcb949d9-b1c3-490a-8534-b2f9dedae537;424.36;0.5;UNKNOWN
2016-04-12T01:10:31.000000;2016-04-12T01:10:31.000000;c0216430-c6e6-46bb-ad95-4cd3b02522b7;424.36;0.04572;UNKNOWN
2016-04-12T01:10:44.000000;2016-04-12T01:10:44.000000;c799d589-9965-4bc4-8eb2-119b00343611;424.25;0.0125;UNKNOWN
2016-04-12T01:10:44.000000;2016-04-12T01:10:44.000000;2ca3634d-a316-4d4f-b77a-3ff412629e52;424.27;0.01;UNKNOWN
2016-04-12T01:10:44.000000;2016-04-12T01:10:44.000000;54bd5520-daab-4ae1-a02b-67be8eb0633f;424.28;0.097;UNKNOWN
2016-04-12T01:10:44.000000;2016-04-12T01:10:44.000000;f1562c54-c548-477b-bdab-c40e4bc35e35;424.28;0.01;UNKNOWN
2016-04-12T01:10:44.000000;2016-04-12T01:10:44.000000;6f19e5fd-ec9d-40aa-8a42-1950040a71d6;424.23;0.3;UNKNOWN
2016-04-12T01:10:44.000000;2016-04-12T01:10:44.000000;ea9d6f0a-e4e2-4163-81fd-bcc56466991e;424.22;0.114;UNKNOWN
2016-04-12T01:10:44.000000;2016-04-12T01:10:44.000000;94613227-9816-4cd2-805e-55f373dc902f;424.23;0.065;UNKNOWN
2016-04-12T01:10:44.000000;2016-04-12T01:10:44.000000;bf7e2de8-9934-4d2b-9215-028aa869cf79;424.23;0.24;UNKNOWN
2016-04-12T01:10:44.000000;2016-04-12T01:10:44.000000;d1e2dbc3-1a0b-40f0-a3f9-bec81af7d762;424.25;0.04;UNKNOWN
2016-04-12T01:10:44.000000;2016-04-12T01:10:44.000000;900245f7-4a98-4a0e-aacc-c37ce29044ef;424.25;0.49;UNKNOWN
2016-04-12T01:10:44.000000;2016-04-12T01:10:44.000000;2d9e81d1-d359-460e-9693-23891943ad02;424.2;0.0915;UNKNOWN
2016-04-12T01:10:44.000000;2016-04-12T01:10:44.000000;98b08c16-6505-4b8d-921b-e9d41a00e7e3;424.2;0.02;UNKNOWN
2016-04-12T01:10:44.000000;2016-04-12T01:10:44.000000;c8fa5eb3-ecde-402d-a03d-cc00145206a5;424.2;0.01;UNKNOWN
2016-04-12T01:11:05.000000;2016-04-12T01:11:05.000000;57e0f09e-accb-425d-bead-ebbcbafa6530;424.35;0.447;UNKNOWN
2016-04-12T01:11:05.000000;2016-04-12T01:11:05.000000;071fb853-16ae-40e2-b80a-f1fc498b03ef;424.34;0.383;UNKNOWN
2016-04-12T01:11:05.000000;2016-04-12T01:11:05.000000;ecf01681-5c01-4204-a03f-27261fd8efcb;424.32;0.03;UNKNOWN
2016-04-12T01:11:05.000000;2016-04-12T01:11:05.000000;93c27d95-1e4c-49b7-9efb-108741a6501e;424.32;0.21;UNKNOWN
2016-04-12T01:11:31.000000;2016-04-12T01:11:31.000000;cd03f078-1410-4622-af94-85d927125dcf;424.34;0.1;UNKNOWN
2016-04-12T01:11:31.000000;2016-04-12T01:11:31.000000;356dabf0-6f48-4590-8772-c88f419ac37b;424.3;0.01;UNKNOWN
2016-04-12T01:11:31.000000;2016-04-12T01:11:31.000000;0d8f3ce4-4a34-4218-9687-89ea5a5a5f89;424.33;0.36;UNKNOWN
2016-04-12T01:11:31.000000;2016-04-12T01:11:31.000000;de876d06-d84e-40eb-9363-5d8fc952721e;424.33;0.54;UNKNOWN
2016-04-12T01:11:31.000000;2016-04-12T01:11:31.000000;89db6780-2e93-4b3d-ab6f-2f93b05ff188;424.34;0.36;UNKNOWN
2016-04-12T01:11:31.000000;2016-04-12T01:11:31.000000;4738dfcb-9e39-489b-bc39-8629d1e3f973;424.35;0.10801;UNKNOWN
2016-04-12T01:11:39.000000;2016-04-12T01:11:39.000000;5393d708-0141-4cd0-b17f-3bf77589b7e0;424.48;0.01;UNKNOWN
2016-04-12T01:11:39.000000;2016-04-12T01:11:39.000000;c5128fcb-62f5-49ac-a38d-1e26bd668442;424.45;0.01003422;UNKNOWN
2016-04-12T01:11:39.000000;2016-04-12T01:11:39.000000;2f33c78c-92e3-490f-a6ac-d3b92098a13f;424.45;0.72;UNKNOWN
2016-04-12T01:11:39.000000;2016-04-12T01:11:39.000000;5985a3f7-8aca-442e-b1b3-4500a9d63ec3;424.46;0.012534;UNKNOWN
2016-04-12T01:11:39.000000;2016-04-12T01:11:39.000000;19111aeb-9cb6-48bb-9e17-57ad86a8da56;424.46;0.065;UNKNOWN
2016-04-12T01:11:39.000000;2016-04-12T01:11:39.000000;448e436f-9e40-408c-b1f6-05d3c3d8d676;424.47;0.54;UNKNOWN
2016-04-12T01:11:39.000000;2016-04-12T01:11:39.000000;ec6c5ce2-f908-4206-af46-0fcf07972317;424.46;0.72;UNKNOWN
2016-04-12T01:11:39.000000;2016-04-12T01:11:39.000000;9236d667-8fab-48f1-b895-62b696b9ea2c;424.47;0.03;UNKNOWN
2016-04-12T01:11:39.000000;2016-04-12T01:11:39.000000;5bb2437e-ee38-44b1-a734-3944edc40cc7;424.48;0.1624;UNKNOWN
2016-04-12T01:11:39.000000;2016-04-12T01:11:39.000000;de5258b7-ee55-456b-9973-740456edb05d;424.44;0.0100295;UNKNOWN
2016-04-12T01:11:39.000000;2016-04-12T01:11:39.000000;12a87de4-b192-4fed-ad43-fae1d6a4181b;424.44;0.012534;UNKNOWN
2016-04-12T01:11:39.000000;2016-04-12T01:11:39.000000;6c410842-7079-464b-b575-7d22e52146db;424.48;0.0514;UNKNOWN
2016-04-12T01:11:39.000000;2016-04-12T01:11:39.000000;11364b33-ec25-4edd-88ac-f3abefe918df;424.36;0.354;UNKNOWN
2016-04-12T01:11:39.000000;2016-04-12T01:11:39.000000;25e875d9-4d88-4931-ac9e-22b84c010856;424.36;3.45428;UNKNOWN
2016-04-12T01:11:39.000000;2016-04-12T01:11:39.000000;600cd8af-3330-401a-b867-be8cfb68baf1;424.43;0.3;UNKNOWN
2016-04-12T01:11:39.000000;2016-04-12T01:11:39.000000;124dce97-76a1-480d-890d-4c9cf4de4569;424.4;0.1;UNKNOWN
2016-04-12T01:11:39.000000;2016-04-12T01:11:39.000000;58971c8a-9aa9-4c77-91dc-062240792801;424.4;0.01003658;UNKNOWN
2016-04-12T01:11:39.000000;2016-04-12T01:11:39.000000;23f9d9e5-750b-4869-8314-e904fa7ed865;424.37;0.04;UNKNOWN
2016-04-12T01:11:39.000000;2016-04-12T01:11:39.000000;95e24d60-e8d8-4115-97fa-5eff32ac4886;424.42;0.3;UNKNOWN
2016-04-12T01:11:39.000000;2016-04-12T01:11:39.000000;76a132c0-91cc-443d-a362-f80501278cba;424.41;0.01;UNKNOWN
2016-04-12T01:11:39.000000;2016-04-12T01:11:39.000000;41b3f7dc-3042-4145-81bc-74e6e9748b13;424.42;0.355;UNKNOWN
2016-04-12T01:11:39.000000;2016-04-12T01:11:39.000000;11b8ec27-ba02-49da-944e-2faf54232f5e;424.42;0.01;UNKNOWN
2016-04-12T01:11:39.000000;2016-04-12T01:11:39.000000;203a3f38-c1de-46e2-bcd4-431910a0e16b;424.42;0.01003658;UNKNOWN
2016-04-12T01:11:39.000000;2016-04-12T01:11:39.000000;98b93040-80bc-4d31-83c2-77d7fc3d4547;424.58;0.01;UNKNOWN
2016-04-12T01:11:39.000000;2016-04-12T01:11:39.000000;f4bc7535-a82e-4f6d-a224-af59b03fea8b;424.65;1.92415688;UNKNOWN
2016-04-12T01:11:39.000000;2016-04-12T01:11:39.000000;441f51ab-3216-499c-9447-b149886b52f5;424.59;0.03;UNKNOWN
2016-04-12T01:11:39.000000;2016-04-12T01:11:39.000000;53c25abb-0f03-43ee-879d-cec82a54895e;424.66;1.27205525;UNKNOWN
2016-04-12T01:11:39.000000;2016-04-12T01:11:39.000000;bcbd0148-9c07-4a72-83a3-ff77b2f059fb;424.55;0.01;UNKNOWN
2016-04-12T01:11:39.000000;2016-04-12T01:11:39.000000;db5cf034-4373-4d8c-b6ca-d7688d9c2646;424.55;0.373;UNKNOWN
2016-04-12T01:11:39.000000;2016-04-12T01:11:39.000000;7039aad1-7e88-40ad-9d21-9103547a4f64;424.5;0.01;UNKNOWN
2016-04-12T01:11:39.000000;2016-04-12T01:11:39.000000;52c5a3a8-a2cc-4afa-b474-2644c35b4e69;424.5;0.4;UNKNOWN
2016-04-12T01:11:39.000000;2016-04-12T01:11:39.000000;e2834bd2-b626-447f-8e87-979d31917add;424.59;0.08333113;UNKNOWN
2016-04-12T01:11:39.000000;2016-04-12T01:11:39.000000;4fbd929c-cc2f-4f03-b01f-d82cf5aed547;424.48;0.381;UNKNOWN
2016-04-12T01:11:39.000000;2016-04-12T01:11:39.000000;4ceec81c-103f-41d6-8cd9-9827c62b3f0b;424.57;0.2;UNKNOWN
2016-04-12T01:11:39.000000;2016-04-12T01:11:39.000000;2e352e71-45ba-42f5-aaf0-45aff1b4c18d;424.55;0.01;UNKNOWN
2016-04-12T01:11:39.000000;2016-04-12T01:11:39.000000;60837402-a5a4-4cc8-afb5-62fcd750d54a;424.5;0.88789912;UNKNOWN
2016-04-12T01:11:39.000000;2016-04-12T01:11:39.000000;0408a0c6-006e-4653-8e8d-6393e353e82e;424.56;0.01;UNKNOWN
2016-04-12T01:11:39.000000;2016-04-12T01:11:39.000000;54dc2e98-6968-42e9-bf0c-89b2dc9071e0;424.5;5.04;UNKNOWN
2016-04-12T01:11:39.000000;2016-04-12T01:11:39.000000;c178afa2-78ce-4100-87e5-7d987d0b8017;424.5;0.0216959;UNKNOWN
2016-04-12T01:11:39.000000;2016-04-12T01:11:39.000000;823dde01-57a7-4bf1-badc-6a341879f1e5;424.58;0.04055851;UNKNOWN
2016-04-12T01:11:39.000000;2016-04-12T01:11:39.000000;7660c4f5-7b6e-4cba-9aa8-0c4ce7db267a;424.5;0.1;UNKNOWN
2016-04-12T01:11:39.000000;2016-04-12T01:11:39.000000;36df0cce-7d20-45ae-82a4-fc989b924a19;424.54;0.01;UNKNOWN
2016-04-12T01:11:39.000000;2016-04-12T01:11:39.000000;4ff3aebc-fd4d-45f8-baa4-de902e0a4e74;424.56;0.01;UNKNOWN
2016-04-12T01:11:39.000000;2016-04-12T01:11:39.000000;5da2c1c1-e05e-409a-abc6-33ad5933dd41;424.55;0.03089823;UNKNOWN
2016-04-12T01:11:39.000000;2016-04-12T01:11:39.000000;11d35b40-96e5-4745-aed4-e110621edd36;424.52;0.01;UNKNOWN
2016-04-12T01:11:39.000000;2016-04-12T01:11:39.000000;6f594ee9-0d06-4b8b-8363-48a98b9872cd;424.51;1.0;UNKNOWN
2016-04-12T01:11:39.000000;2016-04-12T01:11:39.000000;3e391fc8-eadd-4ef6-a08b-bde47281ceaf;424.62;0.01;UNKNOWN
2016-04-12T01:11:39.000000;2016-04-12T01:11:39.000000;d34c46ad-16e1-4dd1-9888-d21a0994df1c;424.63;0.01;UNKNOWN
2016-04-12T01:11:39.000000;2016-04-12T01:11:39.000000;8e98c904-60fb-49fc-b103-5e48f060d7b7;424.59;0.5;UNKNOWN
2016-04-12T01:11:39.000000;2016-04-12T01:11:39.000000;7c353123-a211-4f59-bdb4-319abf413778;424.6;0.1;UNKNOWN
2016-04-12T01:11:39.000000;2016-04-12T01:11:39.000000;c48460b6-0992-4354-82ea-53ab934ffc8c;424.66;0.03;UNKNOWN
2016-04-12T01:11:39.000000;2016-04-12T01:11:39.000000;f5382acb-936e-4deb-9070-69f9c2c8e81b;424.66;0.01;UNKNOWN
2016-04-12T01:11:39.000000;2016-04-12T01:11:39.000000;1c963ff7-689f-4c19-9a7c-42fb980e08cc;424.65;0.01;UNKNOWN
2016-04-12T01:11:39.000000;2016-04-12T01:11:39.000000;e8a24688-9d50-4a30-8761-9c0116f1fd22;424.63;0.065;UNKNOWN
2016-04-12T01:11:39.000000;2016-04-12T01:11:39.000000;e0f192c6-0ccd-4074-a520-995eb9aaf937;424.65;0.01;UNKNOWN
2016-04-12T01:11:39.000000;2016-04-12T01:11:39.000000;f53b3bc3-d451-4814-8f16-71d14bd77ed7;424.65;0.01;UNKNOWN
2016-04-12T01:11:44.000000;2016-04-12T01:11:44.000000;64ee9b32-09a7-463a-b99f-82eb11e480f9;424.65;0.217;UNKNOWN
2016-04-12T01:11:44.000000;2016-04-12T01:11:44.000000;dcbe6ce9-5f1d-4bcd-bde5-9e3b98fe7654;424.65;0.112;UNKNOWN
2016-04-12T01:11:44.000000;2016-04-12T01:11:44.000000;01eaaced-d41e-40b5-9123-d0686aadbefb;424.65;0.012;UNKNOWN
2016-04-12T01:11:44.000000;2016-04-12T01:11:44.000000;48474b21-13c9-495c-9899-bd38aca6b0fe;424.65;0.027625;UNKNOWN
2016-04-12T01:12:01.000000;2016-04-12T01:12:01.000000;3232e5de-ea5f-402c-bc4d-dfee1c6123cf;424.56;1.43455;UNKNOWN
2016-04-12T01:12:01.000000;2016-04-12T01:12:01.000000;c8442dd0-1f74-40c2-8547-1ce2631cc5d5;424.57;0.72;UNKNOWN
2016-04-12T01:12:01.000000;2016-04-12T01:12:01.000000;0f7e0ea8-720f-4671-a90d-c7535217a282;424.58;0.901;UNKNOWN
2016-04-12T01:12:01.000000;2016-04-12T01:12:01.000000;30958a49-0af6-4396-ad60-69b93b9e8434;424.59;1.44;UNKNOWN
2016-04-12T01:13:04.000000;2016-04-12T01:13:04.000000;f597813c-dcef-4f3e-9501-e12e81317dcb;424.64;0.20383;UNKNOWN
2016-04-12T01:13:31.000000;2016-04-12T01:13:31.000000;f6e75421-c19a-454a-a437-36d1d4af372c;424.67;0.02;UNKNOWN
2016-04-12T01:13:31.000000;2016-04-12T01:13:31.000000;265013df-7a6e-430e-981c-ef0ffeafda55;424.66;1.72794475;UNKNOWN
2016-04-12T01:13:31.000000;2016-04-12T01:13:31.000000;522756f6-1281-434f-a273-1842a957c854;424.67;0.02;UNKNOWN
2016-04-12T01:13:31.000000;2016-04-12T01:13:31.000000;7a2dc15b-8206-455e-9dab-01eb5267a972;424.68;0.01445638;UNKNOWN
2016-04-12T01:13:31.000000;2016-04-12T01:13:31.000000;3c4e08d4-2067-4b84-91da-6fcb0bbf6630;424.68;0.65629887;UNKNOWN
2016-04-12T01:13:31.000000;2016-04-12T01:13:31.000000;2ec2090f-ba39-49b5-8992-a78002a5ed27;424.68;0.02;UNKNOWN
2016-04-12T01:13:31.000000;2016-04-12T01:13:31.000000;a91ef89e-a6a7-4ac1-b62a-c723166ccb63;424.65;4.0;UNKNOWN
2016-04-12T01:13:31.000000;2016-04-12T01:13:31.000000;7bd9412a-9387-40b1-82aa-5c660342daa0;424.64;0.065;UNKNOWN
2016-04-12T01:14:01.000000;2016-04-12T01:14:01.000000;f4624632-3255-4f5d-9403-94ad24fa16f2;424.69;0.03;UNKNOWN
2016-04-12T01:14:01.000000;2016-04-12T01:14:01.000000;b9954bff-9aaf-4fbb-be08-ca8e784a402a;424.68;3.35670113;UNKNOWN
2016-04-12T01:14:01.000000;2016-04-12T01:14:01.000000;6ed924a0-79e0-4309-89af-7cc98282442c;424.67;0.02;UNKNOWN
2016-04-12T01:14:01.000000;2016-04-12T01:14:01.000000;37ccd6e9-e0b7-4fb2-8df0-fe474a786805;424.81;0.01;UNKNOWN
2016-04-12T01:14:01.000000;2016-04-12T01:14:01.000000;8d80789a-edd9-4f5f-b9d7-9960a6288321;424.78;0.01;UNKNOWN
2016-04-12T01:14:01.000000;2016-04-12T01:14:01.000000;364d3235-3666-4461-a35e-85a0f03c9911;424.69;0.03;UNKNOWN
2016-04-12T01:14:01.000000;2016-04-12T01:14:01.000000;24834b14-813f-4457-845c-8a73db548b32;424.69;0.02757;UNKNOWN
2016-04-12T01:14:01.000000;2016-04-12T01:14:01.000000;80bff576-bae5-40ea-bb13-55ff6e5dc487;424.81;0.03;UNKNOWN
2016-04-12T01:14:01.000000;2016-04-12T01:14:01.000000;071ad550-3b55-4daf-bda0-198792c87e8a;424.69;0.03;UNKNOWN
2016-04-12T01:14:01.000000;2016-04-12T01:14:01.000000;2dfad638-e2c4-4faf-aca6-edb2a81afcef;424.78;0.02;UNKNOWN
2016-04-12T01:14:01.000000;2016-04-12T01:14:01.000000;239e7c8b-0e7c-45a1-996c-92e21c3b6275;424.69;0.01;UNKNOWN
2016-04-12T01:14:01.000000;2016-04-12T01:14:01.000000;bca2c5ea-0d5d-4963-97a4-b3e6b97c416e;424.76;0.35;UNKNOWN
2016-04-12T01:14:01.000000;2016-04-12T01:14:01.000000;93a910fe-a86d-4510-b587-f4796e6d3b63;424.69;0.01;UNKNOWN
2016-04-12T01:14:01.000000;2016-04-12T01:14:01.000000;a54a11e5-d553-4e9d-b27f-268cd9491b92;424.8;0.1;UNKNOWN
2016-04-12T01:14:01.000000;2016-04-12T01:14:01.000000;fbc0cb9d-a7b0-4538-821b-a00ceeb131cc;424.8;0.02;UNKNOWN
2016-04-12T01:14:01.000000;2016-04-12T01:14:01.000000;701054b4-e7f0-4554-8f9f-3a3c600146c3;424.71;0.01;UNKNOWN
2016-04-12T01:14:01.000000;2016-04-12T01:14:01.000000;45df18fa-cf83-4938-afd3-f544e1c3a114;424.7;0.02;UNKNOWN
2016-04-12T01:14:01.000000;2016-04-12T01:14:01.000000;af91e650-cfb1-4a5e-a362-151ff3f6ceb7;424.69;0.01013963;UNKNOWN
2016-04-12T01:14:01.000000;2016-04-12T01:14:01.000000;127c3b3e-9cda-4f30-8b8f-99416a8c69da;424.81;3.29356547;UNKNOWN
2016-04-12T01:14:01.000000;2016-04-12T01:14:01.000000;e8889646-fc4a-4392-b4e4-8d70e3e4b5a0;424.77;0.36933538;UNKNOWN
2016-04-12T01:14:01.000000;2016-04-12T01:14:01.000000;bd1bdaaa-e55c-45c9-b2f8-89766fc58fc8;424.7;0.351;UNKNOWN
2016-04-12T01:14:01.000000;2016-04-12T01:14:01.000000;9a172452-99c7-4fc4-a973-9f33fccca0c8;424.81;0.01;UNKNOWN
2016-04-12T01:14:01.000000;2016-04-12T01:14:01.000000;1378ee34-e784-48f7-9ece-93cdf468f2e5;424.7;0.03;UNKNOWN
2016-04-12T01:14:01.000000;2016-04-12T01:14:01.000000;86704012-b53a-4c90-91ee-ca2bb3b0f8c2;424.71;0.03;UNKNOWN
2016-04-12T01:14:01.000000;2016-04-12T01:14:01.000000;332e97fd-555e-4b32-a3e3-cbcf292efa5b;424.71;0.03;UNKNOWN
2016-04-12T01:14:01.000000;2016-04-12T01:14:01.000000;1c008cf9-03b2-4426-90c0-6b28152f5c13;424.77;0.03;UNKNOWN
2016-04-12T01:14:01.000000;2016-04-12T01:14:01.000000;ffdc36f3-ef6b-4a76-9e7e-41d48a9fadb5;424.72;0.05;UNKNOWN
2016-04-12T01:14:01.000000;2016-04-12T01:14:01.000000;fe91c24d-07e1-4174-810c-b3b463fbef80;424.72;0.01;UNKNOWN
2016-04-12T01:14:01.000000;2016-04-12T01:14:01.000000;774b5526-c4d2-4b73-99e2-af96ae2742c8;424.72;0.05;UNKNOWN
2016-04-12T01:14:01.000000;2016-04-12T01:14:01.000000;fd828c73-6264-4851-8066-7a91323279b1;424.72;0.03;UNKNOWN
2016-04-12T01:14:01.000000;2016-04-12T01:14:01.000000;8d264205-79a1-4bd9-bb20-6c42e2feb6b5;424.8;0.02;UNKNOWN
2016-04-12T01:14:01.000000;2016-04-12T01:14:01.000000;e2396d4b-e975-42e0-a795-87dcddd1b7d5;424.72;0.03;UNKNOWN
2016-04-12T01:14:01.000000;2016-04-12T01:14:01.000000;83c3e1ab-8e96-4702-b753-7b88070a526c;424.78;0.01;UNKNOWN
2016-04-12T01:14:01.000000;2016-04-12T01:14:01.000000;8cf17d33-4966-42a2-89a8-6541a6e554a7;424.78;0.012534;UNKNOWN
2016-04-12T01:14:01.000000;2016-04-12T01:14:01.000000;353e1c02-ad96-4416-aa6e-7c4a92b3d03a;424.73;0.01;UNKNOWN
2016-04-12T01:14:01.000000;2016-04-12T01:14:01.000000;4d7ee0b3-6ca3-4dba-95fd-edd76b73f502;424.76;0.01;UNKNOWN
2016-04-12T01:14:01.000000;2016-04-12T01:14:01.000000;2c26c15e-7b2d-4431-8b78-368e7343e868;424.77;0.05;UNKNOWN
2016-04-12T01:14:01.000000;2016-04-12T01:14:01.000000;64f41879-bc05-4eb9-8540-032576a41f4f;424.77;0.04;UNKNOWN
2016-04-12T01:14:01.000000;2016-04-12T01:14:01.000000;ddca3ade-7173-40b8-9712-fd94875e6cfe;424.72;0.03;UNKNOWN
2016-04-12T01:14:01.000000;2016-04-12T01:14:01.000000;6ef6ea32-fe8a-4b12-99bd-517bd1281ee9;424.79;0.03150528;UNKNOWN
2016-04-12T01:14:01.000000;2016-04-12T01:14:01.000000;1c1f1e0d-8d06-4da0-b4f5-6f282936141c;424.73;0.04;UNKNOWN
2016-04-12T01:14:01.000000;2016-04-12T01:14:01.000000;7b74e9c1-d2e0-452b-b187-1125f0fc04eb;424.76;0.01;UNKNOWN
2016-04-12T01:14:01.000000;2016-04-12T01:14:01.000000;1d74545a-f958-4e14-aa47-bc101615ec11;424.74;0.03;UNKNOWN
2016-04-12T01:14:01.000000;2016-04-12T01:14:01.000000;d5a2dad9-8fd5-427b-968f-93b149bfee6c;424.77;0.03;UNKNOWN
2016-04-12T01:14:01.000000;2016-04-12T01:14:01.000000;e7b92f64-52da-46a6-847c-4e87e8005c74;424.76;0.01937859;UNKNOWN
2016-04-12T01:14:01.000000;2016-04-12T01:14:01.000000;b829c2b6-1b77-42ab-95c9-74c01dd2ba31;424.79;0.01;UNKNOWN
2016-04-12T01:14:01.000000;2016-04-12T01:14:01.000000;a63def0d-37f6-475c-8c79-aee3e465e29a;424.74;0.01;UNKNOWN
2016-04-12T01:14:01.000000;2016-04-12T01:14:01.000000;0ec92516-f2d5-43d7-890b-9044e0fd0ea8;424.75;0.01;UNKNOWN
2016-04-12T01:14:01.000000;2016-04-12T01:14:01.000000;72738393-72d0-4505-b0a4-6adf60f6d71e;424.76;0.01;UNKNOWN
2016-04-12T01:14:01.000000;2016-04-12T01:14:01.000000;943d9735-2524-41ef-b26e-7d12305104d8;424.75;0.0216667;UNKNOWN
2016-04-12T01:14:01.000000;2016-04-12T01:14:01.000000;9dd7bf75-8274-4d28-bb22-44ec0fa313ed;424.75;0.08881382;UNKNOWN
2016-04-12T01:14:01.000000;2016-04-12T01:14:01.000000;9f5660e6-bf42-4a37-a6a3-0fedd3ee9324;424.75;0.03;UNKNOWN
2016-04-12T01:14:01.000000;2016-04-12T01:14:01.000000;8131d57c-6d79-4d5a-add3-871b0ddc93d5;424.75;0.75;UNKNOWN
2016-04-12T01:14:01.000000;2016-04-12T01:14:01.000000;9d81f53d-efe5-48ea-bfee-03f94fe618eb;424.75;5.5;UNKNOWN
2016-04-12T01:14:01.000000;2016-04-12T01:14:01.000000;59337314-ebef-42ba-8536-2e13a8148b09;424.75;1.0;UNKNOWN
2016-04-12T01:14:31.000000;2016-04-12T01:14:31.000000;2cd4b623-acdc-47eb-af1f-d98c5c103954;424.79;0.323;UNKNOWN
2016-04-12T01:14:31.000000;2016-04-12T01:14:31.000000;e6464e3d-a2e3-4234-bdc8-dc5378b62230;424.81;0.38256547;UNKNOWN
2016-04-12T01:14:31.000000;2016-04-12T01:14:31.000000;0894e490-d18c-4c94-871d-42d3c40044c1;424.67;0.02;UNKNOWN
2016-04-12T01:14:31.000000;2016-04-12T01:14:31.000000;56372159-f41e-4a61-b262-9e8d9a2a53ae;424.73;0.314;UNKNOWN
2016-04-12T01:14:31.000000;2016-04-12T01:14:31.000000;f83b7dba-eb36-4d7d-a8d7-c6be0820a5fd;424.81;0.96443453;UNKNOWN
2016-04-12T01:15:01.000000;2016-04-12T01:15:01.000000;bc240351-bbec-4850-b987-17055d0d90b4;424.78;0.54;UNKNOWN
2016-04-12T01:15:01.000000;2016-04-12T01:15:01.000000;91a76d42-fded-414f-95ef-53723fb7c485;424.78;0.093;UNKNOWN
2016-04-12T01:15:01.000000;2016-04-12T01:15:01.000000;4770b8bb-cf3a-4187-82d8-c1bed107ef49;424.78;0.0683;UNKNOWN
2016-04-12T01:15:01.000000;2016-04-12T01:15:01.000000;c9c33f99-cbe7-4692-905a-e694c1bdaf12;424.77;0.36;UNKNOWN
2016-04-12T01:15:01.000000;2016-04-12T01:15:01.000000;95bbb627-8ca6-4b1d-9409-27ab11d43202;424.81;1.400172;UNKNOWN
2016-04-12T01:15:01.000000;2016-04-12T01:15:01.000000;4627508c-a814-4770-925d-167499933a5e;424.75;0.012534;UNKNOWN
2016-04-12T01:15:01.000000;2016-04-12T01:15:01.000000;b01b62ae-a78e-42ab-9f2e-1891c13012c4;424.79;0.012534;UNKNOWN
2016-04-12T01:15:32.000000;2016-04-12T01:15:32.000000;e3f178d0-5f19-4f04-bb90-2bf3bdd37394;424.76;0.236;UNKNOWN
2016-04-12T01:15:32.000000;2016-04-12T01:15:32.000000;2cf1c62e-6563-4fd0-a839-172d6aa04279;424.77;0.31074;UNKNOWN
2016-04-12T01:16:01.000000;2016-04-12T01:16:01.000000;9122d0fd-92e5-4e42-94c8-c89e151d7063;424.77;0.76628;UNKNOWN
2016-04-12T01:16:31.000000;2016-04-12T01:16:31.000000;6fc0e7c4-4111-4556-b837-789f1be2a29f;424.77;2.7925;UNKNOWN
2016-04-12T01:16:31.000000;2016-04-12T01:16:31.000000;d49920a3-cabb-4194-a40d-97accdd3cdc4;424.77;0.263;UNKNOWN
2016-04-12T01:16:31.000000;2016-04-12T01:16:31.000000;9e7a1f77-277a-489d-b5cc-5cd408f0f3b3;424.78;0.999106;UNKNOWN
2016-04-12T01:16:31.000000;2016-04-12T01:16:31.000000;9980a845-0a30-478d-a6ae-326e07047d3c;424.78;0.012534;UNKNOWN
2016-04-12T01:17:01.000000;2016-04-12T01:17:01.000000;02206718-8c27-4e50-8f9f-1f5c5a78b32c;424.71;0.122;UNKNOWN
2016-04-12T01:17:01.000000;2016-04-12T01:17:01.000000;d74f7eeb-3636-4005-b5b5-6c807c0c0c7b;424.74;0.01;UNKNOWN
2016-04-12T01:17:01.000000;2016-04-12T01:17:01.000000;e2692181-d178-425d-a14a-2dcd5a03a775;424.71;0.01;UNKNOWN
2016-04-12T01:17:01.000000;2016-04-12T01:17:01.000000;410589d4-8881-4f27-b9d4-ed84374398dd;424.75;0.065;UNKNOWN
2016-04-12T01:17:01.000000;2016-04-12T01:17:01.000000;79cc41a4-07a1-4530-9451-2c78e61d0f1f;424.72;0.01;UNKNOWN
2016-04-12T01:17:01.000000;2016-04-12T01:17:01.000000;67963f04-6071-451a-97a2-0c3e559b72b8;424.75;0.0125;UNKNOWN
2016-04-12T01:17:01.000000;2016-04-12T01:17:01.000000;8b1b36c6-d13f-4a33-89f2-167e2713d806;424.75;0.02167954;UNKNOWN
2016-04-12T01:17:01.000000;2016-04-12T01:17:01.000000;567b8b2c-533b-4a2f-b62b-76585bcf3eb9;424.73;0.01;UNKNOWN
2016-04-12T01:17:01.000000;2016-04-12T01:17:01.000000;16f575b0-cb4c-4d87-82a9-a9e1e2d8539b;424.78;0.01;UNKNOWN
2016-04-12T01:17:01.000000;2016-04-12T01:17:01.000000;34a81e6d-00cc-4af5-94d6-463e0eda4b6e;424.76;0.01;UNKNOWN
2016-04-12T01:17:01.000000;2016-04-12T01:17:01.000000;6be5b24b-dc21-4ab5-a3e1-42356b419d9b;424.77;0.01;UNKNOWN
2016-04-12T01:17:01.000000;2016-04-12T01:17:01.000000;1e609ac0-423a-4423-a331-6a8ee2cf11f0;424.75;0.01;UNKNOWN
2016-04-12T01:17:01.000000;2016-04-12T01:17:01.000000;a09a8d14-8b56-41d8-91fc-cd968b959c4d;424.68;0.01;UNKNOWN
2016-04-12T01:17:01.000000;2016-04-12T01:17:01.000000;04fb2867-6406-40cc-ac0e-07b1c3cd984c;424.69;0.17;UNKNOWN
2016-04-12T01:17:01.000000;2016-04-12T01:17:01.000000;fed12e00-d9a5-4cd9-9add-c379490b2153;424.62;3.30600046;UNKNOWN
2016-04-12T01:17:01.000000;2016-04-12T01:17:01.000000;f9574536-29dc-4d5d-8392-588f495f0a2e;424.7;0.01;UNKNOWN
2016-04-12T01:17:01.000000;2016-04-12T01:17:01.000000;57f527b0-5687-4d9c-98da-eee3b7704429;424.62;0.01;UNKNOWN
2016-04-12T01:17:01.000000;2016-04-12T01:17:01.000000;954b901b-1a3e-41fd-9e03-3fdc7a11ce47;424.65;0.12;UNKNOWN
2016-04-12T01:17:01.000000;2016-04-12T01:17:01.000000;9c976fd9-f96b-4f8e-8ab5-5df5ad2b423f;424.63;0.018;UNKNOWN
2016-04-12T01:17:01.000000;2016-04-12T01:17:01.000000;fb7df415-b302-4e35-8e76-6679f3a71faf;424.65;0.01;UNKNOWN
2016-04-12T01:17:01.000000;2016-04-12T01:17:01.000000;72408cdb-780b-4303-8e91-ac6f9f4205dc;424.67;0.01;UNKNOWN
2016-04-12T01:17:01.000000;2016-04-12T01:17:01.000000;08e078b4-fb51-48ba-8fc6-01ad953aa2be;424.66;0.01;UNKNOWN
2016-04-12T01:17:01.000000;2016-04-12T01:17:01.000000;8cf8790b-d8b5-4780-8a5c-4f0120f9c8d9;424.64;0.01;UNKNOWN
2016-04-12T01:17:01.000000;2016-04-12T01:17:01.000000;c8543fc6-57c8-4356-9e45-15e0a65ae0a3;424.63;0.01;UNKNOWN
2016-04-12T01:17:31.000000;2016-04-12T01:17:31.000000;c6f3c08a-03eb-4ebd-8bff-4cca39847ef3;424.67;0.03;UNKNOWN
2016-04-12T01:17:31.000000;2016-04-12T01:17:31.000000;f58bfa96-125a-4018-b4c3-3f2e95e2475d;424.68;0.29584;UNKNOWN
2016-04-12T01:18:05.000000;2016-04-12T01:18:05.000000;3a82fc6c-a09c-4ef9-bafb-303638c15332;424.68;0.07885;UNKNOWN
2016-04-12T01:18:54.000000;2016-04-12T01:18:54.000000;ec245800-c1b9-46e5-912a-fd14de151761;424.68;1.27031;UNKNOWN
2016-04-12T01:18:54.000000;2016-04-12T01:18:54.000000;f5b82e89-ef25-40ba-a63d-36bfc01c9b44;424.68;0.018;UNKNOWN
2016-04-12T01:18:54.000000;2016-04-12T01:18:54.000000;963945ad-69e9-4520-a0dc-b05c47b0386c;424.68;0.3;UNKNOWN
2016-04-12T01:19:03.000000;2016-04-12T01:19:03.000000;27183852-7564-4804-80ec-3e53824b0561;424.5;0.0125;UNKNOWN
2016-04-12T01:19:03.000000;2016-04-12T01:19:03.000000;f7af8860-71fb-4433-853f-96e962f529be;424.5;0.01;UNKNOWN
2016-04-12T01:19:03.000000;2016-04-12T01:19:03.000000;f9c506fe-feaa-4f47-bcf7-8f0941610e11;424.5;0.978;UNKNOWN
2016-04-12T01:19:03.000000;2016-04-12T01:19:03.000000;53bc1130-b715-4c5e-a47d-aec2e4f20e39;424.52;0.3;UNKNOWN
2016-04-12T01:19:03.000000;2016-04-12T01:19:03.000000;ab478305-f31d-423a-9e3e-09e6aeeb6026;424.56;0.956;UNKNOWN
2016-04-12T01:19:03.000000;2016-04-12T01:19:03.000000;670c528a-b510-4b6a-b8fb-5b53ab902877;424.48;0.065;UNKNOWN
2016-04-12T01:19:03.000000;2016-04-12T01:19:03.000000;d127e902-8930-4c95-91fb-9e43e1a53c72;424.6;0.35;UNKNOWN
2016-04-12T01:19:03.000000;2016-04-12T01:19:03.000000;283f5b27-ea75-4af9-94e3-c4a989fb1a0a;424.45;3.98;UNKNOWN
2016-04-12T01:19:03.000000;2016-04-12T01:19:03.000000;5a0aa8f3-338c-46af-a3f8-e3e15218feec;424.56;0.01;UNKNOWN
2016-04-12T01:19:03.000000;2016-04-12T01:19:03.000000;ccb1c8c9-b87e-4f81-b5f9-ecad5107fe20;424.45;0.01;UNKNOWN
2016-04-12T01:19:03.000000;2016-04-12T01:19:03.000000;5d209356-156b-4424-b116-9f4c73c802f6;424.62;0.984;UNKNOWN
2016-04-12T01:19:03.000000;2016-04-12T01:19:03.000000;17523aab-d3b0-4969-ac64-6bd478c61402;424.62;7.03126;UNKNOWN
2016-04-12T01:19:03.000000;2016-04-12T01:19:03.000000;56bf73c8-bd14-4841-a85c-acf018bd5b52;424.65;0.01;UNKNOWN
2016-04-12T01:19:03.000000;2016-04-12T01:19:03.000000;988d9756-65d0-4e5c-b68f-04513c5c695d;424.44;1.7248;UNKNOWN
2016-04-12T01:19:03.000000;2016-04-12T01:19:03.000000;0c060a01-698e-4dcf-b056-bc3066a8e503;424.6;0.1;UNKNOWN
2016-04-12T01:19:03.000000;2016-04-12T01:19:03.000000;98401335-48d8-4432-ba81-efcedb5b6e79;424.45;0.183;UNKNOWN
2016-04-12T01:19:03.000000;2016-04-12T01:19:03.000000;105b861f-9afa-42fa-b200-f6cd37db8951;424.66;0.01;UNKNOWN
2016-04-12T01:19:03.000000;2016-04-12T01:19:03.000000;5a2405f4-4006-4d72-add7-da3a0b214eba;424.67;0.01;UNKNOWN
2016-04-12T01:19:03.000000;2016-04-12T01:19:03.000000;964c8da3-0245-40b2-8ae7-e840aaaf695c;424.64;0.01;UNKNOWN
2016-04-12T01:19:03.000000;2016-04-12T01:19:03.000000;ff57c922-e66e-45f8-8df4-31b9bc939126;424.66;0.065;UNKNOWN
2016-04-12T01:19:03.000000;2016-04-12T01:19:03.000000;b3906cce-3d9e-4d95-97b6-4edef5fbf0c6;424.68;0.0179;UNKNOWN
2016-04-12T01:19:03.000000;2016-04-12T01:19:03.000000;149471c7-ef01-48d3-8fcb-79a965340ab7;424.68;0.947;UNKNOWN
2016-04-12T01:19:03.000000;2016-04-12T01:19:03.000000;76c99f59-b614-444c-b37d-b8217fbe663e;424.68;6.41169;UNKNOWN
2016-04-12T01:19:31.000000;2016-04-12T01:19:31.000000;80acb9aa-e062-4f04-b751-cd2df662d0fb;424.69;0.012534;UNKNOWN
2016-04-12T01:19:31.000000;2016-04-12T01:19:31.000000;50df06cf-fa11-4643-ae78-6f2bd2415be3;424.66;0.01;UNKNOWN
2016-04-12T01:19:31.000000;2016-04-12T01:19:31.000000;8aa57c1d-7308-4886-8be5-728af8b06663;424.68;0.17;UNKNOWN
2016-04-12T01:19:31.000000;2016-04-12T01:19:31.000000;83af5747-e778-4699-b360-289395f37299;424.69;0.3;UNKNOWN
2016-04-12T01:19:31.000000;2016-04-12T01:19:31.000000;a546cbdb-4b10-4d68-bb49-a86099a7a68e;424.7;3.213306;UNKNOWN
2016-04-12T01:19:43.000000;2016-04-12T01:19:43.000000;091499a3-39fd-433c-b333-242fa2154f0a;424.74;0.0266;UNKNOWN
2016-04-12T01:19:43.000000;2016-04-12T01:19:43.000000;ee67eb02-9516-4398-b1db-c46487ced8a2;424.74;0.03185;UNKNOWN
2016-04-12T01:20:01.000000;2016-04-12T01:20:01.000000;9b84f020-e387-4081-908f-b7caf2278ae0;424.74;0.0166;UNKNOWN
2016-04-12T01:20:01.000000;2016-04-12T01:20:01.000000;0883547f-b897-421c-ad9b-bd2e32cd5827;424.73;0.017;UNKNOWN
2016-04-12T01:20:01.000000;2016-04-12T01:20:01.000000;91d6575d-ade0-41d0-9fe3-f36495ec57ba;424.74;0.0209;UNKNOWN
2016-04-12T01:20:01.000000;2016-04-12T01:20:01.000000;449f09e9-f38b-48e6-b318-2dd6c968c36f;424.74;0.017;UNKNOWN
2016-04-12T01:20:01.000000;2016-04-12T01:20:01.000000;42018836-3a87-4956-b6ad-e1fb6de23110;424.74;0.0226;UNKNOWN
2016-04-12T01:20:01.000000;2016-04-12T01:20:01.000000;e3e32dff-3f53-42bc-9260-d64ba21bdd1b;424.71;0.0188;UNKNOWN
2016-04-12T01:20:01.000000;2016-04-12T01:20:01.000000;4818f73b-aff6-4c2f-96be-4991ac12cabe;424.74;0.0207;UNKNOWN
2016-04-12T01:20:01.000000;2016-04-12T01:20:01.000000;6b7b47a8-fb83-42cb-baf1-e66c60f5e977;424.74;0.0232;UNKNOWN
2016-04-12T01:20:01.000000;2016-04-12T01:20:01.000000;47bfd22b-2588-43c4-9b06-8772dbf6ef08;424.74;0.0222;UNKNOWN
2016-04-12T01:20:01.000000;2016-04-12T01:20:01.000000;b4846915-fe66-4a56-84fc-0ec501abdf11;424.69;0.0171;UNKNOWN
2016-04-12T01:20:01.000000;2016-04-12T01:20:01.000000;c293cbc5-deab-4db1-a593-6b8f59cf2903;424.66;0.00982;UNKNOWN
2016-04-12T01:20:11.000000;2016-04-12T01:20:11.000000;6504e3a0-0951-436a-9a4e-3fd03d1745a5;424.67;0.01;UNKNOWN
2016-04-12T01:20:31.000000;2016-04-12T01:20:31.000000;079635cb-5132-4069-b981-fe47b3e1a5aa;424.68;0.452;UNKNOWN
2016-04-12T01:20:31.000000;2016-04-12T01:20:31.000000;9868c6e7-7241-402f-b840-d6d1b09898c3;424.71;1.734666;UNKNOWN
2016-04-12T01:20:31.000000;2016-04-12T01:20:31.000000;538e6678-6880-492a-8656-29fd035cd4b9;424.67;0.002534;UNKNOWN
2016-04-12T01:21:01.000000;2016-04-12T01:21:01.000000;579b7b41-cc66-460b-bd87-6338655dacb3;424.75;2.35062;UNKNOWN
2016-04-12T01:21:01.000000;2016-04-12T01:21:01.000000;a2338f70-a924-436f-87ae-f91bd466056b;424.75;0.01;UNKNOWN
2016-04-12T01:21:01.000000;2016-04-12T01:21:01.000000;62894d8c-e16f-4451-a036-c2c104899ee7;424.74;0.399;UNKNOWN
2016-04-12T01:21:31.000000;2016-04-12T01:21:31.000000;9fb78dd9-54f4-463d-9015-e20d14bb4f33;424.72;0.01;UNKNOWN
2016-04-12T01:21:31.000000;2016-04-12T01:21:31.000000;70ede364-4bb3-4cf7-805e-14c46cfcda9f;424.73;0.01;UNKNOWN
2016-04-12T01:21:31.000000;2016-04-12T01:21:31.000000;ab8a286f-7f07-4150-af42-f5489e620f9a;424.71;0.77388;UNKNOWN
2016-04-12T01:22:01.000000;2016-04-12T01:22:01.000000;5e0438fd-3040-4906-826a-6fc40a3701c4;424.74;0.065;UNKNOWN
2016-04-12T01:22:01.000000;2016-04-12T01:22:01.000000;3631ac95-590c-40bc-b945-b30630612a32;424.73;0.0183;UNKNOWN
2016-04-12T01:22:01.000000;2016-04-12T01:22:01.000000;764eb414-f976-47e3-861d-7f69b380bdcb;424.75;0.4296;UNKNOWN
2016-04-12T01:22:31.000000;2016-04-12T01:22:31.000000;e38d7592-31c5-4e74-a59f-79016180382d;424.73;0.03;UNKNOWN
2016-04-12T01:22:31.000000;2016-04-12T01:22:31.000000;0258a979-eb18-4870-be3f-1a0a68a8e573;424.73;0.0322;UNKNOWN
2016-04-12T01:22:31.000000;2016-04-12T01:22:31.000000;6a50225a-11a6-4ed9-9570-427b805a121a;424.75;0.0228;UNKNOWN
2016-04-12T01:22:31.000000;2016-04-12T01:22:31.000000;a5600af0-23af-4a0c-9819-2a86bf291aff;424.73;0.0263;UNKNOWN
2016-04-12T01:22:31.000000;2016-04-12T01:22:31.000000;76bf24b1-aa16-468e-929b-fdcab1c456a0;424.73;0.0201;UNKNOWN
2016-04-12T01:22:31.000000;2016-04-12T01:22:31.000000;2cd80389-9eed-43d9-9d76-2d51cf2e7a44;424.73;0.0224;UNKNOWN
2016-04-12T01:22:31.000000;2016-04-12T01:22:31.000000;3c0a3ef8-b382-42a6-b370-a9a0ed1348c4;424.73;0.0324;UNKNOWN
2016-04-12T01:22:31.000000;2016-04-12T01:22:31.000000;9b7e5685-81a2-4355-bdaf-5cc79905e51d;424.73;0.0329;UNKNOWN
2016-04-12T01:23:01.000000;2016-04-12T01:23:01.000000;2231c1a1-3800-448b-932c-cf587631f052;424.75;0.69932;UNKNOWN
2016-04-12T01:23:33.000000;2016-04-12T01:23:33.000000;e97f0542-70ac-477d-8308-0768e77d40cb;424.75;0.11389;UNKNOWN
2016-04-12T01:23:36.000000;2016-04-12T01:23:36.000000;ecd813be-0122-4895-b7e7-9ce93141914d;424.75;0.041375;UNKNOWN
2016-04-12T01:24:01.000000;2016-04-12T01:24:01.000000;91584499-2b68-4bf4-aff6-dd3fa08fc183;424.75;0.37;UNKNOWN
2016-04-12T01:24:01.000000;2016-04-12T01:24:01.000000;c810b151-b4e2-4f23-a72f-a0c20f6be3df;424.75;0.065;UNKNOWN
2016-04-12T01:24:01.000000;2016-04-12T01:24:01.000000;1af0d50a-808e-445a-9ceb-9e4119b36c84;424.75;2.240195;UNKNOWN
2016-04-12T01:24:01.000000;2016-04-12T01:24:01.000000;6c5e655d-aaeb-4fba-8143-eb7772e1d794;424.77;0.01;UNKNOWN
2016-04-12T01:24:01.000000;2016-04-12T01:24:01.000000;2e2af204-2e4c-4a0b-856f-c130e4690c29;424.78;0.775501;UNKNOWN
2016-04-12T01:24:01.000000;2016-04-12T01:24:01.000000;d5af8644-403c-49f3-a126-3c797d9c100c;424.76;0.012534;UNKNOWN
2016-04-12T01:24:31.000000;2016-04-12T01:24:31.000000;04f3820b-1628-4951-bfcd-5371c627b7e8;424.74;0.01;UNKNOWN
2016-04-12T01:24:31.000000;2016-04-12T01:24:31.000000;cfad362d-62ef-4366-a3a2-931f352174d0;424.73;0.01;UNKNOWN
2016-04-12T01:24:31.000000;2016-04-12T01:24:31.000000;32a371d0-3322-4db8-b823-85f481061d5f;424.75;0.01;UNKNOWN
2016-04-12T01:24:31.000000;2016-04-12T01:24:31.000000;69816498-9f46-484c-a824-4763a9e99a36;424.76;0.01;UNKNOWN
2016-04-12T01:24:31.000000;2016-04-12T01:24:31.000000;2cbe8369-fd35-4976-9244-f67a2bd38b63;424.72;0.01;UNKNOWN
2016-04-12T01:24:31.000000;2016-04-12T01:24:31.000000;66f93150-7076-4048-94b1-16b34278ac5d;424.71;0.02341;UNKNOWN
2016-04-12T01:25:01.000000;2016-04-12T01:25:01.000000;6e46fdda-ee5c-4685-b6b7-6e41294bdfef;424.79;0.65115;UNKNOWN
2016-04-12T01:25:01.000000;2016-04-12T01:25:01.000000;5f055a45-a3d3-47f3-b832-51f281293589;424.77;0.065;UNKNOWN
2016-04-12T01:25:01.000000;2016-04-12T01:25:01.000000;67622d0c-5e81-4fd7-a4e0-d66e7aba2811;424.79;0.01;UNKNOWN
2016-04-12T01:25:01.000000;2016-04-12T01:25:01.000000;8f5792bf-51ea-4185-a598-4e67f8a4f98b;424.78;0.03;UNKNOWN
2016-04-12T01:25:01.000000;2016-04-12T01:25:01.000000;940072e9-5144-43ff-a041-4e4a3ee9f7b8;424.77;0.01;UNKNOWN
2016-04-12T01:25:04.000000;2016-04-12T01:25:04.000000;12f6ed33-2ad7-453e-8af9-83c33863b4d0;424.69;0.01;UNKNOWN
2016-04-12T01:25:04.000000;2016-04-12T01:25:04.000000;063decd2-1ee2-4b8b-8160-5eb45c1c0278;424.66;0.00018;UNKNOWN
2016-04-12T01:25:04.000000;2016-04-12T01:25:04.000000;a4a249e2-605e-454c-8019-44ca728509e4;424.7;0.0125;UNKNOWN
2016-04-12T01:25:04.000000;2016-04-12T01:25:04.000000;5b86e931-4f39-4a94-850d-10c8fee51dff;424.68;0.18;UNKNOWN
2016-04-12T01:25:04.000000;2016-04-12T01:25:04.000000;89dc9b82-853a-4424-babe-7f82a2b7ca3b;424.62;0.36;UNKNOWN
2016-04-12T01:25:04.000000;2016-04-12T01:25:04.000000;14878288-c79c-4ef0-9943-c54d516f1a6f;424.73;0.01;UNKNOWN
2016-04-12T01:25:04.000000;2016-04-12T01:25:04.000000;f319289d-cc4c-4f1c-8000-295fdc7e3978;424.68;0.01;UNKNOWN
2016-04-12T01:25:04.000000;2016-04-12T01:25:04.000000;6c68b867-4f9d-4275-a940-37e2381f5815;424.61;0.01761;UNKNOWN
2016-04-12T01:25:04.000000;2016-04-12T01:25:04.000000;bbe7e5fa-727d-4eee-8114-7ede1da91282;424.72;0.065;UNKNOWN
2016-04-12T01:25:04.000000;2016-04-12T01:25:04.000000;975d6663-ba45-4b20-aa9d-56b458165a66;424.71;0.20271;UNKNOWN
2016-04-12T01:25:04.000000;2016-04-12T01:25:04.000000;cc61c974-789d-4428-9fc9-aceed66a2015;424.74;0.01;UNKNOWN
2016-04-12T01:25:04.000000;2016-04-12T01:25:04.000000;d4bd06c8-4ac9-4620-9c41-b08170012fe6;424.65;0.01;UNKNOWN
2016-04-12T01:25:04.000000;2016-04-12T01:25:04.000000;ff686009-9d65-460f-89d1-91bb5bdd66cf;424.71;0.112;UNKNOWN
2016-04-12T01:25:37.000000;2016-04-12T01:25:37.000000;dd9a5e2d-9d64-4dde-a949-a707d25913af;424.78;7.04673;UNKNOWN
2016-04-12T01:25:37.000000;2016-04-12T01:25:37.000000;d66103fa-0e49-41b0-ba6c-90eec0e8bdbe;424.79;0.95885;UNKNOWN
2016-04-12T01:25:37.000000;2016-04-12T01:25:37.000000;aea8ceb3-8b46-4b5d-9bc9-5b418b27db34;424.79;0.06917;UNKNOWN
2016-04-12T01:25:37.000000;2016-04-12T01:25:37.000000;69e860e1-fe06-4914-ae7d-16a49e4c46b4;424.78;0.402;UNKNOWN
2016-04-12T01:25:37.000000;2016-04-12T01:25:37.000000;8bdd7ffc-1fc8-4be6-9e6b-cddcb45fc9e5;424.75;0.01;UNKNOWN
2016-04-12T01:26:03.000000;2016-04-12T01:26:03.000000;aca05e59-bb6b-4a0b-b319-622a01496136;424.79;0.385;UNKNOWN
2016-04-12T01:26:03.000000;2016-04-12T01:26:03.000000;076482cc-8ed7-4c8c-bc85-f7662db72a97;424.8;0.01;UNKNOWN
2016-04-12T01:26:03.000000;2016-04-12T01:26:03.000000;af9b2e1f-adbc-4c26-93c2-b73e33a0f252;424.8;4.05947;UNKNOWN
2016-04-12T01:26:31.000000;2016-04-12T01:26:31.000000;665a2e9b-9aaf-490f-afeb-40ce6ac87100;424.75;0.01;UNKNOWN
2016-04-12T01:26:31.000000;2016-04-12T01:26:31.000000;d7bd33db-47d8-4976-80c9-1899b3fc1bb5;424.74;0.01;UNKNOWN
2016-04-12T01:26:31.000000;2016-04-12T01:26:31.000000;42fb94a4-44f1-4101-b0ed-69bd0bd08dc0;424.71;0.095;UNKNOWN
2016-04-12T01:26:31.000000;2016-04-12T01:26:31.000000;dc1ff05e-a254-4b47-a50c-299ff1aa7b50;424.71;0.01;UNKNOWN
2016-04-12T01:26:31.000000;2016-04-12T01:26:31.000000;9e24330b-3306-4394-9567-3977c9020d6b;424.72;0.103;UNKNOWN
2016-04-12T01:26:31.000000;2016-04-12T01:26:31.000000;d2a303af-5111-4448-8127-64e54036cb1c;424.73;0.01;UNKNOWN
2016-04-12T01:26:31.000000;2016-04-12T01:26:31.000000;11660632-300f-40cb-bdde-c2b2c07bb14d;424.62;7.06588;UNKNOWN
2016-04-12T01:26:31.000000;2016-04-12T01:26:31.000000;fbb8c3e5-d282-4655-b909-542ac1a60bd5;424.63;0.9;UNKNOWN
2016-04-12T01:26:31.000000;2016-04-12T01:26:31.000000;725c1faa-3c44-4777-816e-2ba87c64db44;424.64;0.02;UNKNOWN
2016-04-12T01:26:31.000000;2016-04-12T01:26:31.000000;50e0e289-d804-4682-a7ea-7a5ac0d07307;424.63;0.3;UNKNOWN
2016-04-12T01:26:31.000000;2016-04-12T01:26:31.000000;7353d4c9-7874-4a35-80a2-4e2edbfac88e;424.65;0.01;UNKNOWN
2016-04-12T01:26:31.000000;2016-04-12T01:26:31.000000;ff8cff47-a513-4327-8a5c-93ded15ffd00;424.7;0.0125;UNKNOWN
2016-04-12T01:26:31.000000;2016-04-12T01:26:31.000000;83af251d-3f65-4c89-a8d9-b0b1d15aed25;424.58;0.17;UNKNOWN
2016-04-12T01:26:31.000000;2016-04-12T01:26:31.000000;eebb3dda-8132-45ed-9b65-db1ae5cff673;424.61;0.98239;UNKNOWN
2016-04-12T01:26:31.000000;2016-04-12T01:26:31.000000;2047d36b-9bc8-4aca-897c-d3016fc48f33;424.51;1.33;UNKNOWN
2016-04-12T01:26:31.000000;2016-04-12T01:26:31.000000;9c70d231-650a-49ca-a6b6-db73d57b527c;424.57;0.116;UNKNOWN
2016-04-12T01:26:31.000000;2016-04-12T01:26:31.000000;48167239-deeb-4d09-8c99-6c315f8112a8;424.55;0.065;UNKNOWN
2016-04-12T01:26:31.000000;2016-04-12T01:26:31.000000;1b57fcdf-f2e3-4ca7-8fb5-a74ad8a0d207;424.51;0.013;UNKNOWN
2016-04-12T01:26:31.000000;2016-04-12T01:26:31.000000;00c7638b-e266-4b66-aad1-467a140da182;424.52;0.01;UNKNOWN
2016-04-12T01:26:31.000000;2016-04-12T01:26:31.000000;915d5344-75ad-45ee-8e0a-0d91b82c52e0;424.54;0.2;UNKNOWN
2016-04-12T01:26:31.000000;2016-04-12T01:26:31.000000;0080e25f-992f-4a59-8992-fede71bafd88;424.4;0.1;UNKNOWN
2016-04-12T01:26:31.000000;2016-04-12T01:26:31.000000;84b89a20-bc36-46fc-8424-cb4ae7a8c9d5;424.51;2.2;UNKNOWN
2016-04-12T01:26:31.000000;2016-04-12T01:26:31.000000;29bcc681-9122-4e6e-a566-e7bb53f467ed;424.47;0.124;UNKNOWN
2016-04-12T01:26:31.000000;2016-04-12T01:26:31.000000;44f854a0-ab42-4e03-9234-327c53d584a1;424.5;2.33;UNKNOWN
2016-04-12T01:26:31.000000;2016-04-12T01:26:31.000000;68555f23-0468-4e04-9779-abf243976acf;424.41;0.119;UNKNOWN
2016-04-12T01:26:31.000000;2016-04-12T01:26:31.000000;284048e5-b130-4e78-8c60-1ed4704ad7c9;424.44;0.017;UNKNOWN
2016-04-12T01:26:31.000000;2016-04-12T01:26:31.000000;46c84bd7-d7f0-4307-9e46-f55e617aa1d2;424.44;0.2752;UNKNOWN
2016-04-12T01:26:31.000000;2016-04-12T01:26:31.000000;9705bd92-6673-4608-844d-ad6f117ed02e;424.4;0.035;UNKNOWN
2016-04-12T01:26:31.000000;2016-04-12T01:26:31.000000;578fc70b-a1bd-4be2-8082-b736f2d2ec2f;424.35;0.112;UNKNOWN
2016-04-12T01:26:31.000000;2016-04-12T01:26:31.000000;58d2768f-042c-46ae-bc4a-31d2a1316933;424.35;1.06;UNKNOWN
2016-04-12T01:26:31.000000;2016-04-12T01:26:31.000000;73a57236-c22c-40eb-831f-289e54164578;424.37;0.6;UNKNOWN
2016-04-12T01:26:31.000000;2016-04-12T01:26:31.000000;ff974a0b-8814-4cdb-9a27-773bfa1b4cd5;424.36;0.8;UNKNOWN
2016-04-12T01:26:31.000000;2016-04-12T01:26:31.000000;61d2b71a-3ab9-42db-be63-3fb79de47e1e;424.26;3.34103;UNKNOWN
2016-04-12T01:26:31.000000;2016-04-12T01:26:31.000000;94ce5ea9-878f-4702-bea7-68c87c115354;424.26;0.01;UNKNOWN
2016-04-12T01:26:31.000000;2016-04-12T01:26:31.000000;b5070193-2ff1-4592-9855-2a2e24872e84;424.33;1.0;UNKNOWN
2016-04-12T01:26:31.000000;2016-04-12T01:26:31.000000;84e2e34d-b65a-4369-a322-4f3dbe258abb;424.34;0.0845;UNKNOWN
2016-04-12T01:26:31.000000;2016-04-12T01:26:31.000000;b16f454c-cdbb-4622-bd80-c74c97a2163e;424.29;0.106;UNKNOWN
2016-04-12T01:26:31.000000;2016-04-12T01:26:31.000000;5a4acc15-ce74-4991-9cec-bf96c6dfbb44;424.31;0.01;UNKNOWN
2016-04-12T01:26:31.000000;2016-04-12T01:26:31.000000;959322b7-9246-4da5-a9e3-9ef5a5deaa3e;424.3;0.02;UNKNOWN
2016-04-12T01:27:33.000000;2016-04-12T01:27:33.000000;0f775d80-5bc9-488b-a66a-8a7c45f93e60;424.67;0.96853;UNKNOWN
2016-04-12T01:28:00.000000;2016-04-12T01:28:00.000000;cc5e7f96-db56-4c2e-8ea8-ec24f05bde2b;424.67;0.1;UNKNOWN
2016-04-12T01:28:01.000000;2016-04-12T01:28:01.000000;ab811916-d495-4ee9-a086-c1e38fc75875;424.61;0.015;UNKNOWN
2016-04-12T01:28:01.000000;2016-04-12T01:28:01.000000;72f4a16c-3245-428f-94c5-de878e20ab2e;424.61;0.065;UNKNOWN
2016-04-12T01:28:01.000000;2016-04-12T01:28:01.000000;98658932-d11d-4a5e-abae-2f9d4c7f9340;424.65;0.01;UNKNOWN
2016-04-12T01:28:01.000000;2016-04-12T01:28:01.000000;35d188b8-be99-463b-a9a1-6aaa387745b5;424.66;0.01;UNKNOWN
2016-04-12T01:28:31.000000;2016-04-12T01:28:31.000000;b6d77782-243d-4371-9dad-bcaa02406bcc;424.66;4.87212;UNKNOWN
2016-04-12T01:28:59.000000;2016-04-12T01:28:59.000000;f1c727ad-676d-4694-abed-85f87c10840e;424.66;0.0402;UNKNOWN
2016-04-12T01:28:59.000000;2016-04-12T01:28:59.000000;6d501e8a-de20-4cbe-b756-0896abd89a3d;424.66;0.258625;UNKNOWN
2016-04-12T01:28:59.000000;2016-04-12T01:28:59.000000;608b3cbe-fc03-4099-9f8d-ec3656f6a90a;424.66;0.02;UNKNOWN
2016-04-12T01:28:59.000000;2016-04-12T01:28:59.000000;51a45440-9599-4f9e-91f5-a13e6aa41789;424.66;0.011175;UNKNOWN
2016-04-12T01:29:01.000000;2016-04-12T01:29:01.000000;178a098d-ce98-4aaa-b530-47b4eb0e2e5c;424.66;1.88852;UNKNOWN
2016-04-12T01:29:38.000000;2016-04-12T01:29:38.000000;3c0d799c-80db-43aa-af77-9f1e96f79351;424.62;0.01;UNKNOWN
2016-04-12T01:29:38.000000;2016-04-12T01:29:38.000000;4c057075-7022-4bbe-9992-f29a02a2ecac;424.65;0.01;UNKNOWN
2016-04-12T01:29:38.000000;2016-04-12T01:29:38.000000;d26c5d98-ed3e-478c-991b-f756aa46160d;424.61;0.13443;UNKNOWN
