time_exchange;time_coinpai;guid;price;base_amount;taker_side
2016-04-12T00:10:06.000000;2016-04-12T00:10:06.852499;7367d289-b82a-4238-97bb-e7b3127d45c9;8.65;5.0;SELL
2016-04-12T00:10:06.000000;2016-04-12T00:10:06.852499;e92d4dca-4291-416b-8bbb-1313b634a7b5;8.65;5.0;SELL
2016-04-12T00:10:09.000000;2016-04-12T00:10:09.618779;f8d79c13-7483-4b44-99f7-ee6042cb637a;8.628;22.49800004;SELL
2016-04-12T00:10:09.000000;2016-04-12T00:10:09.619791;c3c98d6e-ee14-4e93-9784-f9e4875db9e1;8.6151;22.49800004;SELL
2016-04-12T00:17:03.000000;2016-04-12T00:17:03.099146;2862ee2a-f540-43d3-80ed-9e9d3cdbf2fe;8.532;2.5;SELL
2016-04-12T00:17:03.000000;2016-04-12T00:17:03.116129;36277991-6684-46eb-90b0-8383c4649975;8.531;22.49800004;SELL
2016-04-12T00:17:03.000000;2016-04-12T00:17:03.122129;89b6c957-4366-4f9a-b25e-d4f2cd7347df;8.53;10.0;SELL
2016-04-12T00:17:03.000000;2016-04-12T00:17:03.153121;1b148725-6735-456a-b0a9-534ee876a8cf;8.485;21.34196923;SELL
2016-04-12T00:17:36.000000;2016-04-12T00:17:36.583470;ccc0c25a-5a0e-4d0a-b0d8-001f9e944343;8.4819;18.21548494;SELL
2016-04-12T00:17:43.000000;2016-04-12T00:17:43.896238;b78ea79e-fca9-446e-9d3b-e340ec4ed88f;8.4819;4.2825151;SELL
2016-04-12T00:17:43.000000;2016-04-12T00:17:43.901233;ad939165-12ea-41a7-b744-d0eeb487609e;8.4819;18.21098534;SELL
2016-04-12T00:17:43.000000;2016-04-12T00:17:43.906200;0d52cadc-8889-47fc-a8fd-8ca6c382c5f8;8.4819;4.2870147;SELL
2016-04-12T00:17:47.000000;2016-04-12T00:17:47.979639;0c5da2c8-3599-4c59-8c17-34a7404ea33a;8.4799;2.524;SELL
2016-04-12T00:20:39.000000;2016-04-12T00:20:39.996825;d610700b-bca3-4081-b338-a2ca16b719a9;8.4729;2.79249534;BUY
2016-04-12T00:20:39.000000;2016-04-12T00:20:40.013823;59fd71a4-1353-4cf4-af75-d7559fd1d648;8.4729;22.49350044;BUY
2016-04-12T00:20:39.000000;2016-04-12T00:20:40.019826;53522772-ff2a-4d4d-b70d-a93b7fbbdfa1;8.473;64.71400422;BUY
2016-04-12T00:22:13.000000;2016-04-12T00:22:13.709193;5c51d7cf-dd3c-4bff-b72b-a94d17ad197e;8.4629;0.1;BUY
2016-04-12T00:24:13.000000;2016-04-12T00:24:13.202126;35950731-02bb-4367-a834-37ce307732cf;8.4619;2.5;SELL
2016-04-12T00:26:29.000000;2016-04-12T00:26:29.963441;ac6b6864-1928-42cf-9814-2369950570ab;8.4619;2.69249534;SELL
2016-04-12T00:27:15.000000;2016-04-12T00:27:16.013024;dd851d61-96c2-4cd9-bc5b-4abe0be07c1f;8.4619;4.79710466;SELL
2016-04-12T00:43:46.000000;2016-04-12T00:43:46.689361;3d000dc8-10ce-43be-a1b3-91bbb27c3250;8.462;4.8;BUY
2016-04-12T00:43:49.000000;2016-04-12T00:43:49.336663;4200a6d7-3020-4704-a64d-a3d030809134;8.48;29.3;BUY
2016-04-12T00:43:49.000000;2016-04-12T00:43:49.347645;8ec011de-9adc-453c-b2f9-47bfb8da2287;8.48;2.52;BUY
2016-04-12T00:44:09.000000;2016-04-12T00:44:09.390646;f464e2e3-b7b1-4931-a1e5-98356e8478e4;8.49;10.0;BUY
2016-04-12T00:44:21.000000;2016-04-12T00:44:21.752889;8024320d-19c9-462f-8b4a-69514462207e;8.5;10.0;BUY
2016-04-12T00:44:30.000000;2016-04-12T00:44:30.135717;e50fd762-e6d9-4b98-a0da-1c7f382fcdfc;8.51;10.0;BUY
2016-04-12T00:47:49.000000;2016-04-12T00:47:49.449646;5c2f1dc1-47fa-48d2-8d61-28152acbae35;8.52;0.37;BUY
2016-04-12T00:47:50.000000;2016-04-12T00:47:50.267748;380d5950-3b63-4b67-ac0c-f2097c78c242;8.52;9.63;BUY
2016-04-12T00:48:11.000000;2016-04-12T00:48:12.022949;f869d22e-5881-499d-a9de-b46865e85ebb;8.53;10.0;BUY
2016-04-12T00:57:45.000000;2016-04-12T00:57:45.525925;b490138c-b395-4c00-91d9-7d6f9b3cb30d;8.499;10.0;SELL
2016-04-12T00:57:47.000000;2016-04-12T00:57:47.676158;601507f1-8abf-4475-9002-f8e147e1334e;8.499;10.0;SELL
2016-04-12T00:57:50.000000;2016-04-12T00:57:50.418411;05a2bfd7-2fcc-4935-9e8d-2a118c27ad8f;8.499;10.0;SELL
2016-04-12T01:00:20.000000;2016-04-12T01:00:20.595451;0786c249-bcaf-44bf-967e-f8ac63db0dc0;8.499;1.4970818;SELL
2016-04-12T01:00:21.000000;2016-04-12T01:00:21.117480;ac335557-d44b-46f1-82ae-a8299ee2bc9f;8.499;0.34101267;SELL
2016-04-12T01:09:10.000000;2016-04-12T01:09:10.766428;de43f808-e20d-4f0c-bcde-13eeedab5fe9;8.499;2.79733804;SELL
2016-04-12T01:09:12.000000;2016-04-12T01:09:12.851645;9e414bc0-6df8-4a33-89f0-7c93eb017238;8.499;2.79733804;SELL
2016-04-12T01:09:15.000000;2016-04-12T01:09:15.225890;e9869555-8670-4f1c-9da9-3313496685a7;8.499;2.79733804;SELL
2016-04-12T01:09:17.000000;2016-04-12T01:09:17.287328;c9e8fc84-fdc2-43c8-b2d1-228f164b5a5f;8.499;2.79733804;SELL
2016-04-12T01:20:20.000000;2016-04-12T01:20:21.011926;b1e1744f-adbd-45c9-9396-98a29ff37414;8.439;3.8;SELL
2016-04-12T01:20:20.000000;2016-04-12T01:20:21.028943;8c858430-da50-483c-b067-2d071880a113;8.438;88.0778;SELL
2016-04-12T01:20:20.000000;2016-04-12T01:20:21.036943;fab03248-2149-4d01-8a54-551e90052366;8.4371;44.9687584;SELL
2016-04-12T01:20:58.000000;2016-04-12T01:20:58.705704;4abfa3b5-003a-4416-8c66-c365ef083954;8.499;2.66393446;BUY
2016-04-12T01:20:58.000000;2016-04-12T01:20:58.721717;73eb8b4c-50f7-450d-9ccf-6226b9f9fa3d;8.538;0.33606554;BUY
2016-04-12T01:21:03.000000;2016-04-12T01:21:03.995235;b41c212c-e53a-4542-8c5e-2192c52bfae6;8.538;3.0;BUY
2016-04-12T01:48:17.000000;2016-04-12T01:48:17.548856;4490b2c5-ff92-4135-bed2-2163fbd9c9ca;8.43;6.0578975;SELL
2016-04-12T01:48:19.000000;2016-04-12T01:48:19.465026;b3cff515-b204-4816-833f-f8999206a710;8.43;3.9421025;SELL
2016-04-12T01:48:32.000000;2016-04-12T01:48:32.827414;d2d29c13-3768-4fd3-85e5-a76922e1a7c0;8.421;22.5385776;BUY
2016-04-12T01:48:37.000000;2016-04-12T01:48:37.507823;342e0451-c453-4e4d-8b54-e7f3416a24fa;8.42;3.80380846;SELL
2016-04-12T01:48:39.000000;2016-04-12T01:48:39.886093;9f1c08e1-edb9-4f5b-92ff-920380331366;8.42;3.8;SELL
2016-04-12T01:48:39.000000;2016-04-12T01:48:39.908105;c8f7da96-263d-4baf-9bc6-fa88894c3eaf;8.42;2.39619154;SELL
2016-04-12T01:48:46.000000;2016-04-12T01:48:46.310740;e312c60b-7b1a-4a1f-96f3-59d71bb73265;8.419;10.0;BUY
2016-04-12T01:49:41.000000;2016-04-12T01:49:41.252221;07b7a23b-670d-4476-bab0-b994a6e3dce7;8.4;3.75420135;SELL
2016-04-12T01:49:44.000000;2016-04-12T01:49:44.585529;8c29c760-53ed-4706-9321-623d43f99e56;8.4;3.75420135;SELL
2016-04-12T01:49:46.000000;2016-04-12T01:49:46.619764;d57feb15-1c09-40a3-9387-10c3baa86d49;8.4;2.4915973;SELL
2016-04-12T01:49:46.000000;2016-04-12T01:49:46.624776;78ec4667-b737-4c13-ad3a-07a60a1e63a9;8.4;1.26357445;SELL
2016-04-12T01:49:49.000000;2016-04-12T01:49:49.522035;81e89b6e-0a38-4f00-a742-4efbfe7aa304;8.4;3.75517175;SELL
2016-04-12T01:49:52.000000;2016-04-12T01:49:52.677383;b636b084-6ad9-4239-ac39-7fa16bfb59e1;8.4;3.87939126;SELL
2016-04-12T01:49:54.000000;2016-04-12T01:49:54.976599;e565ac10-983f-487d-a75f-58f06a9c805d;8.4;1.10186254;SELL
2016-04-12T01:49:54.000000;2016-04-12T01:49:54.981581;3ebfffc9-396c-48c3-93fa-141733ccaae4;8.4;2.77849924;SELL
2016-04-12T01:49:57.000000;2016-04-12T01:49:58.021888;66fd1ddb-9b13-4147-87c2-7dd67d6c7b81;8.4;3.96286031;SELL
2016-04-12T01:50:00.000000;2016-04-12T01:50:00.721154;601265b6-e30a-4a38-b713-4d1dd94ed387;8.4;3.25864045;SELL
2016-04-12T01:55:53.000000;2016-04-12T01:55:53.628445;6b5b407a-1597-4eb4-8106-fc0286b009d6;8.39;7.24;SELL
2016-04-12T01:55:54.000000;2016-04-12T01:55:54.740574;d3ec31b5-c56c-4da4-a7c9-95e5d0692d3d;8.39;2.76;SELL
2016-04-12T01:55:59.000000;2016-04-12T01:55:59.347011;3545683a-ca43-4892-ac13-c2a0e9b9f9c3;8.38;5.38;SELL
2016-04-12T01:55:59.000000;2016-04-12T01:55:59.954061;00fe5468-34a8-43a6-ba3e-8238c4292987;8.38;4.62;SELL
2016-04-12T01:57:31.000000;2016-04-12T01:57:31.548189;9e204b6c-c63b-4230-8596-a3938f314770;8.348;5.29058192;SELL
2016-04-12T01:57:34.000000;2016-04-12T01:57:34.301478;60cc57f4-deee-4725-ae97-c9ad8163b14a;8.348;5.29058192;SELL
2016-04-12T01:57:36.000000;2016-04-12T01:57:36.673705;04c37eb0-f9fb-4ce9-bee9-1a521880827c;8.348;2.69979484;SELL
2016-04-12T01:59:34.000000;2016-04-12T01:59:34.723538;62cf2ac0-798d-4057-90ae-fbe0345edcc2;8.35;2.78767218;SELL
2016-04-12T01:59:38.000000;2016-04-12T01:59:38.221862;f055040e-cdb5-4c7c-8b30-f3e83c0eebc0;8.35;2.78767218;SELL
2016-04-12T01:59:40.000000;2016-04-12T01:59:40.954141;e43bb576-c2cb-40df-a650-2f28fcf085f7;8.35;4.26513409;SELL
2016-04-12T01:59:43.000000;2016-04-12T01:59:43.194357;76dae53b-acf3-41e8-b6d1-ae06bc2304dd;8.35;0.15952155;SELL
2016-04-12T01:59:46.000000;2016-04-12T01:59:46.591708;55f7a910-27aa-4d6b-be26-ea6d6460e7ed;8.348;0.72686843;SELL
2016-04-12T01:59:49.000000;2016-04-12T01:59:49.281971;492f6122-bce3-4f93-ae47-8b078f49e21b;8.348;3.80418085;SELL
2016-04-12T01:59:52.000000;2016-04-12T01:59:52.722319;bc10ca5d-374d-4ee5-9c5d-bff3f3f6f1c5;8.348;3.75878592;SELL
2016-04-12T01:59:55.000000;2016-04-12T01:59:55.050552;b50b25ad-f9c6-4152-aa1c-e6d75875752c;8.348;0.92720616;SELL
2016-04-12T01:59:57.000000;2016-04-12T01:59:57.318806;2391543b-0a99-4895-a66c-8a35b0972572;8.34;2.89887147;SELL
2016-04-12T02:00:09.000000;2016-04-12T02:00:09.386997;2f71edb7-011c-4bd8-be37-4e317873567e;8.34;2.64905749;SELL
2016-04-12T02:00:47.000000;2016-04-12T02:00:47.383789;3930a041-b007-4521-8e70-cb1d6a35ec79;8.34;2.69437312;SELL
2016-04-12T02:02:26.000000;2016-04-12T02:02:26.668726;c0aa7fa9-60ed-4910-b78e-32f0058e40c2;8.349;3.0;BUY
2016-04-12T02:07:20.000000;2016-04-12T02:07:20.447092;93250e4e-30ca-4724-9556-ad367a5c72d7;8.343;2.5;BUY
2016-04-12T02:15:49.000000;2016-04-12T02:15:49.701239;e553d586-0ef5-4236-bfac-f6ef489bca8b;8.34;21.75769792;SELL
2016-04-12T02:15:49.000000;2016-04-12T02:15:49.714233;782be797-dfe8-4b9f-8df1-d8737af1faeb;8.329;53.58230208;SELL
2016-04-12T02:21:11.000000;2016-04-12T02:21:11.574393;9187724b-c58c-4a30-bc07-0cedf62170fb;8.35;3.6;BUY
2016-04-12T02:50:15.000000;2016-04-12T02:50:15.774609;5402fcda-e675-49f4-8eac-ec43b391b818;8.34;0.11374028;SELL
2016-04-12T02:50:43.000000;2016-04-12T02:50:43.826415;7feb2b25-495d-457d-b792-504d26971502;8.34;9.88625972;SELL
2016-04-12T03:15:34.000000;2016-04-12T03:15:34.699022;e5d8bb9c-38e3-4641-b6eb-297e31e8c6ed;8.342;1.1073034;SELL
2016-04-12T03:17:20.000000;2016-04-12T03:17:20.249571;1ae9df14-b993-4ae0-a696-489a9bd7acfa;8.35;0.66513409;BUY
2016-04-12T03:39:57.000000;2016-04-12T03:39:57.885474;7da7003b-ca22-4b89-9371-71fedcec16cf;8.4;0.70519048;BUY
2016-04-12T03:39:57.000000;2016-04-12T03:39:57.903491;771cace3-09b2-41c5-b542-d86a214e78aa;8.4;10.0;BUY
2016-04-12T03:40:21.000000;2016-04-12T03:40:21.828855;eb89dadd-9739-4756-a283-ab0ea6ee3fb2;8.41;10.0;BUY
2016-04-12T03:40:49.000000;2016-04-12T03:40:49.100594;303a6913-fe2b-4a20-af36-dd0e3d158cef;8.41;10.0;BUY
2016-04-12T03:40:53.000000;2016-04-12T03:40:53.798065;5ca31313-3ebb-4fa7-bac7-7424a0a3d887;8.416;21.71995219;BUY
2016-04-12T03:40:57.000000;2016-04-12T03:40:57.550447;4ffe944b-4249-4d4d-a2aa-9f1914d10baf;8.416;4.781e-05;SELL
2016-04-12T03:41:02.000000;2016-04-12T03:41:02.498923;94c44a0c-eef5-4a82-98a2-6bd38310c94d;8.41;9.99995219;BUY
2016-04-12T03:41:12.000000;2016-04-12T03:41:12.673958;ca279e83-c3b3-4fc2-b428-8b6f2c2261f9;8.41;10.0;BUY
2016-04-12T03:41:26.000000;2016-04-12T03:41:26.215304;674ff6b3-0170-4f3f-846d-e65e5e72efb8;8.418;1.1;BUY
2016-04-12T03:41:26.000000;2016-04-12T03:41:26.221308;6d4665c3-f43e-4915-afd9-d55003b17c0a;8.419;2.53;BUY
2016-04-12T03:41:33.000000;2016-04-12T03:41:33.543032;b85ad21b-9d84-4b6a-87fe-82b3e3ec391f;8.41;9.908;BUY
2016-04-12T03:41:42.000000;2016-04-12T03:41:42.330914;640bbd32-185c-4804-90c4-f75fdc7dee03;8.419;19.18995219;BUY
2016-04-12T03:41:42.000000;2016-04-12T03:41:42.341917;d7bb6d82-5a83-4aa8-bb31-e0c92f81108d;8.42;3.80380846;BUY
2016-04-12T03:41:42.000000;2016-04-12T03:41:42.348920;7f1c146a-4904-4584-b88d-03ce0973266b;8.42;3.8028426;BUY
2016-04-12T03:42:11.000000;2016-04-12T03:42:12.013522;641ea040-b35a-42b8-9479-8f738319c0d0;8.4;0.00480952;SELL
2016-04-12T03:42:11.000000;2016-04-12T03:42:12.021529;a8a5342a-9637-4017-8350-edba5086a031;8.392;3.4;SELL
2016-04-12T03:42:11.000000;2016-04-12T03:42:12.028528;f3d32fb2-0fcc-4ae3-8acd-c67213add2e3;8.391;48.94519048;SELL
2016-04-12T03:48:18.000000;2016-04-12T03:48:18.705182;9db53bb9-74c7-4960-a3c5-579f1db8103f;8.35;0.66;SELL
2016-04-12T03:48:19.000000;2016-04-12T03:48:19.930304;8b7f8622-13cc-4a00-8c7f-f0b578b1cfc6;8.35;0.00247621;SELL
2016-04-12T03:49:10.000000;2016-04-12T03:49:10.829404;2996a5b3-848e-41ac-b7d0-bd4cde4b767c;8.34;3.2059;SELL
2016-04-12T03:49:10.000000;2016-04-12T03:49:10.834387;588a2573-a7a5-4e1f-9eb1-7740e397954b;8.34;10.30483935;SELL
2016-04-12T03:49:12.000000;2016-04-12T03:49:12.493566;7b2c210d-12e8-4fd3-ade2-418f887ac578;8.34;13.51073935;SELL
2016-04-12T03:49:12.000000;2016-04-12T03:49:12.768589;18bd62c2-4b41-4e22-8f9c-1a00981e346c;8.34;5.11223022;SELL
2016-04-12T03:49:13.000000;2016-04-12T03:49:13.446682;c65fd42a-c858-496a-8613-836bc92f912b;8.34;1.07219108;SELL
2016-04-12T03:49:16.000000;2016-04-12T03:49:16.231936;e3b0aafb-7521-4547-820a-40981598e734;8.33;1.07219108;SELL
2016-04-12T03:49:16.000000;2016-04-12T03:49:16.918020;c4dcd0bf-3a30-43d2-9f54-f3008d584171;8.33;1.07219108;SELL
2016-04-12T03:50:03.000000;2016-04-12T03:50:03.905719;536e8166-edd4-44ac-a6c5-f872c041e8fd;8.33;7.85561784;SELL
2016-04-12T03:50:03.000000;2016-04-12T03:50:03.910723;f85e1ec6-d197-4f9c-a30e-49c7fec8abe6;8.33;10.0;SELL
2016-04-12T03:54:06.000000;2016-04-12T03:54:06.181950;f328d72a-cd0b-419e-b951-fcd064e06739;8.3;0.84486737;SELL
2016-04-12T03:54:08.000000;2016-04-12T03:54:08.517179;03c5d07c-bab1-4cb3-b20c-266585240050;8.3;3.84076757;SELL
2016-04-12T03:54:10.000000;2016-04-12T03:54:10.473365;f02eab40-e423-4db2-b7b6-1810b1c6d677;8.3;5.31436506;SELL
2016-04-12T03:54:10.000000;2016-04-12T03:54:10.475388;450c9e98-e54b-42ee-ac6a-c9037cf297ee;8.3;18.29600258;SELL
2016-04-12T03:54:10.000000;2016-04-12T03:54:10.769386;1beea44a-9f0a-4c7d-80a4-a0800ee3bc70;8.3;1.70399742;SELL
2016-04-12T03:54:15.000000;2016-04-12T03:54:15.286843;f247b4bb-1e80-4661-acfc-4ba919ff60bb;8.25;18.73462895;SELL
2016-04-12T03:54:16.000000;2016-04-12T03:54:16.435960;53173703-5561-416f-a5cf-7b92d8cc75ef;8.25;18.73462895;SELL
2016-04-12T03:54:16.000000;2016-04-12T03:54:16.455946;2588b451-fada-43ac-aa92-6c19e5d441d7;8.25;17.28912924;SELL
2016-04-12T03:54:17.000000;2016-04-12T03:54:17.278042;299cde02-d70e-4691-bde8-889073f2b7dd;8.25;28.73145837;SELL
2016-04-12T03:54:17.000000;2016-04-12T03:54:17.785090;f47317bc-0c79-4b34-81a6-f422ea249049;8.25;2.93164493;SELL
2016-04-12T03:54:30.000000;2016-04-12T03:54:30.049340;599b7bf1-953f-4153-b683-a2d6e9554d83;8.25;7.91235665;SELL
2016-04-12T03:55:00.000000;2016-04-12T03:55:00.547401;64350cb3-954b-42a4-9b28-ffdd678748dc;8.25;5.9868024;SELL
2016-04-12T03:55:16.000000;2016-04-12T03:55:16.171918;ad9a2e58-60d6-43b8-860b-16b24212da36;8.25;23.7271472;SELL
2016-04-12T03:55:19.000000;2016-04-12T03:55:19.089219;ba9d5aa3-ab13-4373-aec9-888d7ee0c2bd;8.25;23.7333255;SELL
2016-04-12T03:55:19.000000;2016-04-12T03:55:19.105215;73bbff30-5fa9-4ccd-b17d-23533ec36396;8.25;23.86421998;SELL
2016-04-12T03:55:19.000000;2016-04-12T03:55:19.222239;e6aeec4e-a393-4563-98ca-6407a77b39c9;8.25;23.7271472;SELL
2016-04-12T03:55:23.000000;2016-04-12T03:55:23.388675;7d97d7a2-cc8e-4692-9ff8-3109de5a1e5b;8.25;4.62751063;SELL
2016-04-12T03:56:17.000000;2016-04-12T03:56:17.688083;c67e8b07-b5ce-4888-9e1c-3dac43491e51;8.211;5.0;SELL
2016-04-12T03:56:17.000000;2016-04-12T03:56:17.698112;0a470f05-6779-4426-ae63-e32fe92591c2;8.21;9.551582;SELL
2016-04-12T03:56:24.000000;2016-04-12T03:56:24.659801;c7234ce8-e5e5-4eca-9548-002af5d3fd1a;8.21;23.98048902;SELL
2016-04-12T03:56:59.000000;2016-04-12T03:56:59.797290;4893bb1a-9040-4d08-b84a-02e66e0cfbcb;8.21;6.40985927;SELL
2016-04-12T03:57:02.000000;2016-04-12T03:57:02.971626;bc1f6835-8bfe-4c41-9b66-fa85d8d709b6;8.21;23.85881976;SELL
2016-04-12T03:57:05.000000;2016-04-12T03:57:05.338115;c1faa9fc-b2bf-4302-b898-f918b98eb6fe;8.21;10.37294914;SELL
2016-04-12T03:57:06.000000;2016-04-12T03:57:06.188229;94753e01-97f9-428a-ab44-ab9564363f1a;8.21;10.39165786;SELL
2016-04-12T03:57:15.000000;2016-04-12T03:57:15.473136;f393f884-e129-4c4e-b534-9468117a7387;8.21;23.85937744;SELL
2016-04-12T03:57:19.000000;2016-04-12T03:57:19.328515;f57fa0a3-9b37-45d3-a3f1-ed01023f2b66;8.21;23.98048936;SELL
2016-04-12T03:57:20.000000;2016-04-12T03:57:20.363617;4022c29b-3f5b-4926-9468-15bfba8e549c;8.21;23.98048936;SELL
2016-04-12T03:57:23.000000;2016-04-12T03:57:23.527935;55aa8c50-4ac4-4d71-bad8-6725dc09a791;8.21;23.98048944;SELL
2016-04-12T03:57:24.000000;2016-04-12T03:57:24.743049;2e64ff08-3842-428a-8793-b4c3bc666e57;8.21;19.63379735;SELL
2016-04-12T03:58:24.000000;2016-04-12T03:58:24.467026;31ec1976-2450-4194-98eb-635538d67627;8.179;14.8335;BUY
2016-04-12T03:59:04.000000;2016-04-12T03:59:04.271007;7ee88428-47f5-4a84-bddf-bb4e8a7b2301;8.178;3.4;BUY
2016-04-12T03:59:04.000000;2016-04-12T03:59:04.276016;8fd37541-b44f-443c-b783-43faf7e7d75f;8.179;1.6;BUY
2016-04-12T04:00:00.000000;2016-04-12T04:00:00.800669;c8881324-1605-44de-b795-c51c17ee8bd4;8.124;50.0;SELL
2016-04-12T04:00:24.000000;2016-04-12T04:00:24.294018;8b84d070-c8d4-43ee-addd-90c84131d2c8;8.127;6.7;SELL
2016-04-12T04:00:24.000000;2016-04-12T04:00:24.385019;c559745f-977a-422f-a54e-cfd7e0655aa8;8.127;3.3;SELL
2016-04-12T04:00:28.000000;2016-04-12T04:00:28.148393;54baae00-4d78-4902-8072-c3005003a2a2;8.128;10.0;SELL
2016-04-12T04:00:44.000000;2016-04-12T04:00:44.479024;218f2a54-42c2-4ade-ba02-ff0686e2ad4e;8.15;4.716;SELL
2016-04-12T04:00:44.000000;2016-04-12T04:00:44.486030;fd52d454-08e9-412e-8588-fee2991868b7;8.126;5.284;SELL
2016-04-12T04:00:46.000000;2016-04-12T04:00:46.713249;90a47cb0-048e-49d4-a033-f76ac07938d4;8.126;10.0;SELL
2016-04-12T04:01:19.000000;2016-04-12T04:01:19.513531;f7b71513-a374-483c-8a42-f67811b3be53;8.178;6.7;BUY
2016-04-12T04:01:19.000000;2016-04-12T04:01:19.532533;0ffb67f6-9544-4c8e-8e06-096d4608a978;8.179;7.54698944;BUY
2016-04-12T04:01:19.000000;2016-04-12T04:01:19.533527;a7fc070e-ce5c-4b28-a30f-fe9d44b7b897;8.18;35.75301056;BUY
2016-04-12T04:01:27.000000;2016-04-12T04:01:27.999383;e165b93f-ca66-4ff2-9947-aa8e928ad334;8.132;14.9976;SELL
2016-04-12T04:01:32.000000;2016-04-12T04:01:32.592831;150126c2-11ad-4a76-b959-a0d55f30e824;8.177;7.54698944;BUY
2016-04-12T04:01:32.000000;2016-04-12T04:01:32.611833;88e303ae-49fc-43c0-b2c1-b16e8bd3adb4;8.178;10.35002056;BUY
2016-04-12T04:01:40.000000;2016-04-12T04:01:41.013701;7a8788ad-4d9d-4c6a-9374-d029a74f1fdb;8.178;20.0;BUY
2016-04-12T04:01:52.000000;2016-04-12T04:01:52.570839;2e4f5949-833e-4e8a-b984-b37670bf69e9;8.178;20.0;BUY
2016-04-12T04:03:54.000000;2016-04-12T04:03:54.329096;d404d676-a63a-441d-8f6f-15b0d0b02632;8.1626;8.51276012;SELL
2016-04-12T04:04:07.000000;2016-04-12T04:04:07.689360;6277ba2b-0e62-498e-a37c-b13c438c5d30;8.17;177.77;SELL
2016-04-12T04:04:09.000000;2016-04-12T04:04:09.043501;c527ae01-c5a8-430a-814a-ddefccee2792;8.17;120.6809;SELL
2016-04-12T04:07:24.000000;2016-04-12T04:07:24.314005;9798ade4-d651-4bc2-b9fe-7f823b9acef8;8.1626;6.87247695;SELL
2016-04-12T04:07:27.000000;2016-04-12T04:07:27.873383;30161ba4-9d41-49c3-bb7c-4afa59560535;8.1626;2.51177293;SELL
2016-04-12T04:07:32.000000;2016-04-12T04:07:32.628846;073edbaa-dbb2-4824-b3cc-45b469785f81;8.1463;2.9098988;SELL
2016-04-12T04:09:11.000000;2016-04-12T04:09:11.227697;392766a7-e372-4cf1-a794-4f88b95de861;8.1111;6.47472001;SELL
2016-04-12T04:09:11.000000;2016-04-12T04:09:11.240694;85ff4f9d-7502-4748-aa4e-811c62638876;8.111;1.487;SELL
2016-04-12T04:09:11.000000;2016-04-12T04:09:11.244694;0c8a012b-a7c5-4439-aab8-7f9af8e25d98;8.11;22.02011033;SELL
2016-04-12T04:12:22.000000;2016-04-12T04:12:22.881230;2bd86bb6-8989-44dd-8ad4-0d457dfd3cd6;8.11;0.75343068;SELL
2016-04-12T04:12:25.000000;2016-04-12T04:12:25.442521;09cd7f86-da62-4045-ab6a-40b9792766c9;8.11;0.75343068;SELL
2016-04-12T04:13:33.000000;2016-04-12T04:13:33.587350;410d7127-e285-43a0-9502-bce533e492c9;8.11;18.36903024;SELL
2016-04-12T04:13:39.000000;2016-04-12T04:13:39.685940;4fc43443-9223-4e7f-a1af-8a2b6d2c3b04;8.11;10.01;SELL
2016-04-12T04:13:39.000000;2016-04-12T04:13:40.847030;fe8ac9f0-01d5-4c2c-a589-b07a219a3e7b;8.11;10.01;SELL
2016-04-12T04:13:41.000000;2016-04-12T04:13:41.459096;98aa18d6-dec6-4ea3-bfd4-1a62fcb7b9ff;8.11;38.08399807;SELL
2016-04-12T04:16:30.000000;2016-04-12T04:16:30.193955;2d42c094-7d13-4651-804a-bdf4175627fe;8.1;39.645;SELL
2016-04-12T04:17:40.000000;2016-04-12T04:17:40.659002;228d27ff-375a-4051-b495-c4dd024c8bb3;8.109;10.0;BUY
2016-04-12T04:17:46.000000;2016-04-12T04:17:46.476595;cddc8f6c-3e3d-4105-98ef-f3ff58428511;8.1;0.39785299;SELL
2016-04-12T04:17:50.000000;2016-04-12T04:17:50.455991;ab4ed579-2626-4cdd-b34b-ef8c9993138f;8.1;159.95714701;SELL
2016-04-12T04:17:50.000000;2016-04-12T04:17:50.462006;af7438e6-9c89-435a-88a4-eed935fce62e;8.1;0.1;SELL
2016-04-12T04:17:50.000000;2016-04-12T04:17:50.490993;19bd7327-c99d-424c-acf6-cbb1fcc4a34d;8.1;150.0;SELL
2016-04-12T04:18:13.000000;2016-04-12T04:18:13.167268;b3544a59-ddd0-4a1d-930e-2576f157413a;8.05;5.43410019;SELL
2016-04-12T04:18:26.000000;2016-04-12T04:18:26.415577;ac52600d-b9c6-400f-95b6-6dc3e78bae36;8.05;94.56589981;SELL
2016-04-12T04:18:53.000000;2016-04-12T04:18:53.065245;c14465ea-3e60-49e2-9ced-408c9208c6a0;8.0111;1.5078;SELL
2016-04-12T04:18:53.000000;2016-04-12T04:18:53.078252;4e84e3b3-9799-4b2d-a4b0-43cb658fa16d;8.0111;6.55925785;SELL
2016-04-12T04:18:53.000000;2016-04-12T04:18:53.079255;f148789e-6a15-4c6c-96a5-8ca8e28bf64f;8.01;130.352817;SELL
2016-04-12T04:18:53.000000;2016-04-12T04:18:53.116259;fe39781c-5c40-4f02-8141-760cd357cbd3;8.01;65.16667444;SELL
2016-04-12T04:19:24.000000;2016-04-12T04:19:24.231374;380efd0e-1550-41ae-9c6b-19f3268447ca;8.022;10.0;SELL
2016-04-12T04:19:24.000000;2016-04-12T04:19:24.239414;1d722ca2-7cfb-493d-a778-eecea4538bc0;8.01;16.14846476;SELL
2016-04-12T04:21:11.000000;2016-04-12T04:21:11.332073;f5d2b166-0eb4-4b0b-8133-2c9f234c1743;8.027;92.71;BUY
2016-04-12T04:21:19.000000;2016-04-12T04:21:19.353877;d5a663fd-6ce2-434c-a7b1-0f61cec09c18;8.011;98.27;SELL
2016-04-12T04:21:19.000000;2016-04-12T04:21:19.361882;cfcdca51-0081-4d17-a186-c4670b1eff0e;8.01;273.35392884;SELL
2016-04-12T04:21:19.000000;2016-04-12T04:21:19.374883;d6f0ccf7-518c-43e7-b008-67d159583848;8.01;5.0;SELL
2016-04-12T04:21:19.000000;2016-04-12T04:21:19.398880;9ac84bd1-4794-496d-a1b7-68aab2337bbb;8.002;48.59582576;SELL
2016-04-12T04:21:38.000000;2016-04-12T04:21:38.735858;1da2b31f-8096-4349-8162-c294016a9183;8.077;0.96544051;BUY
2016-04-12T04:21:38.000000;2016-04-12T04:21:38.744825;0a727182-ba52-4d1c-9735-a2973b70b095;8.078;0.31247554;BUY
2016-04-12T04:21:38.000000;2016-04-12T04:21:38.772848;6850ef00-cb08-4616-aa74-754c1c8eeb92;8.082;0.72208395;BUY
2016-04-12T04:28:18.000000;2016-04-12T04:28:18.700898;d18aec33-de61-49f9-b406-1ea5f0a33c21;8.03;0.7088;SELL
2016-04-12T04:28:18.000000;2016-04-12T04:28:18.716923;9f87d639-227a-47ca-a8f8-dd2b0facb6e6;8.023;1.30253365;SELL
2016-04-12T04:28:36.000000;2016-04-12T04:28:36.729763;91d6a0db-20fa-4358-90df-896418ea4e54;8.0;10.0;SELL
2016-04-12T04:28:36.000000;2016-04-12T04:28:36.741734;1f393391-065e-4769-8857-cd220de251af;8.0;1.0;SELL
2016-04-12T04:28:36.000000;2016-04-12T04:28:36.753765;603cd91d-479d-4a9a-bd7c-cb6332d941cc;8.0;2.4;SELL
2016-04-12T04:28:36.000000;2016-04-12T04:28:36.778724;abfdd5c8-d1e6-4220-bc61-3a5b8f398962;8.0;0.2;SELL
2016-04-12T04:28:36.000000;2016-04-12T04:28:36.778724;f1a9540f-f2e4-4ab7-bc47-1e7141b8e9e3;8.0;7.74722;SELL
2016-04-12T04:28:36.000000;2016-04-12T04:28:36.779710;4314313a-2ecd-450e-81b2-e3df65c00688;8.0;2.0;SELL
2016-04-12T04:33:09.000000;2016-04-12T04:33:09.083946;6e146626-18bd-4b02-b641-5ac032e70bee;8.037;4.0;BUY
2016-04-12T04:47:50.000000;2016-04-12T04:47:50.740579;7b765064-8643-4bcf-9bf9-2301fdba4e81;8.08;93.0921;BUY
2016-04-12T04:48:24.000000;2016-04-12T04:48:25.029989;4bbe9191-0f6a-4f1b-89de-153b79e59613;8.081;2.37549506;BUY
2016-04-12T04:48:24.000000;2016-04-12T04:48:25.044020;00daa14a-8eeb-4c30-a5a2-84d1bfc89ce8;8.081;2.08269373;BUY
2016-04-12T04:48:24.000000;2016-04-12T04:48:25.065033;c7dcc43b-8cb9-40e5-bcb9-907de03f729e;8.081;5.54181121;BUY
2016-04-12T04:50:24.000000;2016-04-12T04:50:24.751965;f2ac57ea-e4bd-47eb-859d-24c40db8d74e;8.08;24.36631396;SELL
2016-04-12T04:50:47.000000;2016-04-12T04:50:47.125207;18b5a863-656b-4ab7-8174-342571d2f46a;8.08;6.21294524;SELL
2016-04-12T04:50:48.000000;2016-04-12T04:50:48.348326;166aa15a-1c3d-4e5f-89f8-401e958a7902;8.08;6.21294524;SELL
2016-04-12T04:51:34.000000;2016-04-12T04:51:34.465923;75eb24d4-137d-4f9e-878e-377de9477469;8.08;24.3696425;SELL
2016-04-12T04:54:58.000000;2016-04-12T04:54:59.003399;3af10501-739d-4cf0-b818-4e55ec35c8f4;8.082;35.75255646;BUY
2016-04-12T04:54:58.000000;2016-04-12T04:54:59.029392;3c176753-babd-4f90-abd8-3091de792201;8.083;0.65296542;BUY
2016-04-12T04:54:58.000000;2016-04-12T04:54:59.040382;1e5868ce-a4ec-44c8-ac04-f424cddd08c1;8.084;16.32447812;BUY
2016-04-12T04:54:59.000000;2016-04-12T04:54:59.391426;ad4f944d-fdf6-4c20-b024-d99dc932b05f;8.084;0.00425864;BUY
2016-04-12T04:55:53.000000;2016-04-12T04:55:53.360851;6b815a41-8048-431a-b7f4-32e2b54e8279;8.092;0.31247554;BUY
2016-04-12T04:55:53.000000;2016-04-12T04:55:53.383815;6273c833-e41e-4c82-a77d-30dfe59ca265;8.093;0.96544096;BUY
2016-04-12T04:55:53.000000;2016-04-12T04:55:53.396831;55500440-7284-4426-afcb-7a3c718f7955;8.1;13.10754831;BUY
2016-04-12T04:56:16.000000;2016-04-12T04:56:16.191098;fd96bb57-6a7e-45c6-b2c0-49a66c518443;8.11;4.18;BUY
2016-04-12T04:56:26.000000;2016-04-12T04:56:26.588140;36b8a5d7-4866-4f0c-b123-4faae1158e15;8.11;33.9;BUY
2016-04-12T05:05:04.000000;2016-04-12T05:05:04.823145;15cb32fa-b8a3-44a8-8b70-eec8e9bdba3a;8.12;7.5705;BUY
2016-04-12T05:05:42.000000;2016-04-12T05:05:42.201875;77c6c698-82c3-45be-ad49-0621c5f3ec73;8.12;2.0651;BUY
2016-04-12T05:07:56.000000;2016-04-12T05:07:56.512467;a6584854-39be-4a06-bd75-af81f8628d7a;8.12;0.3644;BUY
2016-04-12T05:07:56.000000;2016-04-12T05:07:56.525318;777323c4-ce11-420d-826b-3d475b63961b;8.147;92.1639;BUY
2016-04-12T05:07:56.000000;2016-04-12T05:07:56.526310;01e06cd8-8480-468f-bd20-5a579a4e0817;8.15;10.0;BUY
2016-04-12T05:07:56.000000;2016-04-12T05:07:56.683331;e9645bf2-a5e3-4a4f-9eaa-1bd59f675029;8.15;38.8994;SELL
2016-04-12T05:09:58.000000;2016-04-12T05:09:58.739560;2f781163-02de-45e7-98a8-cbd6f9822ae3;8.111;1.02456;SELL
2016-04-12T05:12:29.000000;2016-04-12T05:12:29.765753;17fd8f80-d3dc-4aa1-ac62-17cefb37a4ff;8.152;12.0417;BUY
2016-04-12T05:14:46.000000;2016-04-12T05:14:46.582443;d55e67a0-bad0-4bbc-bd71-4c4403c62329;8.152;6.9987;BUY
2016-04-12T05:36:18.000000;2016-04-12T05:36:18.962944;6851e4fb-441a-41b3-8517-f7a9dd0dbf0c;8.111;0.7336;SELL
2016-04-12T06:00:09.000000;2016-04-12T06:00:09.717291;cf85e487-9a71-43c8-baf6-c5db01ed842e;8.111;1.0854;SELL
2016-04-12T06:03:30.000000;2016-04-12T06:03:30.400327;db818a4d-ca76-45cb-b0c9-59fbc96a4bb4;8.111;2.15644;SELL
2016-04-12T06:03:30.000000;2016-04-12T06:03:30.408340;20d12d04-313b-48f6-bb27-8ce77ba14096;8.11;6.83464362;SELL
2016-04-12T06:10:39.000000;2016-04-12T06:10:39.483226;14563afe-04ad-4c31-9ee7-e077eb548b81;8.12;4.36;SELL
2016-04-12T06:10:40.000000;2016-04-12T06:10:40.261333;86f1af41-6a4f-470d-b5fb-efc47a1fa83f;8.12;0.64;SELL
2016-04-12T06:10:45.000000;2016-04-12T06:10:45.920869;6c38a1d7-2925-4935-aef7-bc3ac2d4f98b;8.11;3.16535638;SELL
2016-04-12T06:15:41.000000;2016-04-12T06:15:41.303949;11b24257-6669-47e5-a994-2311b918793a;8.011;5.0;SELL
2016-04-12T06:15:55.000000;2016-04-12T06:15:55.881397;f9030bb3-56c2-4f69-82ca-3917e93f9c30;8.0;1.58186362;SELL
2016-04-12T06:25:12.000000;2016-04-12T06:25:12.502061;25abe499-a948-489c-bfea-fcbd568a16a7;8.0;50.0;SELL
2016-04-12T06:26:21.000000;2016-04-12T06:26:22.000008;fb01009f-a43d-478f-9595-afe5848cf365;8.09;24.99972966;SELL
2016-04-12T06:26:23.000000;2016-04-12T06:26:23.498226;30925686-14bf-442e-a388-6eb9919c509c;8.09;0.00027034;SELL
2016-04-12T06:30:09.000000;2016-04-12T06:30:09.564405;b8e69645-ae49-4946-a4d7-535ae210d617;8.0;37.93160706;SELL
2016-04-12T06:30:14.000000;2016-04-12T06:30:14.331905;0099773f-0977-4f67-a292-7972ebe0849d;8.0;10.48652932;SELL
2016-04-12T06:30:14.000000;2016-04-12T06:30:14.336901;834cbbaa-26d3-4917-95f0-5c3b614b8a99;8.0;0.07332453;SELL
2016-04-12T06:30:15.000000;2016-04-12T06:30:16.111044;f91aa405-54fa-4cd6-9f90-c45d1c50049f;8.0;13.30946922;SELL
2016-04-12T06:30:21.000000;2016-04-12T06:30:22.018652;69a927fc-e680-4a41-9de0-0d0bf472d806;8.0;23.91626122;SELL
2016-04-12T06:30:23.000000;2016-04-12T06:30:23.610848;059e3f56-482b-4258-a1b7-81ab926faa7a;8.0;5.54074582;SELL
2016-04-12T06:30:23.000000;2016-04-12T06:30:23.760824;208c0a06-4b79-45d8-b289-209994148f00;8.0;5.55073915;SELL
2016-04-12T06:30:25.000000;2016-04-12T06:30:25.205968;8705a8c8-5125-40fe-9ab9-ab7bbc46a4f9;8.0;5.55073915;SELL
2016-04-12T06:30:31.000000;2016-04-12T06:30:32.027646;2066bae2-ddef-4d1d-a087-a058790c678b;8.0;5.55073915;SELL
2016-04-12T06:30:32.000000;2016-04-12T06:30:32.066650;10e08067-582f-44be-b2e5-80f42bc976a3;8.0;24.03621304;SELL
2016-04-12T06:30:39.000000;2016-04-12T06:30:39.088356;9f003ea6-d840-435a-bd89-95d8cee87056;8.0;5.56075051;SELL
2016-04-12T06:30:39.000000;2016-04-12T06:30:39.370386;4dd2a3bb-9189-4be5-9bc2-d00491e727fc;8.0;5.55073915;SELL
2016-04-12T06:30:40.000000;2016-04-12T06:30:40.218457;e4e5f428-0206-40fc-a717-0a3f408032c8;8.0;5.36027906;SELL
2016-04-12T06:40:23.000000;2016-04-12T06:40:23.169762;21685bf1-668d-4a33-a98d-24a74e19012e;7.974;1.0;BUY
2016-04-12T06:40:31.000000;2016-04-12T06:40:31.749631;a04902ea-884a-427f-90f4-052f4fecb0b3;7.974;4.3;BUY
2016-04-12T06:40:39.000000;2016-04-12T06:40:39.165354;59fb8aaa-aef9-4985-acb3-ce9c2c06e2a1;7.974;87.8013;BUY
2016-04-12T06:52:44.000000;2016-04-12T06:52:44.166363;a1b86cc5-43f2-4183-b6c9-2074d9d02266;7.97;3.27137267;SELL
2016-04-12T06:52:51.000000;2016-04-12T06:52:51.289104;9eec7c11-bc3b-4b6e-833a-d8c25c1f904d;7.97;3.27137267;SELL
2016-04-12T06:54:13.000000;2016-04-12T06:54:13.085301;da5fda0d-5441-4ef1-ba01-38a89021aa3a;7.97;6.164477;SELL
2016-04-12T06:54:18.000000;2016-04-12T06:54:18.371853;d81ea43e-9dd0-46f6-9909-0efc85f4d51c;7.97;6.164477;SELL
2016-04-12T06:54:22.000000;2016-04-12T06:54:22.123162;e606f7c0-5ca5-4c96-9b5e-54cdf3c8d986;7.97;4.84235725;SELL
2016-04-12T06:54:26.000000;2016-04-12T06:54:26.115594;eb18266c-3f69-41fe-9e1a-9622514fa989;7.97;6.35415446;SELL
2016-04-12T06:54:32.000000;2016-04-12T06:54:33.007276;35c0cbe1-5447-4747-b9ee-86535867558e;7.97;5.48041986;SELL
2016-04-12T06:54:40.000000;2016-04-12T06:54:40.959051;c790dede-e8df-44f7-a8a7-2b0df7ab0704;7.98;8.01236431;SELL
2016-04-12T06:57:09.000000;2016-04-12T06:57:09.417893;9ee9f828-ca4a-4df8-ae54-f33aab736c9b;7.983;5.3;BUY
2016-04-12T06:57:09.000000;2016-04-12T06:57:09.438899;d2f0b7c9-3105-48b5-8f30-7c2a46d53a1e;7.984;5.36027906;BUY
2016-04-12T06:57:09.000000;2016-04-12T06:57:09.442900;1a6f216d-fb58-4ea6-9db5-23ab04a844bb;7.984;5.36027906;BUY
2016-04-12T06:57:09.000000;2016-04-12T06:57:09.475923;859aa216-cb1c-454f-b8f2-6834a9e13050;7.985;93.7588;BUY
2016-04-12T06:57:10.000000;2016-04-12T06:57:10.430008;8744681a-1503-4ee2-b5c5-9a06b03d35c6;7.985;5.74119924;SELL
2016-04-12T06:57:29.000000;2016-04-12T06:57:29.943972;fdc15f7b-651a-4b48-98bf-348a4c13cf52;7.985;1.03372548;SELL
2016-04-12T06:58:28.000000;2016-04-12T06:58:29.019396;770bcd50-764d-495e-8081-03a78bc8e1bd;7.97;14.45136909;SELL
2016-04-12T07:05:10.000000;2016-04-12T07:05:10.640547;de960a6d-165e-4d07-af9b-b98540050620;7.921;3.1446;SELL
2016-04-12T07:08:32.000000;2016-04-12T07:08:32.441734;a524b273-f948-46d5-9c40-d3f7c384f266;8.02;20.0;BUY
2016-04-12T07:21:15.000000;2016-04-12T07:21:15.970696;ca153736-6e20-437a-9875-66034792db05;8.06;5.0;BUY
2016-04-12T07:21:15.000000;2016-04-12T07:21:15.982562;73abf0e3-0851-44bb-8744-fdba93c19879;8.06;3.355436;BUY
2016-04-12T07:21:17.000000;2016-04-12T07:21:17.697726;f0400475-006a-407c-a5fe-e603768edc4b;8.06;1.64;SELL
2016-04-12T07:21:19.000000;2016-04-12T07:21:19.436914;ce0b43a6-674d-4c57-8f78-b66fd404d92e;8.06;0.004564;SELL
2016-04-12T07:32:20.000000;2016-04-12T07:32:20.522547;071a9304-8a9e-4c66-b04b-fedbe84226df;8.06;5.0;BUY
2016-04-12T07:33:32.000000;2016-04-12T07:33:33.022797;8ec1d011-acef-4db8-8d63-8f3d07da298a;8.058;31.86926926;SELL
2016-04-12T07:46:36.000000;2016-04-12T07:46:36.529992;5a01baa8-0fbf-4984-b5b1-dd3feee33ffe;8.054;3.357;SELL
2016-04-12T07:53:45.000000;2016-04-12T07:53:45.584888;ffbc8b8c-a4d7-4e16-afb2-1ced94713735;8.056;2.4;SELL
2016-04-12T07:53:45.000000;2016-04-12T07:53:45.598898;7195c704-cc96-4082-b32d-b24102b74ec0;8.055;0.95;SELL
2016-04-12T07:54:18.000000;2016-04-12T07:54:18.396172;71434dd2-a5ef-41b3-920c-27ad3e1cf02d;8.055;2.402919;SELL
2016-04-12T07:56:15.000000;2016-04-12T07:56:15.233879;228efd3d-eb87-4341-a5d9-c747a43733dc;8.055;8.1e-05;BUY
2016-04-12T08:00:45.000000;2016-04-12T08:00:45.135466;45b78f84-15fd-4458-a384-9d1ff84191b4;8.054;0.00031;SELL
2016-04-12T08:00:45.000000;2016-04-12T08:00:45.146473;16cc43d8-7925-406f-9cce-d52fbe780e32;8.024;0.9;SELL
2016-04-12T08:00:45.000000;2016-04-12T08:00:45.148451;d210a6a5-a2f0-4cd9-a21d-286885eb7fca;8.0231;6.59969;SELL
2016-04-12T08:24:22.000000;2016-04-12T08:24:22.082252;080a6d2d-8b15-4457-8f2e-5f6964455af3;7.9612;23.95;SELL
2016-04-12T08:24:51.000000;2016-04-12T08:24:51.939244;3a2848bb-4bd8-4184-891f-193837e3ad8b;7.9612;0.03475515;SELL
2016-04-12T08:24:51.000000;2016-04-12T08:24:51.947240;d1458bd0-05a5-42c3-99d0-621be1316afa;7.911;4.99524485;SELL
2016-04-12T08:24:52.000000;2016-04-12T08:24:52.369285;1527de6c-0110-4d1d-bec9-1d4df0d546ff;7.911;0.00475515;SELL
2016-04-12T08:24:57.000000;2016-04-12T08:24:58.016853;147ab15c-009f-468f-8b48-a1259d8ca780;7.847;24.33381327;SELL
2016-04-12T08:24:57.000000;2016-04-12T08:24:58.026850;7555731c-73d9-44ca-a8e0-61ce82847806;7.846;11.6;SELL
2016-04-12T08:24:57.000000;2016-04-12T08:24:58.035844;6d3c41e4-2ee2-43c5-9cfd-57e69aae8850;7.824;300.0;SELL
2016-04-12T08:24:57.000000;2016-04-12T08:24:58.062887;85cd990c-5899-406f-aec9-5fb91be299c5;7.82;100.0;SELL
2016-04-12T08:24:57.000000;2016-04-12T08:24:58.063861;68a753f0-0e69-481c-a979-ad54633f8848;7.82;10.216476;SELL
2016-04-12T08:24:57.000000;2016-04-12T08:24:58.063861;a7c9fb2e-0422-4e96-a881-22a37bfe1cb6;7.8111;5.0648;SELL
2016-04-12T08:24:57.000000;2016-04-12T08:24:58.070998;3b0663c7-437d-4578-bdc8-a7239247edba;7.801;122.59;SELL
2016-04-12T08:24:57.000000;2016-04-12T08:24:58.099855;34a186ee-5d3d-4754-b926-880e7e04fd2a;7.8;100.0;SELL
2016-04-12T08:24:57.000000;2016-04-12T08:24:58.099855;c86a0af7-cc83-494d-b9a2-11b5a9695306;7.8;100.0;SELL
2016-04-12T08:24:57.000000;2016-04-12T08:24:58.099855;e3394a27-d4a3-4069-9f86-3a0cc9bb6468;7.76;52.8695;SELL
2016-04-12T08:24:57.000000;2016-04-12T08:24:58.100858;01c63f65-681d-491e-9fbf-9a6af985ed65;7.755;20.0;SELL
2016-04-12T08:24:57.000000;2016-04-12T08:24:58.101856;369bd7ff-bf62-4ab3-9404-a282fa3e3a11;7.711;5.0;SELL
2016-04-12T08:24:57.000000;2016-04-12T08:24:58.136859;ca4d9a3f-ec6d-48cd-aab1-7df6a2b2df4c;7.698;0.1112;SELL
2016-04-12T08:24:57.000000;2016-04-12T08:24:58.136859;75c3f08b-3cb4-47a6-a141-639163d9feb8;7.698;0.11;SELL
2016-04-12T08:24:57.000000;2016-04-12T08:24:58.136859;294bc134-fd1b-412c-9352-7e5bcf6344d3;7.678;88.40914453;SELL
2016-04-12T08:24:57.000000;2016-04-12T08:24:58.146862;af297148-c3bd-4cdb-8902-3ec55c471b50;7.678;121.518361;SELL
2016-04-12T08:24:57.000000;2016-04-12T08:24:58.173875;9cde9a5a-58ec-4beb-b615-c2c76fe69ca3;7.611;5.0;SELL
2016-04-12T08:24:57.000000;2016-04-12T08:24:58.173875;0703721c-c71b-4b25-b6a0-5ebc560dc8f8;7.6;5.0;SELL
2016-04-12T08:24:57.000000;2016-04-12T08:24:58.173875;75f536ec-f50c-4f8e-8934-fc97bb6ca121;7.6;0.1;SELL
2016-04-12T08:24:57.000000;2016-04-12T08:24:58.173875;4fa723f9-2724-4bda-8fca-f59e6e297bff;7.59;150.0;SELL
2016-04-12T08:24:57.000000;2016-04-12T08:24:58.210867;f395fa17-ea06-4a9f-a4ca-e2556cadff38;7.552;20.0;SELL
2016-04-12T08:24:57.000000;2016-04-12T08:24:58.210867;a55eddaf-f52e-428f-b2c2-afd2817a286d;7.55;17.1267052;SELL
2016-04-12T08:27:01.000000;2016-04-12T08:27:01.574212;fe95534a-3c9c-4582-898c-826c1d0ee8bc;7.6891;9.704684;SELL
2016-04-12T08:31:07.000000;2016-04-12T08:31:07.552869;1ec3da9f-a96f-467c-b0eb-c7fd7a2e8b9d;7.671;95.4444;SELL
2016-04-12T08:31:07.000000;2016-04-12T08:31:07.559880;70157086-6429-43d1-97e9-b07dbd2d71ec;7.671;199.76329992;SELL
2016-04-12T08:31:41.000000;2016-04-12T08:31:41.683272;ece66c85-1901-48fc-8dac-ddfae1c53de4;7.898;8.0;BUY
2016-04-12T08:31:41.000000;2016-04-12T08:31:41.686269;5911444c-4eaf-4473-9976-455a924be484;7.898;2.0;BUY
2016-04-12T08:32:10.000000;2016-04-12T08:32:10.940200;5b351412-999b-45a0-8bb3-24080e1abb84;7.899;70.0;BUY
2016-04-12T08:45:36.000000;2016-04-12T08:45:36.108440;3b3c3c45-4984-4e24-ac5e-2e500d3db544;8.0098;1.1;BUY
2016-04-12T08:45:36.000000;2016-04-12T08:45:36.119447;29dc6eb4-ae0d-4495-bf8d-c525004d3341;8.0108;0.34907237;BUY
2016-04-12T08:45:37.000000;2016-04-12T08:45:37.462581;4912e4da-895a-4b4f-b306-f3676002122d;8.0108;3.05511863;BUY
2016-04-12T08:45:41.000000;2016-04-12T08:45:41.140940;0db6217d-8a69-4afa-9fcc-ef852c13e4f1;8.0324;0.33390045;BUY
2016-04-12T08:46:00.000000;2016-04-12T08:46:00.489887;8d76ef24-6c86-4810-ab3f-a673ed5ca319;8.067;0.75261176;BUY
2016-04-12T08:46:00.000000;2016-04-12T08:46:00.498903;ec8a56c3-a55f-4602-abd4-30b8ac3b3dda;8.07;100.0;BUY
2016-04-12T08:46:02.000000;2016-04-12T08:46:02.070374;0fb21dd7-3142-451d-9ce6-7ff1ba29568c;8.07;3.19683622;SELL
2016-04-12T08:54:47.000000;2016-04-12T08:54:47.258577;1f780d86-8ef7-493f-9d6b-808153869c3d;8.049;0.75396918;BUY
2016-04-12T08:54:47.000000;2016-04-12T08:54:47.269558;458e44c8-04cc-4c10-8c2a-0903f62a2db3;8.049;0.2;BUY
2016-04-12T08:54:47.000000;2016-04-12T08:54:47.272544;f72888a3-d72d-49e6-8641-11e02e069cca;8.05;0.49074158;BUY
2016-04-12T08:54:49.000000;2016-04-12T08:54:49.218753;bd3a3b1b-6cc5-4ed2-9c3f-25831dd51218;8.05;4.50925842;BUY
2016-04-12T08:55:05.000000;2016-04-12T08:55:05.526392;75e83e6d-72bf-43fc-8409-9edfc2bf7468;8.07;2.10493047;BUY
2016-04-12T08:55:09.000000;2016-04-12T08:55:09.137749;11e06058-cc13-428a-97de-2c72b4f1f3f6;8.07;0.86681897;BUY
2016-04-12T08:55:23.000000;2016-04-12T08:55:23.361180;52cfae39-14a9-4ca9-82eb-9302b2059d90;8.07;2.02794324;BUY
2016-04-12T08:55:55.000000;2016-04-12T08:55:55.196344;cc84605e-5040-4197-a4bf-14bfc2251a16;8.068;10.2;SELL
2016-04-12T08:55:55.000000;2016-04-12T08:55:55.207359;8757b388-1f4f-4034-9bad-ee5752979e7e;8.067;4.50925842;SELL
2016-04-12T08:55:55.000000;2016-04-12T08:55:55.215357;b8c9fb79-7aea-455e-80c7-bbec4031bfd9;8.067;23.67019124;SELL
2016-04-12T08:55:55.000000;2016-04-12T08:55:55.244362;332fcb2f-bbc7-4080-96ce-7202bc1ccb65;8.067;84.830384;SELL
2016-04-12T08:55:56.000000;2016-04-12T08:55:56.757498;b3d90e7c-eeba-4c1f-9fa5-d05302c34243;8.07;0.00030732;BUY
2016-04-12T08:55:56.000000;2016-04-12T08:55:56.762517;96f6b2df-b3eb-4f6c-8af0-68ec418530df;8.07;5.0;BUY
2016-04-12T08:56:23.000000;2016-04-12T08:56:23.992218;929578e4-e62d-40b5-b996-71b284aa7372;8.072;0.74960432;BUY
2016-04-12T08:56:28.000000;2016-04-12T08:56:28.753717;ad66bd96-81cc-4f99-b07d-f4290966f384;8.072;0.00300744;BUY
2016-04-12T08:56:29.000000;2016-04-12T08:56:30.022822;81789546-f995-4ffa-9744-5f9b4c28bf5c;8.073;0.75261176;BUY
2016-04-12T08:56:33.000000;2016-04-12T08:56:33.156148;acaa5c05-6337-455e-887d-b24cae5dd845;8.075;23.64674089;BUY
2016-04-12T08:56:34.000000;2016-04-12T08:56:34.074231;0d422e06-7d66-484f-ad55-3d0df525c50f;8.075;11.8304658;BUY
2016-04-12T08:56:40.000000;2016-04-12T08:56:40.156886;c1bf5384-2962-461e-ae97-d6b27e7d7692;8.079;23.63503314;BUY
2016-04-12T08:56:41.000000;2016-04-12T08:56:41.413003;9e6c7cf8-4b71-4957-a967-cf3ada8edc3d;8.079;11.07199646;BUY
2016-04-12T08:56:42.000000;2016-04-12T08:56:42.273074;06592179-a038-4c2f-b630-554fe838ed4a;8.08;5.0;BUY
2016-04-12T08:56:42.000000;2016-04-12T08:56:42.274055;4432b65a-a3ae-4b8b-96e7-1f1200a528f1;8.08;18.63210801;BUY
2016-04-12T08:56:43.000000;2016-04-12T08:56:43.408166;f7a47974-6cf5-4a52-bf25-3dc7286e5746;8.08;23.63210801;BUY
2016-04-12T08:56:44.000000;2016-04-12T08:56:44.257254;c820de3a-452a-455c-b726-aa55a064819c;8.08;23.63210801;BUY
2016-04-12T08:56:45.000000;2016-04-12T08:56:45.447363;e541725c-b1f3-486c-8d32-f905619737b2;8.08;15.42322141;BUY
2016-04-12T08:56:45.000000;2016-04-12T08:56:45.639384;76c6c5e2-b95d-4f2c-9ea1-60901a856b24;8.08;23.63210801;BUY
2016-04-12T08:56:45.000000;2016-04-12T08:56:45.677406;03380504-3e16-4333-b102-e75cde230aba;8.08;2.86534339;BUY
2016-04-12T08:56:45.000000;2016-04-12T08:56:45.919427;1cf1520a-0d2c-4de1-b852-99d43fb77d61;8.08;23.67473105;BUY
2016-04-12T08:56:59.000000;2016-04-12T08:56:59.447764;5a98cbc4-fb97-413a-8605-ae6ea1ecf743;8.08;5.1;BUY
2016-04-12T08:57:21.000000;2016-04-12T08:57:21.610988;d8a7c171-3b06-49ca-adca-edfdbd9adbd6;8.079;63.9178;SELL
2016-04-12T08:57:26.000000;2016-04-12T08:57:26.527471;4dde5be0-26bc-4b88-9b90-0c64cbf0a534;8.08;1.29937;BUY
2016-04-12T08:57:27.000000;2016-04-12T08:57:27.576598;5b23139a-966f-413a-8960-796be5aaed22;8.08;3.5;BUY
2016-04-12T08:57:49.000000;2016-04-12T08:57:49.517788;5865a1c1-d588-4f90-ad7a-65d05dec2593;8.08;64.65;BUY
2016-04-12T08:57:51.000000;2016-04-12T08:57:51.750000;1eae1589-cd14-4d23-951e-8ae32838d1c2;8.08;36.29;BUY
2016-04-12T08:59:02.000000;2016-04-12T08:59:02.529925;ab382590-6e18-4b14-97c9-08115586b40a;8.079;3.405284;SELL
2016-04-12T08:59:41.000000;2016-04-12T08:59:41.684915;ee4b37a1-ab98-41c4-9cb2-fbbaf81ec707;8.075;2.90626348;SELL
2016-04-12T08:59:41.000000;2016-04-12T08:59:41.693834;334f763b-e0b2-46d2-8ff4-f17d41b716cd;8.073;0.74960432;SELL
2016-04-12T08:59:41.000000;2016-04-12T08:59:41.695854;5fcbee92-8ca1-4506-953b-a6ebbfc5c9a8;8.072;0.74659688;SELL
2016-04-12T09:05:07.000000;2016-04-12T09:05:07.471409;3223296f-7599-418d-af2a-663b1a01ba9b;7.948;0.5;SELL
2016-04-12T09:05:07.000000;2016-04-12T09:05:07.485412;edd70c96-a8e6-4590-9316-fcf1f75d2151;7.9454;3.348768;SELL
2016-04-12T09:05:07.000000;2016-04-12T09:05:07.487401;35ba53e2-83ab-47fe-8020-5af56062e017;7.72;13.151232;SELL
2016-04-12T09:10:30.000000;2016-04-12T09:10:31.058756;cc91587f-01bb-44bc-9859-829dfb84f196;8.037;15.0;SELL
2016-04-12T09:16:39.000000;2016-04-12T09:16:39.816208;5e4b2b66-b1b6-414e-8291-fb0708a41f5a;8.0671;5.5;BUY
2016-04-12T09:16:39.000000;2016-04-12T09:16:39.834215;498ac168-dc3f-4504-a42c-894c5825329f;8.0671;10.4;BUY
2016-04-12T09:16:39.000000;2016-04-12T09:16:39.870214;b30a69ef-b55f-45b2-8830-5eafc2a7467e;8.0681;3.359624;BUY
2016-04-12T09:16:39.000000;2016-04-12T09:16:39.871209;303526f7-8e49-41dd-bc3c-ab99bc119b3e;8.07;29.700376;BUY
2016-04-12T09:16:39.000000;2016-04-12T09:16:39.895217;5c3635f3-b6dd-4dab-b207-df9d130f1d0b;8.07;15.89715932;BUY
2016-04-12T09:16:39.000000;2016-04-12T09:16:39.907221;79df3567-c133-4068-a398-ec096ec16c54;8.08;57.85284068;BUY
2016-04-12T09:16:41.000000;2016-04-12T09:16:41.607384;17160d26-ac7e-454b-ad90-954acd345cbe;8.08;54.21177554;BUY
2016-04-12T09:16:43.000000;2016-04-12T09:16:43.465590;e67b21bf-1994-47c5-8a18-0105a7cd7c5b;8.0923;5.0;BUY
2016-04-12T09:16:43.000000;2016-04-12T09:16:43.472576;f15015e9-ef03-47d6-bb09-503e3cd6c7b7;8.1;0.82081123;BUY
2016-04-12T09:16:47.000000;2016-04-12T09:16:47.277942;385f0f15-0ac3-449a-b3c5-d51b934c4f0b;8.161;27.14;BUY
2016-04-12T09:16:49.000000;2016-04-12T09:16:49.533244;fe19c9d1-ffb3-44d1-90b2-0a7353c7c7e2;8.1606;26.74607801;BUY
2016-04-12T09:16:49.000000;2016-04-12T09:16:49.547171;60128773-ad6e-4c09-b468-bc56b14f7a3c;8.1609;7.58979908;BUY
2016-04-12T09:16:49.000000;2016-04-12T09:16:49.559175;c654fe33-b197-4894-b2b9-1bd12fdef1ff;8.162;10.662515;BUY
2016-04-12T09:16:49.000000;2016-04-12T09:16:49.583207;e703ee6e-60cd-47e5-bf9c-c4e65b679a07;8.1626;4.36070402;BUY
2016-04-12T09:16:49.000000;2016-04-12T09:16:49.584182;05181220-efb0-4497-af98-fa14b8aaca90;8.1626;2.51177293;BUY
2016-04-12T09:16:50.000000;2016-04-12T09:16:50.346265;28aaba98-77aa-4bfa-a2cf-7de23d63eaa5;8.163;26.74607801;SELL
2016-04-12T09:16:51.000000;2016-04-12T09:16:51.478371;97c33763-a2a2-4232-b699-fb22f78b226b;8.163;26.74607801;SELL
2016-04-12T09:16:59.000000;2016-04-12T09:16:59.682217;76632b78-24c4-4cc8-ae0d-357ef38b7c07;8.184;1.5078;BUY
2016-04-12T09:16:59.000000;2016-04-12T09:16:59.687197;d8fb21bf-de26-429e-ac80-d4870ab66b17;8.1922;5.0;BUY
2016-04-12T09:16:59.000000;2016-04-12T09:16:59.692202;40229249-df4f-4532-8183-1ee991831853;8.222;3.2;BUY
2016-04-12T09:17:02.000000;2016-04-12T09:17:02.994515;9becd442-91e5-463e-a8a6-fca87302b8c8;8.244;1.023;BUY
2016-04-12T09:17:03.000000;2016-04-12T09:17:03.340556;fbb0f0e4-22b6-4f91-8f9e-e2f59ab89aa7;8.244;9.707;SELL
2016-04-12T09:17:09.000000;2016-04-12T09:17:09.236154;3ace10ed-b516-47eb-8068-7c261588ffae;8.244;3.199331;BUY
2016-04-12T09:17:18.000000;2016-04-12T09:17:18.817099;936c50e4-6cd8-4f0a-b908-29e56ac84585;8.244;0.000669;SELL
2016-04-12T09:17:18.000000;2016-04-12T09:17:18.843111;4eb1d6aa-03c8-4c38-b7d2-e0648f43d02f;8.174;19.99158764;SELL
2016-04-12T09:18:12.000000;2016-04-12T09:18:12.554480;a8132c88-ae40-44d1-aea3-ff87bd7aac49;8.2839;0.46218619;BUY
2016-04-12T09:18:12.000000;2016-04-12T09:18:12.569483;de38bb5f-14eb-478c-a908-1b5453ed56d6;8.284;1.02781381;BUY
2016-04-12T09:18:14.000000;2016-04-12T09:18:14.572677;846225dc-6e04-4add-b258-e95c9c63cb52;8.2839;1.49;BUY
2016-04-12T09:18:18.000000;2016-04-12T09:18:18.568070;2a83f1ee-dfc5-42c4-9b01-2b9dcbb4fa6f;8.284;0.45918619;BUY
2016-04-12T09:18:59.000000;2016-04-12T09:18:59.545187;056fa7a8-e42e-46bc-b1fe-beffbac04219;8.3099;1.92;BUY
2016-04-12T09:18:59.000000;2016-04-12T09:18:59.559168;b7871ca7-beb0-406f-811b-ff844789e0e4;8.31;6.95;BUY
2016-04-12T09:19:44.000000;2016-04-12T09:19:44.212645;aa4db98f-8eed-4b6d-be4d-3dba6f6c308d;8.287;7.93418985;SELL
2016-04-12T09:19:44.000000;2016-04-12T09:19:44.226675;433d398c-9833-4361-833c-8d6aff3d2fe4;8.284;0.46;SELL
2016-04-12T09:19:45.000000;2016-04-12T09:19:45.971827;fc56c010-b964-413e-9629-d5f8b377f705;8.28;91.60581015;BUY
2016-04-12T09:21:03.000000;2016-04-12T09:21:03.845608;355f9c08-e7bb-4d6e-b0a2-febdc74b3b12;8.285;89.8295;SELL
2016-04-12T09:21:03.000000;2016-04-12T09:21:03.855628;6df20ad3-0bc1-4fcc-a571-762bd839f869;8.244;56.79;SELL
2016-04-12T09:21:03.000000;2016-04-12T09:21:03.863611;8a3b3ab5-7eee-4d18-89d1-704074fbcd4a;8.24;3.3805;SELL
2016-04-12T09:22:54.000000;2016-04-12T09:22:54.320655;1573e4b0-fbaa-40a0-99e0-6bc0d4bd0d06;8.2045;1.0;SELL
2016-04-12T09:23:02.000000;2016-04-12T09:23:02.371454;d67a671c-1a34-427d-88fe-0c83480fb002;8.2045;1.20462;SELL
2016-04-12T09:23:22.000000;2016-04-12T09:23:22.957544;8db7bde7-dde7-485f-92d4-76e89ccb277f;8.163;31.97697494;SELL
2016-04-12T09:24:32.000000;2016-04-12T09:24:32.613470;2c175603-a5a0-4a49-9e66-b287d868cb26;8.105;1.0;SELL
2016-04-12T09:25:27.000000;2016-04-12T09:25:27.623991;7751b5af-e40f-4289-aa6d-30d158e846ad;8.11;1.0;BUY
2016-04-12T09:40:44.000000;2016-04-12T09:40:44.300719;4e5c227f-161a-4cd6-bc21-6a35f4143c60;8.133;1.0;SELL
2016-04-12T09:40:44.000000;2016-04-12T09:40:44.324720;1de09c1c-0815-4309-9fa1-c13709e8ad12;8.132;0.58;SELL
2016-04-12T09:40:44.000000;2016-04-12T09:40:44.456736;ebc5af6e-d36f-4773-99b9-85baaeabaca4;8.132;0.42;SELL
2016-04-12T09:45:50.000000;2016-04-12T09:45:50.738211;a2b17ed7-aeaf-45f8-b40f-2cf871650465;8.129;2.00360721;BUY
2016-04-12T09:50:27.000000;2016-04-12T09:50:27.705751;fa0d7c6f-d4c7-4491-a3a9-171c390e11e3;8.1011;5.0;SELL
2016-04-12T09:50:27.000000;2016-04-12T09:50:27.723760;ccf74d3f-86b7-4fd7-a3a4-be8072f9be5c;8.1;5.506445;SELL
2016-04-12T09:56:35.000000;2016-04-12T09:56:35.427520;4de6b3b6-41f4-4f40-bb2f-9df4e11bee0c;8.1;3.5;SELL
2016-04-12T10:06:36.000000;2016-04-12T10:06:36.552939;812a2a41-35e6-4ae2-8ee0-308f200f268e;8.1;0.18209549;SELL
2016-04-12T10:14:50.000000;2016-04-12T10:14:50.193130;b0fc96ab-b4d3-44d0-8ceb-de25691f25e1;8.04;5.0;SELL
2016-04-12T10:15:10.000000;2016-04-12T10:15:10.257147;5ff085b3-dc6c-4b7b-8d28-f98a28a7ca5b;8.04;5.0;SELL
2016-04-12T10:20:07.000000;2016-04-12T10:20:07.422870;f99121f7-b386-457d-af2a-64795de67101;8.06;0.19840451;BUY
2016-04-12T10:20:12.000000;2016-04-12T10:20:12.547370;3789129a-1f30-499c-9bbf-4c96fa8d6c12;8.041;6.977749;SELL
2016-04-12T10:20:12.000000;2016-04-12T10:20:12.555376;1a77cf3f-4ffa-464a-8846-1e11101413e5;8.04;5.0;SELL
2016-04-12T10:20:12.000000;2016-04-12T10:20:12.556377;762a8594-92c8-412f-a4a1-ddc5dcb19f92;8.031;12.90112419;SELL
2016-04-12T10:27:36.000000;2016-04-12T10:27:37.021816;b463ec7b-3328-4408-97d1-3ace022df2da;8.03;100.0;SELL
2016-04-12T10:44:43.000000;2016-04-12T10:44:43.525704;931216f9-71c9-4ae9-83ca-db9d6ea103a4;8.02;0.32;SELL
2016-04-12T10:44:48.000000;2016-04-12T10:44:48.410152;ba16b0eb-0093-4454-84b5-8bf04cca9b56;8.02;3.82;SELL
2016-04-12T10:44:58.000000;2016-04-12T10:44:58.712188;1265d2a4-3a4d-4e11-8538-4eb9b8c7a35b;8.02;0.86;SELL
2016-04-12T10:45:15.000000;2016-04-12T10:45:15.954917;a4553719-68ee-4805-a08b-f3b14b36e354;8.011;5.0;SELL
2016-04-12T10:45:15.000000;2016-04-12T10:45:15.973913;c0fcd1e2-9216-4532-90e1-d0b401d698e0;8.011;7.2022;SELL
2016-04-12T10:45:15.000000;2016-04-12T10:45:15.978920;fbd0628c-ac0d-4930-afd8-7501d223702b;8.0;5.0;SELL
2016-04-12T10:45:15.000000;2016-04-12T10:45:16.010917;2fb3838a-35db-4eaf-8f8a-c125dd829599;7.99;21.5017188;SELL
2016-04-12T10:47:55.000000;2016-04-12T10:47:55.221841;a85bd358-9ba0-4f64-9e5b-a494cd5236a5;7.971;1.0;SELL
2016-04-12T10:49:22.000000;2016-04-12T10:49:22.302548;f2adc2fb-5a67-4c25-abbb-53ea202d3541;7.971;0.5;SELL
2016-04-12T10:51:08.000000;2016-04-12T10:51:08.829216;331c9788-7e14-4b9f-8bab-a5e3c0157aa1;7.97;0.1;SELL
2016-04-12T10:51:59.000000;2016-04-12T10:51:59.311240;a7e7a441-a32b-4fd4-9e8d-4c62bbe3ce69;7.971;0.1;SELL
2016-04-12T10:58:32.000000;2016-04-12T10:58:32.867597;4f164479-c46a-47a1-9946-1df901b29714;7.973;0.1;SELL
2016-04-12T10:59:29.000000;2016-04-12T10:59:29.726045;10558d9a-5789-4fe8-a75b-77dc3837e485;7.972;0.1;SELL
2016-04-12T10:59:47.000000;2016-04-12T10:59:47.871848;cdcafb5f-d674-471d-bc81-46b32911197c;7.972;0.1;SELL
2016-04-12T11:00:35.000000;2016-04-12T11:00:35.573679;22ba5290-a79f-473f-bb43-fba500113e58;7.97;0.1;SELL
2016-04-12T11:01:13.000000;2016-04-12T11:01:13.195380;4154f587-5568-403b-b03d-a1ca26431b9b;7.97;0.1;SELL
2016-04-12T11:02:22.000000;2016-04-12T11:02:22.778337;cbc1f3b5-0448-4513-90a9-b11b9902f8b3;7.97;0.1;SELL
2016-04-12T11:02:26.000000;2016-04-12T11:02:26.641731;a0553fce-4192-43db-841d-becb15db6f6c;7.97;0.1;SELL
2016-04-12T11:02:51.000000;2016-04-12T11:02:51.486208;78578b68-171f-43a3-a29f-fd4ee84beb09;7.97;0.1;SELL
2016-04-12T11:02:55.000000;2016-04-12T11:02:55.390610;a0637abc-b0d3-48aa-a7d0-575c08c586d2;7.97;0.1;SELL
2016-04-12T11:02:59.000000;2016-04-12T11:02:59.451028;02250e9f-8b07-479a-b90a-87a2ca926dea;7.97;0.1;SELL
2016-04-12T11:07:36.000000;2016-04-12T11:07:36.976764;b3ba36b4-495e-495e-8b70-499b08b6922c;7.97;12.61326134;SELL
2016-04-12T11:08:10.000000;2016-04-12T11:08:10.415102;b74b5f6a-c789-475c-8e84-f038628c4017;7.97;6.58673866;SELL
2016-04-12T11:08:10.000000;2016-04-12T11:08:10.424154;cf57729c-203f-4cd9-b94e-cb38541a5bca;7.953;3.383538;SELL
2016-04-12T11:08:10.000000;2016-04-12T11:08:10.427105;23848c60-32ff-4774-b025-087d46b355a5;7.95;3.41326134;SELL
2016-04-12T11:08:10.000000;2016-04-12T11:08:11.204183;efc1125c-3b08-4550-bbc8-32e5c9b90cf1;7.95;6.58673866;SELL
2016-04-12T11:08:13.000000;2016-04-12T11:08:13.365416;64a55a39-f12e-4cd8-b7a5-820ad82de758;7.911;5.0;SELL
2016-04-12T11:08:14.000000;2016-04-12T11:08:14.200478;4fd6b484-ae75-4b86-9c55-77a34527a6ba;7.91;1.79679934;SELL
2016-04-12T11:09:19.000000;2016-04-12T11:09:19.343010;e59f9bb6-5e15-4708-9300-5a05412a5ec8;7.9399;1.7;BUY
2016-04-12T11:09:19.000000;2016-04-12T11:09:19.353013;67dd0312-0ec6-4bc5-ac27-146b1ea94ee8;7.9409;8.3;BUY
2016-04-12T11:28:10.000000;2016-04-12T11:28:10.531119;226a0d6a-da03-4455-9b8a-46f93ed2d188;7.922;30.592;SELL
2016-04-12T11:31:02.000000;2016-04-12T11:31:02.091275;f9854396-a07a-47ae-ad4e-f0cbe00c430a;7.91;23.20320066;SELL
2016-04-12T11:31:02.000000;2016-04-12T11:31:02.100286;82d5ac89-d1f7-467a-bab7-27e4d94a6fca;7.825;117.96437094;SELL
2016-04-12T11:44:10.000000;2016-04-12T11:44:10.945149;c7f37a03-0991-4131-bf16-0b7dc408d582;7.99;2.81959977;BUY
2016-04-12T11:44:13.000000;2016-04-12T11:44:13.105368;c6692894-29b8-4475-b2ab-fbdb5dc6e02d;7.99;2.18040023;BUY
2016-04-12T11:45:34.000000;2016-04-12T11:45:34.476330;5f1a9634-df10-407e-a39d-3637bbd48a58;8.02;4.50322357;BUY
2016-04-12T11:46:16.000000;2016-04-12T11:46:16.252494;66e795c3-3060-4e6c-9c32-d639bfe08400;8.02;0.49677643;BUY
2016-04-12T11:46:16.000000;2016-04-12T11:46:16.267523;0c698cb6-1d43-4915-a8f4-4b625998ab74;8.02;0.34322357;BUY
2016-04-12T11:46:33.000000;2016-04-12T11:46:33.366219;c2afadd9-c669-42f0-9b6c-2255771b95b7;8.02;3.48;BUY
2016-04-12T11:46:33.000000;2016-04-12T11:46:33.891270;8717d396-0ffa-4c69-aaf1-6e647f6accae;8.02;1.17677643;BUY
2016-04-12T11:46:54.000000;2016-04-12T11:46:54.431321;950ca2ec-0810-4384-8d23-ceb013e0372d;8.0934;9.9940112;BUY
2016-04-12T11:47:00.000000;2016-04-12T11:47:00.693958;ef971862-6b5d-4cb3-8303-8af45ed5018b;8.0934;1.7319888;SELL
2016-04-12T11:51:48.000000;2016-04-12T11:51:48.683768;0578bede-b6fa-4bec-9a90-1ce04af5cddd;8.03;3.71;BUY
2016-04-12T11:51:51.000000;2016-04-12T11:51:51.499029;36191d56-6b7f-434a-a0e5-1aac8dc1c772;8.03;1.29;BUY
2016-04-12T11:51:51.000000;2016-04-12T11:51:51.501022;3c708b6d-acef-4725-b815-9d2a11414c09;8.03;5.0;BUY
2016-04-12T11:56:28.000000;2016-04-12T11:56:28.419709;4a3e6fec-4e13-4745-a3a4-2c5c9d52fadc;8.032;91.9955;SELL
2016-04-12T11:56:58.000000;2016-04-12T11:56:58.413701;ba73619f-474a-41b9-ae25-96816638a3da;7.995;92.6673;SELL
2016-04-12T11:56:58.000000;2016-04-12T11:56:58.421704;9a1487c7-ed03-49a7-a2f6-c2922c5f5030;7.9941;21.44045015;SELL
2016-04-12T11:56:58.000000;2016-04-12T11:56:58.428713;04928e37-3f06-469f-a795-8043cc2fcb9f;7.9921;11.38302526;SELL
2016-04-12T11:57:07.000000;2016-04-12T11:57:07.090577;bf7d6b62-2d3b-4beb-a5c8-abd2eb6853ca;7.996;3.2;SELL
2016-04-12T11:57:07.000000;2016-04-12T11:57:07.098571;1c3b12ee-a3de-466a-a8a2-d1054d8adc19;7.9932;21.44286426;SELL
2016-04-12T11:57:07.000000;2016-04-12T11:57:07.122587;2346c350-7e06-4d20-8805-cd9164c7f146;7.9931;7.18213715;SELL
2016-04-12T11:57:22.000000;2016-04-12T11:57:23.014167;d76c990b-e8ef-41ea-b6f4-107422e70a0f;7.997;15.0;SELL
2016-04-12T11:59:17.000000;2016-04-12T11:59:17.801654;df117f90-1f28-4fb6-acaa-0316d41a9d70;8.04;5.0;BUY
2016-04-12T11:59:17.000000;2016-04-12T11:59:17.815669;5455b3f2-30e3-458d-8be1-c1556480e50b;8.04;5.0;BUY
2016-04-12T11:59:17.000000;2016-04-12T11:59:17.822654;18505432-8d40-4973-b8c9-c55480160720;8.05;5.0;BUY
2016-04-12T11:59:17.000000;2016-04-12T11:59:17.852669;cd61afe3-108b-47cc-89b5-37d51334a3ed;8.05;5.0;BUY
2016-04-12T12:07:40.000000;2016-04-12T12:07:40.469384;4928dec8-3f47-4c4a-9c5e-285c978711f3;8.05;10.0;BUY
2016-04-12T12:07:47.000000;2016-04-12T12:07:47.234065;62896319-a583-4ea1-983a-c7e492400af1;8.1;5.0;BUY
2016-04-12T12:07:47.000000;2016-04-12T12:07:47.239102;93d9672e-14e0-464b-aae0-7e7e490a7562;8.1;10.0;BUY
2016-04-12T12:08:13.000000;2016-04-12T12:08:13.455698;fa85c0fd-3214-436a-9c3a-fbee3f0a46e4;8.15;10.0;BUY
2016-04-12T12:09:21.000000;2016-04-12T12:09:21.513526;c5f9492d-b017-43ca-b854-f6ee132e97d7;8.091;0.87021719;SELL
2016-04-12T12:10:30.000000;2016-04-12T12:10:30.799433;6ae7ba2c-b88b-48d5-b0e1-037fa23ba7cd;8.15;10.0;BUY
2016-04-12T12:12:34.000000;2016-04-12T12:12:34.998877;d047e8d9-2145-4a9a-9658-6b6680146e43;8.1231;10.0;SELL
2016-04-12T12:12:34.000000;2016-04-12T12:12:35.006840;d076f692-5622-45e3-ad86-426a9d6c633a;8.123;10.81974187;SELL
2016-04-12T12:13:23.000000;2016-04-12T12:13:23.718717;3c6e256c-fc92-45cd-b92f-82bca607c1f0;8.123;7.23089745;SELL
2016-04-12T12:31:19.000000;2016-04-12T12:31:19.968029;29c3402d-629c-41d0-9e3e-ae99ea358b68;8.082;91.5762;SELL
2016-04-12T12:31:19.000000;2016-04-12T12:31:19.984014;d2d40e6c-6194-41dc-90bc-cf5b4213acac;8.082;8.3238;SELL
2016-04-12T12:54:11.000000;2016-04-12T12:54:11.556599;d8e0f377-4132-4b6a-a5f8-4dad3edf1a4d;8.11;1.0;BUY
2016-04-12T13:12:19.000000;2016-04-12T13:12:19.949497;106d3c7b-fa04-4320-aaf6-9fc0c03f4fbb;8.011;5.0;SELL
2016-04-12T13:16:45.000000;2016-04-12T13:16:45.177623;adac0034-64ed-48d4-9c80-dcb7219d4bd1;7.99;0.63919954;SELL
2016-04-12T13:16:45.000000;2016-04-12T13:16:45.181636;cb78fe9e-7dcc-41df-82e5-e32b7db4998d;7.99;2.17168735;SELL
2016-04-12T13:16:45.000000;2016-04-12T13:16:45.186637;7deca315-c479-4a9f-84c7-62ea77830953;7.9247;0.18911311;SELL
2016-04-12T13:44:14.000000;2016-04-12T13:44:14.668312;7298730f-73b2-4be0-94dc-cd2649c8a888;8.001;6.54160842;SELL
2016-04-12T14:05:45.000000;2016-04-12T14:05:45.752169;697f8d1c-69d3-4135-9342-eacbba0aea33;8.0;10.0;SELL
2016-04-12T14:05:52.000000;2016-04-12T14:05:52.338859;a93e7a65-5802-4977-87d5-f32e0f4298ce;7.9723;3.0;SELL
2016-04-12T14:25:45.000000;2016-04-12T14:25:45.786482;ebba929f-5027-4841-996b-4d2b137a7c7e;8.079;3.0;BUY
2016-04-12T14:42:55.000000;2016-04-12T14:42:55.767874;2e27ada6-4fc0-4880-8a5f-9d771c57897d;7.9862;3.0;SELL
2016-04-12T14:47:12.000000;2016-04-12T14:47:12.886314;12b7aaae-fb34-48bf-8735-78afd2ab51a1;7.9862;0.370677;SELL
2016-04-12T14:47:12.000000;2016-04-12T14:47:12.901311;be0d4891-28be-4ad5-a68d-65ca2a7396c1;7.9201;23.28770567;SELL
2016-04-12T14:47:12.000000;2016-04-12T14:47:12.923302;7fac4540-018d-46bf-a4b7-e0d7920c2402;7.92;8.66451567;SELL
2016-04-12T14:54:06.000000;2016-04-12T14:54:06.801689;3712ee28-8808-420a-a3f8-2991d53db22a;7.98;12.625;BUY
2016-04-12T14:59:43.000000;2016-04-12T14:59:43.981399;18fa91bc-ba8a-4050-844f-12758b547972;7.97;0.493;BUY
2016-04-12T14:59:59.000000;2016-04-12T14:59:59.064481;129d2357-404e-49a9-9767-c037b7e5b169;7.97;0.102;BUY
2016-04-12T15:00:40.000000;2016-04-12T15:00:40.649409;f3a7b8e7-decb-498c-ae6f-da792331d124;7.97;3.746;BUY
2016-04-12T15:00:45.000000;2016-04-12T15:00:45.516231;8f599d3c-2815-433b-baa6-0406eaf7f6ea;7.97;1.973;BUY
2016-04-12T15:00:54.000000;2016-04-12T15:00:54.989857;7f8a35bc-e3ac-4b54-bf40-3364cd38b774;7.97;0.696;BUY
2016-04-12T15:05:14.000000;2016-04-12T15:05:14.164764;d77cf73a-2da0-48df-a4c0-f7b028699673;7.97;18.03374028;BUY
2016-04-12T15:05:17.000000;2016-04-12T15:05:17.292095;66512de7-26d1-45e5-b2bd-ef4aed0cfa2e;7.98;5.1499002;BUY
2016-04-12T15:22:06.000000;2016-04-12T15:22:06.772875;58b14eca-37df-431c-98be-55f36b5cce5a;7.93;1.5;SELL
2016-04-12T15:23:27.000000;2016-04-12T15:23:27.785977;a12a114a-5525-4329-8e67-2437a95fe59b;7.92;20.98;SELL
2016-04-12T15:23:29.000000;2016-04-12T15:23:29.236122;cfdc98b3-5c75-4d06-8112-465c6f82d1ae;7.92;0.35548433;SELL
2016-04-12T15:23:52.000000;2016-04-12T15:23:52.135425;e9a73225-7d85-43a5-9f17-25a1c43c3fc7;7.9011;5.1575;SELL
2016-04-12T15:23:54.000000;2016-04-12T15:23:55.459748;7ab64de8-28b4-4bf3-beff-1b5bf0334c5c;7.8122;0.7215;SELL
2016-04-12T15:27:52.000000;2016-04-12T15:27:52.472439;3e08873c-69cc-4c33-9826-0ce71260ef68;7.866;6.0;BUY
2016-04-12T15:28:57.000000;2016-04-12T15:28:57.575960;2d62eb7c-b12b-425b-a256-627ae7f7051a;7.8141;2.23;SELL
2016-04-12T15:29:17.000000;2016-04-12T15:29:17.227907;9b6c8562-79d5-422f-b75e-bfbf7792df1a;7.83;0.5;SELL
2016-04-12T15:31:27.000000;2016-04-12T15:31:27.756741;af2f206b-bcdc-4fa3-93aa-9c6426f9b3e9;7.828;0.9;BUY
2016-04-12T15:31:27.000000;2016-04-12T15:31:27.778752;76c2ec1c-aeca-404f-a030-5ed639eac042;7.828;10.7;BUY
2016-04-12T15:31:27.000000;2016-04-12T15:31:27.785747;ee17f7dd-ad07-425e-9e82-dfa64b4c9c66;7.829;83.82;BUY
2016-04-12T15:40:36.000000;2016-04-12T15:40:36.230590;eec0e2e5-dde4-4e58-8fe5-05b9fada45df;7.896;5.0;BUY
2016-04-12T15:44:53.000000;2016-04-12T15:44:53.931348;ae16102a-5aad-43bf-9bd8-e2819f4c25be;7.84;1.0;SELL
2016-04-12T15:45:12.000000;2016-04-12T15:45:12.937243;71811b34-1bc2-4362-8574-622a2d71fd66;7.8369;1.34004;SELL
2016-04-12T15:46:47.000000;2016-04-12T15:46:47.931046;e0eef5e5-bb1a-46d1-921e-bc21fa1ed2c3;7.811;0.74989801;SELL
2016-04-12T15:46:49.000000;2016-04-12T15:46:49.489202;5875f523-2481-424a-ab65-ea2b894e1280;7.811;4.25010199;SELL
2016-04-12T15:46:50.000000;2016-04-12T15:46:50.929373;a352f526-3cfe-4c0a-8ddd-974b2ea0f929;7.811;0.7228013;BUY
2016-04-12T15:46:52.000000;2016-04-12T15:46:52.721548;f36e365d-65d5-4e37-9ba8-ccc291e0f0ea;7.811;0.02709671;BUY
2016-04-12T15:46:52.000000;2016-04-12T15:46:52.725548;2fb5e009-57b8-4cc6-98ba-511571d2c201;7.811;0.69570459;BUY
2016-04-12T15:47:02.000000;2016-04-12T15:47:02.297495;22fabad1-d28d-4060-8928-d672b08a3b62;7.81;3.34617574;SELL
2016-04-12T15:47:18.000000;2016-04-12T15:47:18.977160;23648f6b-258c-4e92-8d45-82f2602efd97;7.81;2.9994;SELL
2016-04-12T15:47:22.000000;2016-04-12T15:47:23.013572;24a50a62-766d-428d-88ff-25a25e0b0b3b;7.81;3.34617574;SELL
2016-04-12T15:47:27.000000;2016-04-12T15:47:27.637020;3b52b99e-fc79-46bb-9996-d99619503834;7.81;4.7344955;SELL
2016-04-12T15:47:50.000000;2016-04-12T15:47:50.477301;065aaded-185b-42e1-9f37-aac1dd88f20e;7.81;1.33342211;SELL
2016-04-12T15:47:50.000000;2016-04-12T15:47:50.625318;1b43e6e3-c87a-4731-9ed6-2838854cedfe;7.81;2.69946;SELL
2016-04-12T15:48:10.000000;2016-04-12T15:48:10.271284;993efa39-2ba3-4036-8b41-e8fb5971299b;7.81;6.40136025;SELL
2016-04-12T15:48:10.000000;2016-04-12T15:48:10.938345;552e23f3-4a3d-40b0-a11b-971a9feb3981;7.81;18.36506952;SELL
2016-04-12T15:48:22.000000;2016-04-12T15:48:22.253480;82b58a98-16b0-4a87-a732-bdc7f06d0482;7.81;3.11725479;SELL
2016-04-12T15:48:25.000000;2016-04-12T15:48:25.964848;f6748ae4-6e66-4418-b676-b8cb31476307;7.81;1.03965529;SELL
2016-04-12T15:48:35.000000;2016-04-12T15:48:35.671833;6c7e4b02-4f9d-4dcd-a324-6a8b6a870937;7.81;2.61753106;SELL
2016-04-12T15:49:10.000000;2016-04-12T15:49:10.652331;4a5885e1-09fa-4ae9-ab9f-aee77130a295;7.8;6.70364639;BUY
2016-04-12T15:52:19.000000;2016-04-12T15:52:19.846226;0c76a3f5-62ff-4897-a79e-023b6ffe9baa;7.7591;0.42;SELL
2016-04-12T15:52:40.000000;2016-04-12T15:52:40.273297;6ae2d9f2-f130-446b-b094-63f193104cee;7.75;93.18;SELL
2016-04-12T15:53:36.000000;2016-04-12T15:53:36.084895;8aa66d02-af55-4fc3-962a-f47b28d9f079;7.75;4.08934235;SELL
2016-04-12T15:53:55.000000;2016-04-12T15:53:55.250776;89e21916-3cc4-43eb-8a23-1189fdf58ace;7.75;1.09769;SELL
2016-04-12T15:54:35.000000;2016-04-12T15:54:35.654815;fa795ebf-7064-456e-955a-ceb5bca66dd6;7.75;1.63296765;SELL
2016-04-12T15:54:35.000000;2016-04-12T15:54:35.665815;12d1fd79-a19e-4a33-853d-1f776c3e011d;7.75;16.89170973;SELL
2016-04-12T15:54:45.000000;2016-04-12T15:54:45.465793;59157944-d1cf-48d1-860c-79161eddb6d7;7.75;9.18485839;SELL
2016-04-12T15:54:58.000000;2016-04-12T15:54:58.859142;21a6d66d-e186-42f3-8f4d-dba1e563dceb;7.75;5.27318857;SELL
2016-04-12T15:55:52.000000;2016-04-12T15:55:52.688512;7b8aa3d7-1a6c-4969-8053-a302d3195b01;7.75;1.29559034;SELL
2016-04-12T15:55:59.000000;2016-04-12T15:55:59.684223;c7905558-9032-4a4a-9d2e-e7d84291392d;7.75;6.40505775;SELL
2016-04-12T15:56:07.000000;2016-04-12T15:56:07.730028;16ebf392-5c24-4c78-85b0-3f38207bc7dd;7.75;11.24589522;SELL
2016-04-12T15:56:22.000000;2016-04-12T15:56:22.698522;a3bd5922-9de3-4182-bddf-09069a7c1dbd;7.748;13.3782;BUY
2016-04-12T15:57:37.000000;2016-04-12T15:57:37.903043;a360a526-52ea-4baf-91aa-3c4cfaeaffcf;7.73;159.32;SELL
2016-04-12T15:57:38.000000;2016-04-12T15:57:38.710121;563aa051-1b4b-4196-99ba-c60432096314;7.73;117.29351519;SELL
2016-04-12T15:58:25.000000;2016-04-12T15:58:25.551807;8247bfea-58a2-40a1-ab1b-e980df0f21c1;7.711;5.0;SELL
2016-04-12T15:58:54.000000;2016-04-12T15:58:54.444686;884828d4-95b6-4c12-8a96-102c3f83df2b;7.7;2.19538;SELL
2016-04-12T15:58:54.000000;2016-04-12T15:58:54.515716;0cdfb7ae-edc8-462e-9974-10ea3b3d1dab;7.719;35.0;BUY
2016-04-12T16:00:10.000000;2016-04-12T16:00:10.337281;71773d62-4159-452d-b184-d6ec9e8d4501;7.7;1.41;SELL
2016-04-12T16:01:29.000000;2016-04-12T16:01:29.587056;c4089d5f-ce9c-479a-8824-1dfee5afd1b2;7.7;7.10323291;SELL
2016-04-12T16:02:42.000000;2016-04-12T16:02:42.797398;52c9dda7-e16c-4b64-a926-48e5d36a281c;7.7;89.29;SELL
2016-04-12T16:02:44.000000;2016-04-12T16:02:44.036503;b9026899-58ea-4a13-bb21-86f90a9ad97c;7.7;0.00138709;SELL
2016-04-12T16:03:17.000000;2016-04-12T16:03:17.358839;d5fe2c6e-85e4-4297-a382-d6c11013e803;7.664;40.33646394;SELL
2016-04-12T16:07:16.000000;2016-04-12T16:07:16.462754;75c8792b-0bd4-4d22-98ae-f615e13b5d3c;7.625;2.0;SELL
2016-04-12T16:07:28.000000;2016-04-12T16:07:28.474936;1ea8d0bf-60ee-4e26-baac-220bab307de9;7.62;18.89494082;SELL
2016-04-12T16:08:36.000000;2016-04-12T16:08:36.182721;0d2579bc-f84a-4ef4-b031-822daacc015b;7.62;29.34459977;SELL
2016-04-12T16:09:03.000000;2016-04-12T16:09:03.160412;d65830f8-9b1e-44e6-85bc-fa07d08d80fc;7.62;18.89280736;SELL
2016-04-12T16:11:34.000000;2016-04-12T16:11:34.091527;941d2c29-7033-4d04-aebf-69d3b041a57a;7.62;26.06;SELL
2016-04-12T16:11:50.000000;2016-04-12T16:11:50.839184;210cac62-2cd7-446b-a86a-5faeba00b148;7.62;39.29825023;SELL
2016-04-12T16:11:51.000000;2016-04-12T16:11:51.310249;75927554-e199-4219-b9d8-33cb0f0eb9d1;7.62;367.50940182;SELL
2016-04-12T16:11:51.000000;2016-04-12T16:11:51.316248;2230634f-9d92-42ec-aa6a-10ff47980ec3;7.611;5.0;SELL
2016-04-12T16:11:51.000000;2016-04-12T16:11:51.322230;e119fb7e-ecc7-4ce2-a027-0f0c787fe833;7.61;15.66059818;SELL
2016-04-12T16:11:58.000000;2016-04-12T16:11:58.198939;86fd14eb-b24d-495a-91fe-e3479ce08805;7.61;37.466713;SELL
2016-04-12T16:11:58.000000;2016-04-12T16:11:58.311933;c8bfc4bf-4bca-4e32-98f0-82cea1111657;7.61;4.17343841;SELL
2016-04-12T16:11:58.000000;2016-04-12T16:11:58.398933;4513792e-7bb2-45af-961b-7867a4aec759;7.61;31.99636119;SELL
2016-04-12T16:11:58.000000;2016-04-12T16:11:58.515973;2b15ba42-e33c-4823-99d8-8a3e75ad4226;7.61;26.25957953;SELL
2016-04-12T16:11:58.000000;2016-04-12T16:11:58.699970;f1c8a5dc-511f-4efc-be67-789cfa5956fb;7.61;9.16115969;SELL
2016-04-12T16:12:03.000000;2016-04-12T16:12:03.222419;1a4e606b-bd85-41e5-b06b-65ffbddf5526;7.61;30.653987;SELL
2016-04-12T16:12:03.000000;2016-04-12T16:12:03.298428;368141a1-533f-4571-beee-1c8958a4ad72;7.61;2.65359279;SELL
2016-04-12T16:12:03.000000;2016-04-12T16:12:03.705485;c3903530-78a5-4187-923b-4488772c4f97;7.61;15.97849225;SELL
2016-04-12T16:12:04.000000;2016-04-12T16:12:04.051505;40525242-5a96-49bc-80ef-aa8420836849;7.61;201.68811995;SELL
2016-04-12T16:12:04.000000;2016-04-12T16:12:05.016759;b23840d8-cd7e-4713-a3cf-cea7454ca3be;7.6;18.94761746;SELL
2016-04-12T16:12:05.000000;2016-04-12T16:12:05.033831;e7a6314e-cf3b-4942-b964-65c34051b487;7.6;18.90027657;SELL
2016-04-12T16:12:05.000000;2016-04-12T16:12:05.210619;e349dd89-f725-4f21-a11c-0bd886a3f1b7;7.6;18.92271964;SELL
2016-04-12T16:12:14.000000;2016-04-12T16:12:14.800581;7f9de961-057c-40db-a8e0-1015bb2da40f;7.6;8.06489554;SELL
2016-04-12T16:12:18.000000;2016-04-12T16:12:19.242022;fd562ef5-9c8f-4110-af7d-b847b177dc80;7.6;22.72966547;SELL
2016-04-12T16:12:21.000000;2016-04-12T16:12:21.153210;3ae73f40-0df9-4be3-9c74-503f89abcab3;7.6;12.43482532;SELL
2016-04-12T16:12:22.000000;2016-04-12T16:12:22.051322;20ba70e5-2677-4738-8d43-f96391ad89fe;7.55;10.29484015;SELL
2016-04-12T16:13:08.000000;2016-04-12T16:13:08.993991;cf893f26-b60f-4186-b62d-036d3eb4825b;7.55;27.04815654;SELL
2016-04-12T16:17:54.000000;2016-04-12T16:17:54.832708;ab1cff7b-d575-470d-93e7-fd429afb3be0;7.55;5.36;SELL
2016-04-12T16:17:56.000000;2016-04-12T16:17:56.633904;96ef9764-58c3-477c-b675-3ed4dd80dbea;7.55;16.07704249;SELL
2016-04-12T16:17:56.000000;2016-04-12T16:17:56.642916;9d967c1d-52e0-4ffc-9ea9-7c6b7958c3c3;7.511;0.02295751;SELL
2016-04-12T16:18:49.000000;2016-04-12T16:18:49.887223;06d96c11-0503-41eb-90eb-c7709044a4c0;7.513;98.6514;SELL
2016-04-12T16:18:49.000000;2016-04-12T16:18:49.897233;2310de33-a8dd-4373-8295-fdcbf1daab7a;7.511;1.3486;SELL
2016-04-12T16:18:56.000000;2016-04-12T16:18:56.788950;65542983-dd2c-48de-b1db-613d4c8d6ada;7.511;3.62844249;SELL
2016-04-12T16:18:56.000000;2016-04-12T16:18:56.793919;4f6111dd-b79f-464d-b2f3-9d285f0c5311;7.511;10.0;SELL
2016-04-12T16:18:56.000000;2016-04-12T16:18:56.797921;48746234-452b-4dd2-b44f-c8e3466ed31e;7.51;5.0;SELL
2016-04-12T16:18:56.000000;2016-04-12T16:18:56.830959;e9d97128-16eb-41f0-9c06-fc1254aa36a7;7.51;8.0;SELL
2016-04-12T16:18:56.000000;2016-04-12T16:18:56.830959;e817a96c-a18e-4947-a517-559304a3744e;7.5;3.37155751;SELL
2016-04-12T16:19:17.000000;2016-04-12T16:19:17.199052;435e443f-3efd-427c-94ee-8623ccf5594f;7.5;23.35553792;SELL
2016-04-12T16:19:17.000000;2016-04-12T16:19:17.551986;6d80aa42-ac61-4ab4-9447-0b09a8cdab87;7.5;3.73088853;SELL
2016-04-12T16:19:18.000000;2016-04-12T16:19:18.482091;abf4df87-38c8-4c7a-bb4b-47e2a45e8037;7.5;3.73761759;SELL
2016-04-12T16:19:31.000000;2016-04-12T16:19:31.792410;4e42c980-d79d-41af-b584-81dd5e2f7f90;7.5;28.73010791;SELL
2016-04-12T16:19:33.000000;2016-04-12T16:19:33.057540;6ca21a4c-1f85-41d0-9163-80ecf1b0ae30;7.5;28.73010791;SELL
2016-04-12T16:19:33.000000;2016-04-12T16:19:33.120572;356fff16-8989-4faf-9420-a0d52777dbe1;7.5;0.85907817;SELL
2016-04-12T16:19:33.000000;2016-04-12T16:19:33.691630;eed00a0a-d6bf-4122-ab19-4936357c7a00;7.5;15.92719947;SELL
2016-04-12T16:19:33.000000;2016-04-12T16:19:33.758639;3771caf3-2997-4b16-a396-65ebe8790836;7.5;15.89277186;SELL
2016-04-12T16:19:33.000000;2016-04-12T16:19:33.888618;06f52f6a-bace-494e-8d51-98a18ae797be;7.5;28.67838337;SELL
2016-04-12T16:19:34.000000;2016-04-12T16:19:34.199658;20ec1fa1-6f90-4397-befe-c521cc0d08da;7.5;8.71563978;SELL
2016-04-12T16:19:37.000000;2016-04-12T16:19:37.064962;deff5035-11ec-4cab-8133-520ec9baf67c;7.5;3.04898755;SELL
2016-04-12T16:19:42.000000;2016-04-12T16:19:42.924531;7633b5f2-1b12-48d3-8b05-17a0d65996ba;7.5;16.02331896;SELL
2016-04-12T16:19:43.000000;2016-04-12T16:19:43.444604;caf94384-70f2-4fa9-8911-6645f73e5f0e;7.5;3.04898755;SELL
2016-04-12T16:19:44.000000;2016-04-12T16:19:44.332673;e5908d40-9d8f-4388-a0a7-c9211ca04e15;7.5;9.59948767;SELL
2016-04-12T16:19:45.000000;2016-04-12T16:19:45.635818;3325b2fa-87a8-4766-8275-5d8cc6ccf814;7.5;9.59948767;SELL
2016-04-12T16:19:46.000000;2016-04-12T16:19:46.359873;222c3e77-63a3-43bd-8792-e31f1c806dd4;7.5;1.4970819;SELL
2016-04-12T16:19:47.000000;2016-04-12T16:19:47.744003;1155304a-99b8-4586-9edb-cb2957e07455;7.5;6.16763388;SELL
2016-04-12T16:19:47.000000;2016-04-12T16:19:47.907019;6c837d28-d00e-41c1-b5ae-3da460f1403f;7.5;32.79;SELL
2016-04-12T16:19:48.000000;2016-04-12T16:19:48.079037;279ffa93-68d9-4e0f-a565-5526e03555a3;7.5;6.4961248;SELL
2016-04-12T16:19:48.000000;2016-04-12T16:19:48.080047;448073ec-67f4-4413-8d67-b5fb06015da6;7.5;1.97844917;SELL
2016-04-12T16:19:48.000000;2016-04-12T16:19:48.841122;ce5f2f8f-6d7b-4bcb-a6fd-130e8243b74c;7.5;8.02155083;SELL
2016-04-12T16:19:48.000000;2016-04-12T16:19:48.846129;c468ffe5-33ba-420e-ad66-edbef7f334a0;7.5;24.82167948;SELL
2016-04-12T16:19:49.000000;2016-04-12T16:19:49.128152;81c40146-06cd-4793-ae2d-332acaf7ce6b;7.5;11.20832052;SELL
2016-04-12T16:20:07.000000;2016-04-12T16:20:07.393997;51e0775c-f163-472c-b657-35aad3b176b8;7.469;5.15282479;SELL
2016-04-12T16:20:09.000000;2016-04-12T16:20:09.403191;58b9ff36-5393-4133-a090-2a392e06d1e2;7.469;1.96717521;SELL
2016-04-12T16:22:44.000000;2016-04-12T16:22:44.152650;8b243725-373d-4308-8cf2-41ced78a6a9a;7.432;100.0;SELL
2016-04-12T16:22:47.000000;2016-04-12T16:22:47.400996;761b58da-ccc4-455a-b9b7-1d7566e5e57c;7.433;5.6;SELL
2016-04-12T16:22:47.000000;2016-04-12T16:22:47.414980;e1d5570f-0fee-4046-b3f3-5414d9acdbd5;7.432;2.66197922;SELL
2016-04-12T16:22:47.000000;2016-04-12T16:22:47.424975;1eef7965-17d3-48ac-99b9-7c85de0560b3;7.43;10.0;SELL
2016-04-12T16:22:47.000000;2016-04-12T16:22:47.452017;03c18ce1-7b74-4d61-838a-8489e3455df3;7.42;10.0;SELL
2016-04-12T16:22:47.000000;2016-04-12T16:22:47.452017;a1cf8e24-984d-4669-ac35-8dfc50d3e32b;7.414;71.73802078;SELL
2016-04-12T16:23:01.000000;2016-04-12T16:23:01.611390;4454a95d-ee82-46a4-97e7-485a9926f53e;7.416;10.0;SELL
2016-04-12T16:23:02.000000;2016-04-12T16:23:02.605500;3506ec17-872c-4370-8328-cc3b3e59e3a9;7.418;10.0;SELL
2016-04-12T16:25:50.000000;2016-04-12T16:25:50.174288;c1b0f1d8-ff4a-49b2-81a9-46859f671a62;7.542;2.68;BUY
2016-04-12T16:25:54.000000;2016-04-12T16:25:54.731716;90e53072-72b1-4ec2-9fe4-2f1981bcc379;7.5439;1.3;BUY
2016-04-12T16:25:54.000000;2016-04-12T16:25:54.746747;9f9d8819-f002-451b-90e6-636d05f3881b;7.5439;1.6;BUY
2016-04-12T16:25:54.000000;2016-04-12T16:25:54.755714;b91d5c61-a4de-48e9-b29c-202a4522486c;7.5449;28.67838337;BUY
2016-04-12T16:25:54.000000;2016-04-12T16:25:54.783710;43d3b9d8-3dfb-423a-964c-0efde1303d6b;7.5449;28.67346004;BUY
2016-04-12T16:25:54.000000;2016-04-12T16:25:54.783710;fa6e38e8-d8ec-493f-8819-0c21c45eb78a;7.5458;28.67838337;BUY
2016-04-12T16:25:54.000000;2016-04-12T16:25:54.783710;5351cc0a-01b7-4fe0-bdfe-5875d495f4b5;7.55;8.28461333;BUY
2016-04-12T16:25:54.000000;2016-04-12T16:25:54.783710;43d47444-3bb8-4cb2-b6b6-e6b62aeea49f;7.55;1.19515989;BUY
2016-04-12T16:25:55.000000;2016-04-12T16:25:55.815810;7f7d34b5-a6da-4355-80ff-ea537c246e7d;7.55;2.89587226;BUY
2016-04-12T16:26:10.000000;2016-04-12T16:26:10.793317;fa200b04-3598-4fec-8a22-277e9bc4e642;7.6089;28.29458006;BUY
2016-04-12T16:26:10.000000;2016-04-12T16:26:10.805315;3ec28fa3-c50f-43ad-b915-8bfcb67d5f09;7.609;12.83539136;BUY
2016-04-12T16:26:11.000000;2016-04-12T16:26:11.202366;c60e74a0-5f51-4742-8acd-230963888517;7.6099;10.31769202;BUY
2016-04-12T16:26:11.000000;2016-04-12T16:26:11.221354;5bf8116b-bb7f-469e-b54f-98fae39312ac;7.6099;11.239611;BUY
2016-04-12T16:26:11.000000;2016-04-12T16:26:11.430386;c109caef-914a-4fff-854e-88c8d977c885;7.61;12.83539136;SELL
2016-04-12T16:26:11.000000;2016-04-12T16:26:11.982452;f5e361af-6165-4e1b-8963-9865c8ccca4c;7.61;2.40765294;SELL
2016-04-12T16:26:11.000000;2016-04-12T16:26:11.999434;8ab51a89-8c58-43f0-9f06-319c53b0013c;7.61;32.54607018;SELL
2016-04-12T16:26:11.000000;2016-04-12T16:26:12.013435;366d772e-350c-479b-833f-95fbe107b831;7.61;15.91588529;SELL
2016-04-12T16:26:12.000000;2016-04-12T16:26:12.449473;04111c7d-1f02-4f9f-857d-4302b662a78f;7.61;15.91588529;SELL
2016-04-12T16:26:12.000000;2016-04-12T16:26:12.818538;0c7f845b-59cc-4c7e-a6bb-9328c020e158;7.61;15.91588529;SELL
2016-04-12T16:26:13.000000;2016-04-12T16:26:13.230553;8dc206a6-fc2f-4a5e-8cd3-2a6a3b88e03f;7.61;15.91588529;SELL
2016-04-12T16:26:13.000000;2016-04-12T16:26:13.848623;f9281565-1d5a-4bd8-96c9-fdab10be25ff;7.61;1.62238731;SELL
2016-04-12T16:26:14.000000;2016-04-12T16:26:14.410675;4930310f-e941-4572-9dda-7a9ded8c14df;7.61;5.09581017;SELL
2016-04-12T16:26:16.000000;2016-04-12T16:26:16.260976;e1506433-c386-4cdd-afd1-12773b98302a;7.61;1.20382647;SELL
2016-04-12T16:26:19.000000;2016-04-12T16:26:19.405174;3ae51308-2f33-422f-b872-8838377d7fad;7.61;6.95772956;SELL
2016-04-12T16:26:22.000000;2016-04-12T16:26:22.677495;4b1d91aa-6576-4550-a49f-8c66d36a0742;7.61;2.94798952;SELL
2016-04-12T16:26:27.000000;2016-04-12T16:26:27.416999;54261905-eda8-407c-86ac-576de0658ac6;7.6177;1.24765114;BUY
2016-04-12T16:26:27.000000;2016-04-12T16:26:27.418973;40fd701d-0e83-4434-82b3-e20899f5ce77;7.6178;10.31769202;BUY
2016-04-12T16:26:34.000000;2016-04-12T16:26:34.461690;1e9f1842-1475-4bae-9146-25dda61ccd78;7.62;1.0;BUY
2016-04-12T16:26:34.000000;2016-04-12T16:26:34.467700;1ef3e400-726f-4e62-be50-c082d6d8e415;7.62;1.0;BUY
2016-04-12T16:26:34.000000;2016-04-12T16:26:34.473689;76581edf-8cc8-464f-a62d-0871198fc2e1;7.62;1.0;BUY
2016-04-12T16:26:34.000000;2016-04-12T16:26:34.504671;66b22fdf-e7e8-43af-9bd8-aeeba28669ae;7.62;1.0;BUY
2016-04-12T16:26:34.000000;2016-04-12T16:26:34.504671;7e285921-a4b4-4162-bdb3-f59a6d6ab208;7.62;1.0;BUY
2016-04-12T16:28:48.000000;2016-04-12T16:28:48.715140;75c44f61-8328-4488-9ab6-1ae955602182;7.65;2.24564375;SELL
2016-04-12T16:28:48.000000;2016-04-12T16:28:48.732109;95f9c535-e2f6-4abb-8b13-0351cf2ba7aa;7.65;1.62006288;SELL
2016-04-12T16:28:48.000000;2016-04-12T16:28:48.795117;8c10d49d-e5eb-4d0c-bd10-4eba2c846786;7.65;36.23736833;SELL
2016-04-12T16:28:48.000000;2016-04-12T16:28:48.816116;2359baef-53f1-48d0-ab4d-cc90aa021f2a;7.65;10.31769202;SELL
2016-04-12T16:28:49.000000;2016-04-12T16:28:49.547202;beb46b12-d21b-43a1-978f-08166b2bf85e;7.65;2.24564375;SELL
2016-04-12T16:28:50.000000;2016-04-12T16:28:50.198251;2282781c-993f-4c2f-b39c-d2a43e3b9e23;7.65;2.26456102;SELL
2016-04-12T16:28:51.000000;2016-04-12T16:28:51.532400;3555b979-0dc9-406d-b8e9-6972b9fd7bcd;7.65;2.26456102;SELL
2016-04-12T16:29:01.000000;2016-04-12T16:29:01.577425;da4d9426-d0b3-4e9e-a79a-2d37a41d055d;7.65;16.79;SELL
2016-04-12T16:29:03.000000;2016-04-12T16:29:03.709601;b309961b-6010-4192-82cf-ea154e5695eb;7.65;21.58;SELL
2016-04-12T16:29:06.000000;2016-04-12T16:29:06.409885;f20326ec-db5c-4a61-971e-226c83a8df95;7.65;30.93;SELL
2016-04-12T16:29:07.000000;2016-04-12T16:29:07.982040;89153a09-abe5-49e0-b4ac-d6fcd4e100e7;7.65;0.00246723;SELL
2016-04-12T16:30:31.000000;2016-04-12T16:30:31.878029;a59d5ad1-9078-4332-8efb-af6d011383eb;7.618;0.24;SELL
2016-04-12T16:30:33.000000;2016-04-12T16:30:33.471184;e7778b1d-79cd-4556-a7d2-68f29a465e0b;7.618;0.00465684;SELL
2016-04-12T16:30:40.000000;2016-04-12T16:30:41.004929;8964c69b-3280-4544-9883-c36183e64ee2;7.614;27.93;SELL
2016-04-12T16:30:47.000000;2016-04-12T16:30:47.658603;843d08d7-b641-464a-b29d-b8cf7c776c49;7.614;0.0004;SELL
2016-04-12T16:30:47.000000;2016-04-12T16:30:47.673584;02910453-0984-4181-aef2-3fc247dfa2b1;7.61;11.05229831;SELL
2016-04-12T16:30:47.000000;2016-04-12T16:30:47.681601;e34a3e53-74b1-426d-b506-88ee4473e8fb;7.61;161.20730169;SELL
2016-04-12T16:36:13.000000;2016-04-12T16:36:13.320179;5d2a71b7-7bc6-4434-ab36-99c0621545f4;7.61;0.00269831;SELL
2016-04-12T16:37:17.000000;2016-04-12T16:37:17.388573;301d4e78-9f43-4995-bcbe-15813ba5fc56;7.594;5.0;BUY
2016-04-12T16:37:40.000000;2016-04-12T16:37:40.264871;a930ffb2-3d99-4165-b46d-c10fd14d0798;7.594;93.5576;BUY
2016-04-12T16:37:40.000000;2016-04-12T16:37:40.275845;2b5f1cb9-cc3d-4148-ada1-76a9858e536b;7.6099;6.4424;BUY
2016-04-12T16:38:18.000000;2016-04-12T16:38:18.781705;b7a4d442-89a4-48f0-947a-5f01efe744ab;7.608;50.0;BUY
2016-04-12T16:38:20.000000;2016-04-12T16:38:20.704891;45245045-c3d6-4e9a-81ff-ed78e86f1513;7.608;50.0;BUY
2016-04-12T16:38:21.000000;2016-04-12T16:38:21.479975;ecf2e901-877e-4285-a315-bc269edc88ce;7.608;50.0;BUY
2016-04-12T16:38:22.000000;2016-04-12T16:38:22.344056;bab04366-c644-4369-bbad-4214cd0477d4;7.608;48.5094;BUY
2016-04-12T16:38:22.000000;2016-04-12T16:38:22.364062;36346d19-5a75-4280-8419-c4b84a22190f;7.6094;1.4906;BUY
2016-04-12T16:51:37.000000;2016-04-12T16:51:37.699984;b8de69cd-9fbd-4ae3-bd9c-d39bcc5c82f0;7.609;0.5258;BUY
2016-04-12T16:57:31.000000;2016-04-12T16:57:31.055289;6454576b-1ad4-4f09-8633-8c8c3f93a4c9;7.56;0.4;SELL
2016-04-12T17:00:29.000000;2016-04-12T17:00:29.507132;ad0a4d4c-cbfa-4602-b8ff-c9ed9e3075e7;7.61;4.99730169;BUY
2016-04-12T17:00:29.000000;2016-04-12T17:00:29.523133;83933271-f92c-49ea-b003-ba8eccc36e5e;7.61;0.6;BUY
2016-04-12T17:00:30.000000;2016-04-12T17:00:30.945274;318e552a-44a6-4f3e-876b-cf954867274f;7.61;0.00269831;SELL
2016-04-12T17:00:30.000000;2016-04-12T17:00:30.957268;87e58684-bfda-45ef-8102-8f8f4c3c4098;7.61;2.26977691;SELL
2016-04-12T17:02:19.000000;2016-04-12T17:02:19.425678;bd17ce0f-2b9a-4329-907d-612a214b1f1f;7.7399;10.9787;BUY
2016-04-12T17:02:57.000000;2016-04-12T17:02:57.653478;81b16133-774b-48f2-aea4-58bbbf52608b;7.7378;10.26762095;BUY
2016-04-12T17:02:57.000000;2016-04-12T17:02:57.668500;59533fdb-fd6b-4f14-bedc-683a79937bab;7.74;0.23;BUY
2016-04-12T17:02:57.000000;2016-04-12T17:02:57.821509;bc5da49f-818e-4a2d-aa40-256e95cdd41c;7.74;0.87237905;SELL
2016-04-12T17:02:58.000000;2016-04-12T17:02:58.499564;ab824243-e0d5-4cdb-894e-90f2802d58be;7.74;11.37;SELL
2016-04-12T17:02:59.000000;2016-04-12T17:02:59.808704;2b348ec7-2582-4dd5-a989-aba7e59bd240;7.7377;1.996;BUY
2016-04-12T17:02:59.000000;2016-04-12T17:02:59.836711;b715f96b-c321-43bb-96db-3d064b56615e;7.739;0.194;BUY
2016-04-12T17:03:00.000000;2016-04-12T17:03:00.734794;d7a3cbab-74da-41bb-915c-d69383ceeaa8;7.74;10.49972038;SELL
2016-04-12T17:03:01.000000;2016-04-12T17:03:01.780918;1432fc2f-f1ed-4a1c-aa1e-f0e7dc998c8b;7.7377;27.82323917;BUY
2016-04-12T17:03:01.000000;2016-04-12T17:03:02.000920;b7a967e5-8604-4c1d-85dd-7a745024a7fa;7.739;1.996;SELL
2016-04-12T17:03:02.000000;2016-04-12T17:03:02.733007;abdc5644-15d3-4d5f-91af-15f3d9910575;7.739;26.93712919;SELL
2016-04-12T17:03:02.000000;2016-04-12T17:03:02.806020;74914b41-db36-47bf-b325-354ddd6170ef;7.739;26.1;SELL
2016-04-12T17:03:03.000000;2016-04-12T17:03:03.099038;e9107453-fa81-4700-b55c-353cd8089f85;7.739;5.49606007;SELL
2016-04-12T17:03:03.000000;2016-04-12T17:03:03.901110;a61c53a8-45c2-432a-bda5-a29e71ea094c;7.739;24.64681074;SELL
2016-04-12T17:03:05.000000;2016-04-12T17:03:05.508296;ac92a9c8-92ca-4c81-a9f2-ca90dd2008e0;7.7389;13.72;BUY
2016-04-12T17:03:15.000000;2016-04-12T17:03:15.642306;a74750bc-2c7d-44e2-b3dd-df07cca41f78;7.7519;25.87382136;BUY
2016-04-12T17:03:15.000000;2016-04-12T17:03:15.649294;8bb7cfc4-95ef-41e8-8581-d44582925419;7.7519;11.28617864;BUY
2016-04-12T17:03:21.000000;2016-04-12T17:03:21.863941;a9b42095-5ad2-46da-8e55-101639593f11;7.7517;11.014804;BUY
2016-04-12T17:03:21.000000;2016-04-12T17:03:21.893931;18c17f8d-2bc8-4155-935a-7870fc39dd09;7.7518;12.16070076;BUY
2016-04-12T17:03:22.000000;2016-04-12T17:03:22.769006;c039dfc2-75e2-4fa7-8bc0-0b94ba95accd;7.752;1.32449524;SELL
2016-04-12T17:03:31.000000;2016-04-12T17:03:31.182841;63014340-a017-453c-a1c5-07ba706a4975;7.749;17.16;BUY
2016-04-12T17:03:41.000000;2016-04-12T17:03:41.197840;992543b8-6380-4353-b500-ef06693967e3;7.7469;12.16070076;BUY
2016-04-12T17:03:41.000000;2016-04-12T17:03:41.205840;60ad3a89-6fde-40cf-8ee9-6c327d503e63;7.749;7.131755;BUY
2016-04-12T17:03:41.000000;2016-04-12T17:03:41.208843;1c74ffa4-40b4-4b70-ad99-1a04a8d333a3;7.7521;5.0;BUY
2016-04-12T17:03:41.000000;2016-04-12T17:03:41.241850;539114cd-2299-418a-bc92-72edc4fe41a1;7.76;0.39754424;BUY
2016-04-12T17:03:41.000000;2016-04-12T17:03:41.953906;6d29a288-02fe-4851-9ec0-1aab342fd76c;7.76;0.00245576;BUY
2016-04-12T17:03:44.000000;2016-04-12T17:03:44.818204;0a8ab49e-9792-445e-b16b-9fd9a163ae89;7.76;23.14085682;SELL
2016-04-12T17:03:58.000000;2016-04-12T17:03:58.353572;6e6d8cd6-2009-4fa5-8bdb-26b688a40977;7.809;2.62;BUY
2016-04-12T17:03:59.000000;2016-04-12T17:03:59.352670;09aacab2-2575-48f0-a351-c743512dced6;7.809;2.62;BUY
2016-04-12T17:04:00.000000;2016-04-12T17:04:00.287753;b5a0e7c4-c16b-4e28-a44e-fd94f4b07a1c;7.809;1.508653;BUY
2016-04-12T17:04:00.000000;2016-04-12T17:04:00.309761;e3d69582-6624-4a96-894c-a0f470b49280;7.81;2.61753106;BUY
2016-04-12T17:04:00.000000;2016-04-12T17:04:00.311759;8601223c-1e06-45a5-993c-dbba04b54923;7.811;0.34133042;BUY
2016-04-12T17:04:01.000000;2016-04-12T17:04:01.770054;a0bcb547-8530-4252-8f14-2589e701f032;7.811;4.47;SELL
2016-04-12T17:04:01.000000;2016-04-12T17:04:01.778160;694fe659-688e-4414-af20-89a749d888e4;7.809;11.13;SELL
2016-04-12T17:04:04.000000;2016-04-12T17:04:04.156134;e9e91620-b2fb-44b1-9907-cd49e3522a13;7.811;4.47;SELL
2016-04-12T17:04:04.000000;2016-04-12T17:04:04.173162;632e53b7-c862-471a-a2af-79bfb063b772;7.809;0.74;SELL
2016-04-12T17:04:06.000000;2016-04-12T17:04:06.601385;97df7057-ed81-4b1d-a0d4-0bba62de7da8;7.809;20.75869038;SELL
2016-04-12T17:04:06.000000;2016-04-12T17:04:06.984419;99b3bcd2-4814-40c3-bd26-0c8ba12d6d9e;7.809;10.4;SELL
2016-04-12T17:04:08.000000;2016-04-12T17:04:08.576584;6e7a9652-476c-4b25-a9e8-0d7b95afdff7;7.809;8.52368891;SELL
2016-04-12T17:04:09.000000;2016-04-12T17:04:09.858710;a28e8657-9ba4-4f6f-9fab-4ad4643a9e91;7.809;3.20552071;SELL
2016-04-12T17:04:17.000000;2016-04-12T17:04:17.107435;953bd4db-772f-4b6e-8021-b1c71dbc88d9;7.81;9.408777;BUY
2016-04-12T17:06:08.000000;2016-04-12T17:06:08.969616;c0eb89ee-48ff-4dbe-8545-f79baddd58ee;7.851;2.0;BUY
2016-04-12T17:06:55.000000;2016-04-12T17:06:55.804297;79ba8028-b4b0-4192-9be7-7cfe275833a5;7.851;10.0;BUY
2016-04-12T17:10:39.000000;2016-04-12T17:10:39.704694;098532be-fee6-4253-b2d7-0e57c113c812;7.8;2.0;SELL
2016-04-12T17:10:39.000000;2016-04-12T17:10:39.713698;b75fccd3-1b5a-4d94-92bd-eaa41def92c8;7.79;1.0;SELL
2016-04-12T17:10:39.000000;2016-04-12T17:10:39.719694;90f78356-562e-434b-b940-2d034b853a8f;7.744;7.9567426;SELL
2016-04-12T17:11:45.000000;2016-04-12T17:11:45.504281;a4617d84-42aa-49fb-9eca-a858b27ecf30;7.832;5.0;BUY
2016-04-12T17:14:16.000000;2016-04-12T17:14:16.616397;acca0d25-cc4a-41a7-83cd-c10e0415886a;7.7431;5.17982864;SELL
2016-04-12T17:14:25.000000;2016-04-12T17:14:25.462287;2e57137c-2f03-46c4-b2c7-a6bfbad9dde0;7.7431;4.41;SELL
2016-04-12T17:14:36.000000;2016-04-12T17:14:36.916424;8085e930-b4a0-48bc-9f79-94b71f0ffcc2;7.7431;14.23021213;SELL
2016-04-12T17:14:36.000000;2016-04-12T17:14:36.921405;b701ba45-3325-4913-90d7-074c36b86ba2;7.7422;23.81978787;SELL
2016-04-12T17:14:59.000000;2016-04-12T17:14:59.531668;7398df57-6119-4b7c-9dcf-7c89b3ac54e1;7.7422;0.00302189;SELL
2016-04-12T17:14:59.000000;2016-04-12T17:14:59.545671;babb7b0e-fd9b-4bab-8113-a8d0682d801d;7.72;1.99697811;SELL
2016-04-12T17:15:00.000000;2016-04-12T17:15:00.417750;f431cbc2-090f-4d6e-b8b1-02909d81f39e;7.72;0.00302189;SELL
2016-04-12T17:15:30.000000;2016-04-12T17:15:30.182736;d7c93c8f-73a5-4bd0-935d-d81d3f7e86db;7.69;8.0;SELL
2016-04-12T17:15:30.000000;2016-04-12T17:15:30.184727;18ee19df-d8ed-44fc-91f5-07cc2def52b2;7.69;10.0;SELL
2016-04-12T17:15:56.000000;2016-04-12T17:15:56.252796;c07f72e3-0da7-44c5-ad19-65a1a1602634;7.65;2.0;SELL
2016-04-12T17:15:56.000000;2016-04-12T17:15:56.261836;65479a66-0363-449d-82fc-5c70925c36c4;7.65;10.0;SELL
2016-04-12T17:16:26.000000;2016-04-12T17:16:26.169791;d93fef73-eef6-4bb3-a22f-9a336cb1b474;7.57;97.0958;SELL
2016-04-12T17:16:26.000000;2016-04-12T17:16:26.179795;d1aaf942-4fad-478a-9780-c0ae78b354f5;7.57;11.4;SELL
2016-04-12T17:16:26.000000;2016-04-12T17:16:26.194805;4aae6507-532b-43e7-9859-63fbbc5a764f;7.56;1.6;SELL
2016-04-12T17:16:26.000000;2016-04-12T17:16:26.215806;be3d8991-7600-441c-881e-bfb31d455e6a;7.56;10.0;SELL
2016-04-12T17:16:26.000000;2016-04-12T17:16:26.216801;8709633d-03fd-4ae0-a5b5-9f4b01259ae9;7.56;12.076526;SELL
2016-04-12T17:16:26.000000;2016-04-12T17:16:26.365841;e9a29dbf-cd99-4746-9bf1-ba6e4cf63007;7.56;24.36440175;BUY
2016-04-12T17:16:26.000000;2016-04-12T17:16:26.413831;951ae17b-3b7d-4cfe-96a6-ee73c683cc8e;7.56;11.876784;BUY
2016-04-12T17:16:26.000000;2016-04-12T17:16:26.539842;b0d34ed3-917d-452a-921e-1027b647d133;7.56;124.10356173;BUY
2016-04-12T17:44:35.000000;2016-04-12T17:44:35.079333;361dc821-c5b8-45bb-9796-1d0d21c252e0;7.4501;0.99799368;SELL
2016-04-12T17:49:46.000000;2016-04-12T17:49:46.498390;8b5bec78-4722-486f-b52e-aaa12b92fb59;7.415;10.0;SELL
2016-04-12T17:51:38.000000;2016-04-12T17:51:38.740643;d1b20efc-d418-4e80-9363-46876551d58a;7.425;4.9;BUY
2016-04-12T17:51:38.000000;2016-04-12T17:51:38.749631;ff4fb443-4818-49d9-aaf6-0e6693a00b34;7.425;6.5;BUY
2016-04-12T17:51:38.000000;2016-04-12T17:51:38.758617;6bd8bf53-aad2-415d-8940-6122cd7fce37;7.426;89.53;BUY
2016-04-12T17:58:03.000000;2016-04-12T17:58:03.662104;a500673c-0991-43bc-80ac-16f4d5170662;7.476;77.800962;BUY
2016-04-12T18:01:12.000000;2016-04-12T18:01:12.298296;4d1893c7-5ff4-4916-b95e-43c6e48d9de1;7.5969;2.0;BUY
2016-04-12T18:02:43.000000;2016-04-12T18:02:43.932456;8393f913-337f-4135-babb-66a759fcccc7;7.56;113.98;SELL
2016-04-12T18:02:44.000000;2016-04-12T18:02:44.375526;79b779a3-8d3e-43db-8cec-c671ad018edd;7.56;21.02;SELL
2016-04-12T18:03:42.000000;2016-04-12T18:03:42.793359;8e853c5f-f5e1-41f1-bfc8-64726bd0666f;7.7179;9.97730868;BUY
2016-04-12T18:03:42.000000;2016-04-12T18:03:42.799344;dd92647f-1bfd-4b3c-98b5-48dca111338f;7.72;9.462157;BUY
2016-04-12T18:03:42.000000;2016-04-12T18:03:42.800395;eac3a7ce-8074-4688-8947-5252a90df1c9;7.7431;5.17334556;BUY
2016-04-12T18:03:42.000000;2016-04-12T18:03:42.836374;adfd60db-eb1a-4694-9bc1-afeb03289980;7.8511;5.0;BUY
2016-04-12T18:03:42.000000;2016-04-12T18:03:42.836374;6ec84d2d-78ac-40f6-a730-56bd50cf75db;7.915;20.38718876;BUY
2016-04-12T18:08:07.000000;2016-04-12T18:08:07.341802;f24966ef-c616-4583-97be-8235d4de87be;7.613;0.1;BUY
2016-04-12T18:11:38.000000;2016-04-12T18:11:38.263912;95bc3465-2620-4265-b9c2-916e0bf18b16;7.4873;1.77;SELL
2016-04-12T18:13:53.000000;2016-04-12T18:13:53.801454;d7de05d8-b504-4734-ade1-eaf00b34253a;7.4873;0.00106466;SELL
2016-04-12T18:14:06.000000;2016-04-12T18:14:06.565744;a2990366-d377-4111-8989-60f3bf47e763;7.452;4.7357;SELL
2016-04-12T18:14:06.000000;2016-04-12T18:14:06.570722;ffb779bb-3769-4b02-a4e1-a216e1842f3b;7.4441;1.7813426;SELL
2016-04-12T18:14:06.000000;2016-04-12T18:14:06.572723;f32edbcb-c7f6-441e-8de7-941f8f980882;7.4301;1.78469905;SELL
2016-04-12T18:14:06.000000;2016-04-12T18:14:06.607715;18479d33-5e4a-481e-85c7-9e574175bdd0;7.4301;0.37211599;SELL
2016-04-12T18:15:06.000000;2016-04-12T18:15:06.094660;7d2538d8-0021-4261-8099-ade3beeba6ab;7.4301;1.41258306;SELL
2016-04-12T18:15:06.000000;2016-04-12T18:15:06.110669;2b2f0b5c-4584-465b-acf1-ca838ef7ec69;7.419;10.0;SELL
2016-04-12T18:15:06.000000;2016-04-12T18:15:06.113689;e36edfc8-99f0-425f-ba91-4c3f19d77aae;7.415;0.5740002;SELL
2016-04-12T18:15:06.000000;2016-04-12T18:15:06.147677;c1bf5c48-b0ed-4203-b58b-04945da9fdb9;7.411;5.0;SELL
2016-04-12T18:15:06.000000;2016-04-12T18:15:06.147677;ccdd6157-559d-4572-8974-12d1b2d70a6f;7.401;8.68991612;SELL
2016-04-12T18:17:47.000000;2016-04-12T18:17:47.317797;98886b23-7343-4fb3-8835-53b03a121346;7.4629;0.90386384;BUY
2016-04-12T18:17:47.000000;2016-04-12T18:17:47.340797;0f1c8b04-63a8-4b45-beda-597bfe85e1a3;7.4629;1.76195182;BUY
2016-04-12T18:17:47.000000;2016-04-12T18:17:47.365793;35ed17ac-1268-496e-820f-8f386f5bb8eb;7.463;0.90329522;BUY
2016-04-12T18:18:45.000000;2016-04-12T18:18:45.721635;94bfa805-2935-49d3-8101-178f7ce508c0;7.4;2.69332405;SELL
2016-04-12T18:19:05.000000;2016-04-12T18:19:05.393607;12d839e3-da26-45aa-ac5b-917323bb87a7;7.4;78.12520195;SELL
2016-04-12T18:19:17.000000;2016-04-12T18:19:17.309788;40061b88-51ee-4df3-994b-b65abf572d54;7.4;8.07701252;SELL
2016-04-12T18:19:17.000000;2016-04-12T18:19:17.776854;e4a43095-2efb-4ba9-8306-cc1e3b68c043;7.4;2.69332427;SELL
2016-04-12T18:19:17.000000;2016-04-12T18:19:17.826853;3fd5d48d-a5d4-4cb1-a7a7-f9cf861e0835;7.4;2.69332427;SELL
2016-04-12T18:19:17.000000;2016-04-12T18:19:17.924862;492f922d-41b2-4525-86e6-9f4c0de931d0;7.4;2.69332427;SELL
2016-04-12T18:19:18.000000;2016-04-12T18:19:18.549914;27bf4990-20d6-4323-a385-17e6c01ef40a;7.4;8.07701252;SELL
2016-04-12T18:19:18.000000;2016-04-12T18:19:18.603910;c870215f-2b78-4a39-ac96-bc8eca817e38;7.4;3.19582772;SELL
2016-04-12T18:19:18.000000;2016-04-12T18:19:18.749934;a9a084b2-ece5-491e-9c69-b4529085b2d8;7.4;3.81756151;SELL
2016-04-12T18:19:19.000000;2016-04-12T18:19:19.807051;2b7a3fbe-0261-44c2-9ec9-f89c433659f6;7.4;2.69332427;SELL
2016-04-12T18:19:19.000000;2016-04-12T18:19:19.833029;08cdc746-b7d7-4ef6-8cac-8f52748b4a76;7.4;3.81756151;SELL
2016-04-12T18:19:23.000000;2016-04-12T18:19:23.645410;f6e47883-dd4f-4fba-83dd-e8e1bb77f684;7.4;3.13817506;SELL
2016-04-12T18:19:24.000000;2016-04-12T18:19:24.597508;a4b85b49-d2a2-40a0-a117-585ea106a146;7.4;1.79554913;SELL
2016-04-12T18:19:25.000000;2016-04-12T18:19:25.703627;1462082a-ee71-43fd-b5d0-72f92882f385;7.4;3.13817506;SELL
2016-04-12T18:19:26.000000;2016-04-12T18:19:26.237666;67ba34ec-bfe5-4e3c-a4bd-5a5eb2d4946c;7.4;1.79554913;SELL
2016-04-12T18:19:31.000000;2016-04-12T18:19:32.037263;f4e7accf-1e8d-459d-a271-8d5ca492f1a1;7.4;1.79554913;SELL
2016-04-12T18:19:32.000000;2016-04-12T18:19:32.364298;e43df028-6b21-41da-bf8c-cee24fbcd846;7.4;1.9996;SELL
2016-04-12T18:19:33.000000;2016-04-12T18:19:33.896435;f6719413-bdc8-4858-ab3f-2cf7ca7f9ea1;7.4;1.9996;SELL
2016-04-12T18:19:34.000000;2016-04-12T18:19:34.191501;0933e827-49ef-4262-9ce9-aa44c01c1814;7.4;1.79554913;SELL
2016-04-12T18:19:35.000000;2016-04-12T18:19:35.104596;a8b87e84-4da8-42e0-8fd2-c2d9cbf8aaf9;7.4;1.79554913;SELL
2016-04-12T18:19:36.000000;2016-04-12T18:19:36.907761;9ef99b88-9e5d-4b9d-ae97-143a1995a0af;7.4;1.79554913;SELL
2016-04-12T18:19:38.000000;2016-04-12T18:19:38.542951;45afd1e6-ded8-4feb-8d34-5a8aaca5df52;7.4;1.79554913;SELL
2016-04-12T18:19:39.000000;2016-04-12T18:19:39.368027;38ea2fba-d000-4dbd-a219-f320f0b02669;7.4;2.69332427;SELL
2016-04-12T18:19:39.000000;2016-04-12T18:19:39.404997;f8db422d-c84e-4b60-a15f-ec5a43994928;7.4;1.79878759;SELL
2016-04-12T18:19:39.000000;2016-04-12T18:19:39.839031;fb6a8160-da0d-49d6-860f-78c661189d2f;7.4;1.79878759;SELL
2016-04-12T18:19:39.000000;2016-04-12T18:19:39.880042;8d722dee-34eb-4b9c-8a67-ad5607588fa3;7.4;1.81302249;SELL
2016-04-12T18:19:39.000000;2016-04-12T18:19:39.912047;a1185073-d3c2-413d-a187-3264585e94e1;7.4;64.31638517;SELL
2016-04-12T18:20:32.000000;2016-04-12T18:20:32.244276;352bb558-4cd4-42e1-ab5b-66a9052cccfa;7.347;8.69;SELL
2016-04-12T18:20:32.000000;2016-04-12T18:20:32.263276;68d4a1af-66b3-4663-a028-c53548a5bab1;7.311;5.0;SELL
2016-04-12T18:20:32.000000;2016-04-12T18:20:32.271279;d0d51896-de71-4f10-9be0-de5a9473a24c;7.31;3.5886;SELL
2016-04-12T18:20:32.000000;2016-04-12T18:20:32.300283;433b8d3a-280f-4bb5-97a1-18350f56ae99;7.29;0.2;SELL
2016-04-12T18:20:32.000000;2016-04-12T18:20:32.300283;ef6280a8-c96d-4a01-b51d-1644d9c07531;7.29;8.988437;SELL
2016-04-12T18:20:32.000000;2016-04-12T18:20:32.300283;ea256744-50cc-4778-9eca-243145ca88f1;7.2756;91.532963;SELL
2016-04-12T18:20:49.000000;2016-04-12T18:20:50.030057;47711259-76e1-454b-86fa-a9f7bff4bfd0;7.3111;5.0;SELL
2016-04-12T18:20:49.000000;2016-04-12T18:20:50.294085;cf1aa4c9-d7f9-4e86-b605-5166273b531d;7.2756;1.0;SELL
2016-04-12T18:20:53.000000;2016-04-12T18:20:53.233379;fc6fad73-3ceb-49a5-ac79-2575f70c7158;7.3111;1.95125457;BUY
2016-04-12T18:20:55.000000;2016-04-12T18:20:55.410611;078b3e85-9594-4968-959b-2d5915b9c263;7.2756;2.0;SELL
2016-04-12T18:21:15.000000;2016-04-12T18:21:15.607611;4d4fbb1d-28b1-4e2d-a741-3dc43cd1c1e3;7.3359;0.78841555;BUY
2016-04-12T18:21:18.000000;2016-04-12T18:21:18.361889;6ebd4ae0-caef-456b-8561-9047886b2959;7.335;2.7113875;BUY
2016-04-12T18:21:18.000000;2016-04-12T18:21:18.403891;0f5ccf4a-7974-45b2-87ae-24244b950295;7.335;0.78841555;BUY
2016-04-12T18:21:25.000000;2016-04-12T18:21:25.675641;a9f5e857-d7d9-4b9f-84fe-79cdb954b6dd;7.2756;5.467037;SELL
2016-04-12T18:21:25.000000;2016-04-12T18:21:25.690644;424753a9-fa6a-4559-b680-88b481e192f4;7.2751;1.09749086;SELL
2016-04-12T18:21:25.000000;2016-04-12T18:21:25.692663;8e387396-dbf6-4d85-a30e-5e85df7f764d;7.275;27.2059322;SELL
2016-04-12T18:21:25.000000;2016-04-12T18:21:25.726625;b9e03076-f6f8-42c8-a633-404e7c1e199d;7.227;6.22953994;SELL
2016-04-12T18:21:57.000000;2016-04-12T18:21:57.315791;73385374-c10e-4a54-8c96-27b5fed79e52;7.325;1.95125457;BUY
2016-04-12T18:22:53.000000;2016-04-12T18:22:53.994452;11603d15-f562-4f82-a83c-b07d7dac879f;7.325;5.0;BUY
2016-04-12T18:25:04.000000;2016-04-12T18:25:04.942548;6a3ba788-82b6-4f80-9583-663b3ddcfeff;7.2801;7.16800242;SELL
2016-04-12T18:25:45.000000;2016-04-12T18:25:45.309583;a1c91e50-76ed-4bc7-91e9-cf192161e300;7.2501;4.5341709;SELL
2016-04-12T18:25:49.000000;2016-04-12T18:25:49.334978;85811dc6-4980-47b7-a6c3-3af2b0963773;7.2501;4.50343559;SELL
2016-04-12T18:25:56.000000;2016-04-12T18:25:56.141664;02edb495-edb8-4059-a83d-e110f6bc9ba3;7.2501;1.26721783;SELL
2016-04-12T18:25:56.000000;2016-04-12T18:25:56.703739;40c87772-02da-494f-bf93-549e682a8268;7.2501;1.25898678;BUY
2016-04-12T18:25:58.000000;2016-04-12T18:25:58.365883;4942814a-4d30-47cf-90c5-aa5468e4393f;7.25;4.56299558;SELL
2016-04-12T18:26:02.000000;2016-04-12T18:26:02.709342;df6dd251-00be-4714-9f7e-33a0495500e2;7.25;0.99537206;SELL
2016-04-12T18:26:06.000000;2016-04-12T18:26:06.730769;2046a7d6-b868-4b92-8d4f-0a3cebdaf3f8;7.25;0.99537206;SELL
2016-04-12T18:26:08.000000;2016-04-12T18:26:08.862941;d75a072a-bf88-41c9-adf4-355f8bc55ed2;7.25;3.4462603;SELL
2016-04-12T18:27:37.000000;2016-04-12T18:27:37.307770;c5a813b3-e8d9-4c80-a4b1-6028ed579f64;7.23;1.696497;SELL
2016-04-12T18:27:41.000000;2016-04-12T18:27:42.002244;97c6f7e2-63d7-4b1a-9b75-c84460407f2d;7.226;3.48291869;SELL
2016-04-12T18:27:50.000000;2016-04-12T18:27:50.629115;706a63be-04b3-404f-8fef-49203cf62136;7.226;3.48291869;SELL
2016-04-12T18:27:54.000000;2016-04-12T18:27:54.117470;91282edf-dcac-48bc-aaab-e879f151dae4;7.226;1.87416262;SELL
2016-04-12T18:28:03.000000;2016-04-12T18:28:03.036358;4300a3db-618f-455a-8025-d5911022de3b;7.246;100.0;BUY
2016-04-12T18:29:10.000000;2016-04-12T18:29:10.669125;85fabb88-05e5-4567-8f4b-518655749780;7.211;0.36552;SELL
2016-04-12T18:29:54.000000;2016-04-12T18:29:54.168467;db3a9d2e-728b-4d3a-b238-13c5371b5796;7.211;0.59624043;SELL
2016-04-12T18:30:28.000000;2016-04-12T18:30:28.059860;d05316b7-b163-41bb-88e8-a4011eac8919;7.211;0.18276;SELL
2016-04-12T18:31:44.000000;2016-04-12T18:31:44.808841;c0ff6a15-e640-47c2-a067-446501bd7554;7.211;2.35257957;SELL
2016-04-12T18:31:44.000000;2016-04-12T18:31:44.824831;9f2636ac-5953-4cc4-8cc5-d0aedf812e44;7.211;2.48651376;SELL
2016-04-12T18:32:04.000000;2016-04-12T18:32:04.588802;51aa7540-7077-47be-8233-1dcdb29bce40;7.211;0.67606549;SELL
2016-04-12T18:34:42.000000;2016-04-12T18:34:42.880626;46d320c9-8a03-498e-89ad-fb3564e9bacb;7.25;0.64025534;BUY
2016-04-12T18:34:42.000000;2016-04-12T18:34:42.917672;eedc5f7c-55c9-4356-a51c-c2007c782a23;7.25;3.4462603;BUY
2016-04-12T18:34:42.000000;2016-04-12T18:34:42.927629;28377814-7153-4252-b987-e88762e73d89;7.2501;1.91348436;BUY
2016-04-12T18:35:38.000000;2016-04-12T18:35:38.488211;1e47e1a2-7f53-47a0-94ab-5cc1990e3ed0;7.2501;0.82411419;BUY
2016-04-12T18:35:45.000000;2016-04-12T18:35:45.067870;1e5768b4-4d38-4d21-9093-3cdead66a5e5;7.397;98.85;BUY
2016-04-12T18:35:50.000000;2016-04-12T18:35:50.805438;f128cb56-2c81-4fa0-994b-37cbeaddd68a;7.396;12.55;BUY
2016-04-12T18:35:51.000000;2016-04-12T18:35:51.856531;1bc83d5e-5c4b-4780-9ae9-128ebdef470b;7.396;14.53;BUY
2016-04-12T18:35:52.000000;2016-04-12T18:35:52.710602;16e3dd13-247c-4b4c-ac6e-ebf47a4461f3;7.396;75.7583;BUY
2016-04-12T18:35:52.000000;2016-04-12T18:35:52.717634;db90abec-2c5b-4d56-8a32-a0004b91b83d;7.396;2.18497313;BUY
2016-04-12T18:35:52.000000;2016-04-12T18:35:52.730641;11f7ab31-e6ec-457e-8dd8-45f4b09fb583;7.397;0.9;BUY
2016-04-12T18:35:52.000000;2016-04-12T18:35:52.754602;7e65d38b-3759-4ec1-8bde-4751bf360cf5;7.4;1.0;BUY
2016-04-12T18:35:52.000000;2016-04-12T18:35:52.754602;d57c6f3f-44a3-429c-b827-85137e787fab;7.4;7.155038;BUY
2016-04-12T18:35:54.000000;2016-04-12T18:35:54.439777;39bd0730-a4b8-4d05-8b1b-71e1a5146253;7.4;49.6;SELL
2016-04-12T18:35:55.000000;2016-04-12T18:35:55.641893;f30156f0-4903-4e98-a30d-3a8016a8a629;7.4;2.49972363;BUY
2016-04-12T18:35:55.000000;2016-04-12T18:35:55.642899;b8d63e51-d448-4524-8b6b-33b0631711be;7.4;0.66608608;BUY
2016-04-12T18:35:55.000000;2016-04-12T18:35:55.927931;830c79b7-1cf3-4f0f-93f9-614651e3d22e;7.4;9.732818;SELL
2016-04-12T18:35:56.000000;2016-04-12T18:35:56.338976;fe1bdebc-899d-494e-ac5e-3782c17e9dec;7.4;56.10894899;SELL
2016-04-12T18:35:57.000000;2016-04-12T18:35:57.982191;32678507-b48e-4ab0-af9f-cc532abb4a4a;7.4;2.50496521;SELL
2016-04-12T18:35:58.000000;2016-04-12T18:35:58.970269;7691af11-eaf8-4b70-8a34-df7eff1b368b;7.4;11.589938;SELL
2016-04-12T18:35:59.000000;2016-04-12T18:35:59.401299;ad6839ff-ca48-4893-9639-7634a86b8029;7.4;0.9322552;SELL
2016-04-12T18:35:59.000000;2016-04-12T18:35:59.773324;76c06606-58aa-4e92-89c9-f4bd832a2085;7.4;3.58255366;SELL
2016-04-12T18:35:59.000000;2016-04-12T18:35:59.814322;bbc36f4d-0e45-4795-8da4-c6d0894d0a68;7.4;1.57271123;SELL
2016-04-12T18:36:01.000000;2016-04-12T18:36:01.919527;ded6cfee-90cc-4f99-89cb-e9d14a89c2fa;7.4;4.51;BUY
2016-04-12T18:36:16.000000;2016-04-12T18:36:16.779016;9533bcad-b6a3-41ee-9a12-bf70faf2fa76;7.293;10.0;SELL
2016-04-12T18:36:24.000000;2016-04-12T18:36:24.175774;6d5df67c-a96f-4963-b2e6-937ed30c8f88;7.396;91.56;BUY
2016-04-12T18:36:24.000000;2016-04-12T18:36:24.812826;f63f54d8-95fd-4cec-89c9-58ee62bd1dd0;7.4;0.00480775;BUY
2016-04-12T18:36:24.000000;2016-04-12T18:36:24.820822;f1419f0f-e571-4a90-9352-5e5757ea309d;7.4;8.544951;BUY
2016-04-12T18:36:24.000000;2016-04-12T18:36:25.012838;06a04b96-033e-4a6c-8d7a-f68db40236f0;7.4;6.40903132;SELL
2016-04-12T18:36:25.000000;2016-04-12T18:36:25.282919;6e027ef6-ecca-4aef-a71e-b3cb5aba8f44;7.4;1.17941561;SELL
2016-04-12T18:36:25.000000;2016-04-12T18:36:25.437892;2b275de3-5ef1-4768-81ce-df9d40219da4;7.4;58.60865525;SELL
2016-04-12T18:36:25.000000;2016-04-12T18:36:25.602899;0e07999e-01c8-4f0e-9c6a-e03c1e027246;7.4;1.00017374;SELL
2016-04-12T18:36:25.000000;2016-04-12T18:36:25.799919;380f575a-ab8f-4a15-b1c9-00830d5cf3cc;7.4;1.46247535;SELL
2016-04-12T18:36:26.000000;2016-04-12T18:36:26.186952;af0113fc-11b6-4f72-87cb-5fafc4c0e685;7.4;1.01429742;SELL
