time_exchange;time_coinpai;guid;price;base_amount;taker_side
2016-04-12T00:02:33.000000;2016-04-12T00:02:33.000000;07dc8c44-a616-4af4-bf24-ad602555cfad;423.88;1.05523963;UNKNOWN
2016-04-12T00:02:33.000000;2016-04-12T00:02:33.000000;b8ed27dd-fd5a-48f6-9da6-f5f1e27e4cb9;423.75;18.94476037;UNKNOWN
2016-04-12T00:02:56.000000;2016-04-12T00:02:56.000000;b47aba76-adfd-4841-ae75-a09f569ea3ae;423.86;0.03432498;UNKNOWN
2016-04-12T00:02:56.000000;2016-04-12T00:02:56.000000;cf027e8e-4f95-435b-b019-1f89025d5fe3;423.56;0.02039134;UNKNOWN
2016-04-12T00:03:26.000000;2016-04-12T00:03:26.000000;29c17ae1-1a93-45e9-90f5-d0e10db3747f;423.87;0.01;UNKNOWN
2016-04-12T00:03:26.000000;2016-04-12T00:03:26.000000;61383be4-c6bd-4315-be14-4270f30a0b2c;423.56;0.01284178;UNKNOWN
2016-04-12T00:03:27.000000;2016-04-12T00:03:27.000000;310e2258-812a-43c2-b22d-d3ff95950cc2;423.89;1.0;UNKNOWN
2016-04-12T00:03:27.000000;2016-04-12T00:03:27.000000;bc81fcda-91e6-4efa-b2b5-c4bf4696b6ba;423.88;12.75792359;UNKNOWN
2016-04-12T00:03:27.000000;2016-04-12T00:03:27.000000;ea62106a-abc2-4c04-8946-6ead53d29ba2;423.9;7.42327641;UNKNOWN
2016-04-12T00:03:27.000000;2016-04-12T00:03:27.000000;5468e0d0-c113-4ef2-bdcb-c2d644e94219;423.88;26.5506;UNKNOWN
2016-04-12T00:05:23.000000;2016-04-12T00:05:23.000000;893d45bc-92a5-4468-9941-2f45c6c460a0;423.89;0.236;UNKNOWN
2016-04-12T00:05:26.000000;2016-04-12T00:05:26.000000;49b9694d-276e-4243-9e18-a7acf73ac948;423.88;0.01;UNKNOWN
2016-04-12T00:05:26.000000;2016-04-12T00:05:26.000000;8b49f8f4-7d28-4f3d-9413-a91cddd45ea2;423.81;0.13296269;UNKNOWN
2016-04-12T00:06:09.000000;2016-04-12T00:06:09.000000;10b357e2-66be-435d-8a16-56f9b2b7d098;423.9;1.08456285;UNKNOWN
2016-04-12T00:06:34.000000;2016-04-12T00:06:34.000000;c6f74d97-a68f-4af9-960e-9d9a06ba0bbb;423.9;1.1;UNKNOWN
2016-04-12T00:07:18.000000;2016-04-12T00:07:18.000000;0c41b846-75ca-48aa-9d72-c7ec97fed9e9;423.9;1.0;UNKNOWN
2016-04-12T00:07:46.000000;2016-04-12T00:07:46.000000;2a5d6faa-e57f-40ef-9935-6b7509b71852;423.81;0.44728231;UNKNOWN
2016-04-12T00:07:46.000000;2016-04-12T00:07:46.000000;390fbabb-c086-43c7-b0fb-af68b82e92e5;423.78;0.04896617;UNKNOWN
2016-04-12T00:07:46.000000;2016-04-12T00:07:46.000000;7dc21d28-943b-4233-aa43-050a53df8f0a;423.89;0.01;UNKNOWN
2016-04-12T00:07:47.000000;2016-04-12T00:07:47.000000;b9caf495-d15f-438c-b3f7-3d1ed7aeea08;423.78;0.50554495;UNKNOWN
2016-04-12T00:08:10.000000;2016-04-12T00:08:10.000000;942cadf0-355e-4d9b-a795-56228cfb251d;423.89;0.01;UNKNOWN
2016-04-12T00:08:11.000000;2016-04-12T00:08:11.000000;6c60fdaf-704d-4b94-966e-f2a566765b6c;423.9;1.0;UNKNOWN
2016-04-12T00:08:14.000000;2016-04-12T00:08:14.000000;6641bf18-c8ed-4543-996c-abafddd600f8;423.78;0.21274473;UNKNOWN
2016-04-12T00:09:08.000000;2016-04-12T00:09:08.000000;c3ee41ab-022d-4164-a7e5-a97755183fb7;423.78;2.33052926;UNKNOWN
2016-04-12T00:09:14.000000;2016-04-12T00:09:14.000000;5133ea63-367c-4974-9779-84b0bccb3095;423.9;0.05471632;UNKNOWN
2016-04-12T00:09:28.000000;2016-04-12T00:09:28.000000;2aca133a-372c-4085-a001-14b770f56b8b;423.9;0.70811589;UNKNOWN
2016-04-12T00:09:28.000000;2016-04-12T00:09:28.000000;39fa032a-be27-4f97-998c-3be0bd46af4b;423.9;0.29188411;UNKNOWN
2016-04-12T00:09:45.000000;2016-04-12T00:09:45.000000;db083771-4ead-4150-8a6f-48798d47c8ac;423.9;0.70811589;UNKNOWN
2016-04-12T00:09:45.000000;2016-04-12T00:09:45.000000;a4d11086-c4f1-4a02-b26f-17a5a5ae0456;423.95;0.29188411;UNKNOWN
2016-04-12T00:09:51.000000;2016-04-12T00:09:51.000000;413f2e39-4585-4f55-b1fa-25fb48d70e6a;424.0;4.86041341;UNKNOWN
2016-04-12T00:09:51.000000;2016-04-12T00:09:51.000000;5a8f2fa7-11d7-44e1-bddd-010f22e64fc8;424.0;0.01;UNKNOWN
2016-04-12T00:09:51.000000;2016-04-12T00:09:51.000000;f8aad53e-0406-4aa7-ac29-730b521b219f;423.99;9.99;UNKNOWN
2016-04-12T00:09:51.000000;2016-04-12T00:09:51.000000;1b67f9a3-a524-4b50-800a-f0c84e3dba17;424.0;7.0;UNKNOWN
2016-04-12T00:09:51.000000;2016-04-12T00:09:51.000000;b92278f8-8e17-4d16-954d-a78ccb9a7787;424.0;3.5;UNKNOWN
2016-04-12T00:09:51.000000;2016-04-12T00:09:51.000000;c47201f2-f783-474d-ad30-a34b10149d9c;423.95;3.23388659;UNKNOWN
2016-04-12T00:09:51.000000;2016-04-12T00:09:51.000000;c69e5aae-45f9-4492-a2f9-efe7143ba442;423.99;0.7;UNKNOWN
2016-04-12T00:09:51.000000;2016-04-12T00:09:51.000000;6f3206af-a95d-416b-8409-3d1f793ee756;424.0;0.1;UNKNOWN
2016-04-12T00:09:51.000000;2016-04-12T00:09:51.000000;5b34c8da-3846-4bd3-884f-4e8bfe7472fd;424.0;19.99;UNKNOWN
2016-04-12T00:09:51.000000;2016-04-12T00:09:51.000000;135652e5-f18e-4f26-902d-4c8b5ed82a9d;423.99;1.3;UNKNOWN
2016-04-12T00:09:51.000000;2016-04-12T00:09:51.000000;2d86ce66-11d8-4179-b9af-fe7e4375b4f2;424.0;0.3157;UNKNOWN
2016-04-12T00:09:51.000000;2016-04-12T00:09:51.000000;41d80e7d-5a4f-46ae-8ded-fe02358c0c4c;424.0;1.0;UNKNOWN
2016-04-12T00:10:04.000000;2016-04-12T00:10:04.000000;7dee4f53-6b4e-4545-94b1-59e6817c156c;423.98;0.0532;UNKNOWN
2016-04-12T00:10:18.000000;2016-04-12T00:10:18.000000;3fa2ef9b-ec4a-431c-87e8-1f256ef79302;424.0;0.48929278;UNKNOWN
2016-04-12T00:10:27.000000;2016-04-12T00:10:27.000000;9b7846da-0603-4cbf-9277-1191c2c76078;424.0;1.0;UNKNOWN
2016-04-12T00:10:29.000000;2016-04-12T00:10:29.000000;37f83460-856b-4237-85a5-dcfa22042629;424.0;63.2506;UNKNOWN
2016-04-12T00:10:31.000000;2016-04-12T00:10:31.000000;47ef2936-31d0-4515-822f-838787096ef8;424.0;0.1;UNKNOWN
2016-04-12T00:10:31.000000;2016-04-12T00:10:31.000000;9c8ad7f1-41b4-49f2-bb69-5cea8261c7da;424.0;2.33854803;UNKNOWN
2016-04-12T00:10:31.000000;2016-04-12T00:10:31.000000;94bc2cbc-c974-4925-a496-91f0a9de4048;424.0;0.0900196;UNKNOWN
2016-04-12T00:10:31.000000;2016-04-12T00:10:31.000000;3180badc-792b-4267-a2ba-5830a00bc5d0;424.0;0.05012;UNKNOWN
2016-04-12T00:10:31.000000;2016-04-12T00:10:31.000000;a77d73c8-2d12-474b-a86c-e0824ed8d0a0;424.0;0.3319;UNKNOWN
2016-04-12T00:10:31.000000;2016-04-12T00:10:31.000000;0a9ce5cf-0cc2-4e98-84e4-e43c1bd59c25;424.0;1.0;UNKNOWN
2016-04-12T00:10:31.000000;2016-04-12T00:10:31.000000;47d4cb85-ad35-43c7-95bd-ced00e59e7de;424.0;30.38969381;UNKNOWN
2016-04-12T00:10:31.000000;2016-04-12T00:10:31.000000;4e51c79a-fe9f-4c97-a8a4-6f23b3b3e7f8;424.0;0.2;UNKNOWN
2016-04-12T00:10:31.000000;2016-04-12T00:10:31.000000;783d53e5-af03-442b-a456-88a7b5d7642a;424.0;2.0;UNKNOWN
2016-04-12T00:10:37.000000;2016-04-12T00:10:37.000000;da6dedce-ade4-4122-94f0-48f07fbdb248;424.19;0.25;UNKNOWN
2016-04-12T00:10:37.000000;2016-04-12T00:10:37.000000;33c79cb3-d2a0-4903-a78a-30cde8911f37;424.19;6.0;UNKNOWN
2016-04-12T00:10:37.000000;2016-04-12T00:10:37.000000;4a07ff5c-2074-4caa-8114-9dd08d2957e9;424.16;0.064217;UNKNOWN
2016-04-12T00:10:37.000000;2016-04-12T00:10:37.000000;3da30c62-0d6c-400d-9443-1de83d08d9f1;424.19;1.454023;UNKNOWN
2016-04-12T00:10:37.000000;2016-04-12T00:10:37.000000;304cad5b-94c0-4267-9282-9efd2ad53640;424.13;0.0499;UNKNOWN
2016-04-12T00:10:37.000000;2016-04-12T00:10:37.000000;d17bc39b-0381-47e5-a998-d90a240da40d;424.19;0.18186;UNKNOWN
2016-04-12T00:10:42.000000;2016-04-12T00:10:42.000000;46f958a9-49a2-45a8-82f9-1cc293a0be78;424.2;0.08;UNKNOWN
2016-04-12T00:10:55.000000;2016-04-12T00:10:55.000000;a1b1d3bf-f7f9-44f3-854a-e944cb1c14f3;424.21;0.25;UNKNOWN
2016-04-12T00:11:07.000000;2016-04-12T00:11:07.000000;cf65cc11-e568-49d3-8546-d16799dca84b;424.23;0.014;UNKNOWN
2016-04-12T00:11:19.000000;2016-04-12T00:11:19.000000;d4f99aaf-d356-4722-a057-d7b560329e6e;424.24;0.02022386;UNKNOWN
2016-04-12T00:11:25.000000;2016-04-12T00:11:25.000000;0b65b6b7-0761-4ec2-a8fc-92cffcf034da;424.5;0.0776664;UNKNOWN
2016-04-12T00:11:25.000000;2016-04-12T00:11:25.000000;49470d8f-be4d-4718-9408-59610eae9719;424.5;0.047;UNKNOWN
2016-04-12T00:11:25.000000;2016-04-12T00:11:25.000000;c645e69d-6146-4486-8fff-3df95e72be70;424.5;0.01;UNKNOWN
2016-04-12T00:11:25.000000;2016-04-12T00:11:25.000000;b6fb136a-9c03-4ade-902b-41929730bb32;424.5;0.12001;UNKNOWN
2016-04-12T00:11:25.000000;2016-04-12T00:11:25.000000;fa48acd6-a148-488b-ad07-7a1c4fd79abf;424.36;0.25;UNKNOWN
2016-04-12T00:11:25.000000;2016-04-12T00:11:25.000000;c3c0d29b-6d0f-4672-b7a8-cec6c0a54e32;424.47;0.061061;UNKNOWN
2016-04-12T00:11:25.000000;2016-04-12T00:11:25.000000;2154d799-e2ef-445e-8065-346a47ee9ecd;424.5;10.0;UNKNOWN
2016-04-12T00:11:25.000000;2016-04-12T00:11:25.000000;9f5fef4f-5a3f-42f2-b382-5785d7799d51;424.25;2.495;UNKNOWN
2016-04-12T00:11:25.000000;2016-04-12T00:11:25.000000;b9b6f3ef-4bd7-490a-85fd-9ae96ec73dbd;424.49;9.99;UNKNOWN
2016-04-12T00:11:25.000000;2016-04-12T00:11:25.000000;ca7175d5-96b9-4a58-9890-8efa480b8621;424.48;0.2;UNKNOWN
2016-04-12T00:11:25.000000;2016-04-12T00:11:25.000000;067117e3-ee8a-479a-987d-e17cda6f92f8;424.5;0.25;UNKNOWN
2016-04-12T00:11:25.000000;2016-04-12T00:11:25.000000;f74d6473-276f-4efa-abc4-855c7e80d96b;424.5;0.25;UNKNOWN
2016-04-12T00:11:25.000000;2016-04-12T00:11:25.000000;0db25e01-9fa6-43eb-9f3a-7eb2bf89db17;424.48;0.2;UNKNOWN
2016-04-12T00:11:25.000000;2016-04-12T00:11:25.000000;110431aa-aad7-4fc1-90c5-f95c33605bca;424.34;0.25;UNKNOWN
2016-04-12T00:11:25.000000;2016-04-12T00:11:25.000000;9e9b5e62-044d-4bf8-ab63-d22b492c7d9e;424.49;1.0;UNKNOWN
2016-04-12T00:11:35.000000;2016-04-12T00:11:35.000000;0476fbb3-4cbb-4755-9a38-290431a7dbcb;424.54;0.01;UNKNOWN
2016-04-12T00:11:39.000000;2016-04-12T00:11:39.000000;dbe789b4-dd30-45ba-8381-8f7c5ef0160c;424.72;0.1;UNKNOWN
2016-04-12T00:11:39.000000;2016-04-12T00:11:39.000000;e56e8daa-7ce5-4da8-8ae6-0c5e47e0df02;424.75;0.25;UNKNOWN
2016-04-12T00:11:39.000000;2016-04-12T00:11:39.000000;98a159f7-5071-45c6-9f70-d63a88f46ace;424.74;0.06301938;UNKNOWN
2016-04-12T00:11:39.000000;2016-04-12T00:11:39.000000;3f793534-474f-4f33-aee3-499320c915fb;424.75;0.14900614;UNKNOWN
2016-04-12T00:11:39.000000;2016-04-12T00:11:39.000000;6e36e8df-f6ff-4605-bbc0-b87c37ac49b8;424.71;0.34970127;UNKNOWN
2016-04-12T00:11:39.000000;2016-04-12T00:11:39.000000;7f5f20f9-1934-41d9-9c9d-6cf380bc53ed;424.61;0.25;UNKNOWN
2016-04-12T00:11:39.000000;2016-04-12T00:11:39.000000;f040bf51-5eb0-4472-a166-a38e9dc02724;424.77;0.01;UNKNOWN
2016-04-12T00:11:39.000000;2016-04-12T00:11:39.000000;73ea63d7-07fc-4e55-8207-329086f20b76;424.85;14.32647321;UNKNOWN
2016-04-12T00:11:39.000000;2016-04-12T00:11:39.000000;66adb000-875a-47b0-b923-31c4036c3dc7;424.69;12.4218;UNKNOWN
2016-04-12T00:11:39.000000;2016-04-12T00:11:39.000000;9a0c878d-5ff5-477e-b69c-84dacbd3925d;424.84;3.95;UNKNOWN
2016-04-12T00:11:39.000000;2016-04-12T00:11:39.000000;c95793bd-397c-40bb-8e67-ec65fe73fd74;424.8;10.0;UNKNOWN
2016-04-12T00:11:39.000000;2016-04-12T00:11:39.000000;a7dc4129-112d-445f-9617-2dedf3b3d2d3;424.77;0.5;UNKNOWN
2016-04-12T00:11:39.000000;2016-04-12T00:11:39.000000;67b14e91-a8db-4e50-806b-cef95119745c;424.7;0.63;UNKNOWN
2016-04-12T00:11:39.000000;2016-04-12T00:11:39.000000;13b390e9-d73f-4428-a736-334c143e8081;424.76;2.0;UNKNOWN
2016-04-12T00:11:40.000000;2016-04-12T00:11:40.000000;c92272f3-a66f-41ea-93a9-c1891f25cfe1;424.85;2.0;UNKNOWN
2016-04-12T00:11:42.000000;2016-04-12T00:11:42.000000;e7be894f-7144-4c28-a075-4daf37aeae43;424.85;7.0649;UNKNOWN
2016-04-12T00:11:43.000000;2016-04-12T00:11:43.000000;b0050746-7f16-4c2c-af74-704c5221d673;424.56;0.0532;UNKNOWN
2016-04-12T00:11:45.000000;2016-04-12T00:11:45.000000;e3ed8ae2-2166-40aa-aad0-b3ebd3abb646;424.85;2.0;UNKNOWN
2016-04-12T00:11:48.000000;2016-04-12T00:11:48.000000;3a2f6369-d5a3-4571-af18-7440017dd025;424.85;5.0;UNKNOWN
2016-04-12T00:11:49.000000;2016-04-12T00:11:49.000000;b4662ec5-ec2f-4c42-b30d-72786bb5743a;424.85;1.0;UNKNOWN
2016-04-12T00:11:49.000000;2016-04-12T00:11:49.000000;55d07908-78e0-4488-aaaf-0121e2531a42;424.85;10.0;UNKNOWN
2016-04-12T00:11:50.000000;2016-04-12T00:11:50.000000;1272e00f-a5f5-4c05-a6f2-ac76aee21c20;424.84;0.05450049;UNKNOWN
2016-04-12T00:12:00.000000;2016-04-12T00:12:00.000000;e79baabf-e1e0-4180-82a7-68922f1532ed;424.84;0.0622231;UNKNOWN
2016-04-12T00:12:01.000000;2016-04-12T00:12:01.000000;5a940485-f0bd-48d1-afb2-76823e8f88d3;424.85;3.52078021;UNKNOWN
2016-04-12T00:12:05.000000;2016-04-12T00:12:05.000000;cee12e4a-9579-4e3b-b8f2-ffcb22ddd89d;424.84;0.0622231;UNKNOWN
2016-04-12T00:12:06.000000;2016-04-12T00:12:06.000000;4b60c820-2bf1-42ae-a1b0-a24125fe0d81;424.84;0.012;UNKNOWN
2016-04-12T00:12:06.000000;2016-04-12T00:12:06.000000;c39b7d45-ca14-4a61-a7d2-97a4b3d824d4;424.84;0.05;UNKNOWN
2016-04-12T00:12:07.000000;2016-04-12T00:12:07.000000;308a9887-55e4-4cd0-bc6f-0d18c2a44941;424.83;0.013;UNKNOWN
2016-04-12T00:12:08.000000;2016-04-12T00:12:08.000000;7637895a-42cc-4529-aafb-fe0e19fa6863;424.85;1.02105366;UNKNOWN
2016-04-12T00:12:08.000000;2016-04-12T00:12:08.000000;c51c5e98-6c1e-46f4-9089-3401edd716d5;424.87;0.4830165;UNKNOWN
2016-04-12T00:12:08.000000;2016-04-12T00:12:08.000000;cd2a89f5-71e0-4f16-b36b-1e3d7798adaf;424.87;0.58592984;UNKNOWN
2016-04-12T00:12:08.000000;2016-04-12T00:12:08.000000;a88d8665-9c36-4c4e-9dff-bee4577d5d36;424.87;0.25;UNKNOWN
2016-04-12T00:12:08.000000;2016-04-12T00:12:08.000000;a84cd352-a4d8-4889-a70c-cc6e82671484;424.85;0.2;UNKNOWN
2016-04-12T00:12:10.000000;2016-04-12T00:12:10.000000;cfb34949-95a7-4eb6-a481-757b8071dcc2;424.84;0.0622231;UNKNOWN
2016-04-12T00:12:10.000000;2016-04-12T00:12:10.000000;40599483-4207-4ef2-87c5-714cf108f115;424.84;0.52869318;UNKNOWN
2016-04-12T00:12:14.000000;2016-04-12T00:12:14.000000;faa6fc67-ac4d-4367-8f65-e014d7464fde;424.84;0.0622231;UNKNOWN
2016-04-12T00:12:19.000000;2016-04-12T00:12:19.000000;d1b17f66-f514-43b7-afce-1af1fdc1c801;424.84;0.03187986;UNKNOWN
2016-04-12T00:12:25.000000;2016-04-12T00:12:25.000000;4cde8b78-ea9f-4921-bf2a-7d5b0343d7ef;424.85;0.2;UNKNOWN
2016-04-12T00:12:32.000000;2016-04-12T00:12:32.000000;eafaa383-5509-405b-a78b-96eae55efdfd;424.89;1.6278;UNKNOWN
2016-04-12T00:12:43.000000;2016-04-12T00:12:43.000000;b7114f01-be97-4c36-878b-26ca958c7069;424.89;0.52;UNKNOWN
2016-04-12T00:12:43.000000;2016-04-12T00:12:43.000000;ffcf064e-009f-474d-b3bd-b3d244524d20;424.89;1.3722;UNKNOWN
2016-04-12T00:12:43.000000;2016-04-12T00:12:43.000000;cb78d238-bcfd-41b5-bfc7-16d0808d50e6;424.89;0.0499;UNKNOWN
2016-04-12T00:12:48.000000;2016-04-12T00:12:48.000000;73d5bdee-a6ca-4c25-a1c3-b5803935c1aa;424.99;9.99;UNKNOWN
2016-04-12T00:12:48.000000;2016-04-12T00:12:48.000000;175981ed-ca0e-4b1a-ab83-83b246292f03;425.0;1.0;UNKNOWN
2016-04-12T00:12:48.000000;2016-04-12T00:12:48.000000;9a168ffe-620f-4c6c-8036-c97d18710231;424.9;0.25;UNKNOWN
2016-04-12T00:12:48.000000;2016-04-12T00:12:48.000000;5169333e-94b7-47dc-8144-298588627e70;424.99;1.0;UNKNOWN
2016-04-12T00:12:48.000000;2016-04-12T00:12:48.000000;f70be5b0-4601-48ac-9886-afdb6beca39e;425.0;12.0;UNKNOWN
2016-04-12T00:12:48.000000;2016-04-12T00:12:48.000000;afd093df-caed-4028-bb2d-767930dab27b;425.0;6.85242985;UNKNOWN
2016-04-12T00:12:48.000000;2016-04-12T00:12:48.000000;2f90d303-fc42-4829-bf14-071864feb1f8;424.92;0.01;UNKNOWN
2016-04-12T00:12:48.000000;2016-04-12T00:12:48.000000;95380ec0-517f-40a9-b173-c5173e151cfa;424.95;0.01450701;UNKNOWN
2016-04-12T00:12:48.000000;2016-04-12T00:12:48.000000;fb99b0d5-ee9c-425f-ba4e-1ea2326fae38;424.9;0.1;UNKNOWN
2016-04-12T00:12:48.000000;2016-04-12T00:12:48.000000;d6f1a6bb-8d53-4fe8-aed4-897df619ebf1;424.9;0.93793698;UNKNOWN
2016-04-12T00:12:48.000000;2016-04-12T00:12:48.000000;ea167ee8-20d0-400f-b47d-6e6b6cd88660;424.99;4.8265;UNKNOWN
2016-04-12T00:12:53.000000;2016-04-12T00:12:53.000000;e305cdb7-7229-4cc3-85bd-2b790de56865;425.0;0.02377496;UNKNOWN
2016-04-12T00:12:53.000000;2016-04-12T00:12:53.000000;6123803c-afe7-475b-8cb7-cfd08dac4ef2;425.0;0.05;UNKNOWN
2016-04-12T00:12:53.000000;2016-04-12T00:12:53.000000;e9f5374d-4637-444d-a55a-2008df99dd5c;425.0;5.30627015;UNKNOWN
2016-04-12T00:12:53.000000;2016-04-12T00:12:53.000000;f0e18c6b-1e9e-4b6b-8d7c-fdeb7bce51a9;425.0;1.0;UNKNOWN
2016-04-12T00:12:53.000000;2016-04-12T00:12:53.000000;e7c9dada-d778-4b61-88b0-fcee9fa0e42a;425.0;1.0;UNKNOWN
2016-04-12T00:12:53.000000;2016-04-12T00:12:53.000000;20bc8176-9a98-41d2-aa08-69e1906cc669;425.0;0.07;UNKNOWN
2016-04-12T00:12:53.000000;2016-04-12T00:12:53.000000;02946362-8066-40c6-9f9a-1cceb9554f5e;425.0;7.38110411;UNKNOWN
2016-04-12T00:12:53.000000;2016-04-12T00:12:53.000000;4484f555-6b3c-4882-893f-44fb10ebe944;425.0;1.0229;UNKNOWN
2016-04-12T00:12:53.000000;2016-04-12T00:12:53.000000;8d0a4ff1-48b2-4c5d-9652-dca49a1bf1a1;425.0;9.8310591;UNKNOWN
2016-04-12T00:12:53.000000;2016-04-12T00:12:53.000000;2d1fa05c-649a-443f-8a11-77709cb1e8dd;425.0;0.0999999;UNKNOWN
2016-04-12T00:12:53.000000;2016-04-12T00:12:53.000000;b35eed59-1b64-4966-b7b6-5a856e1b3aff;425.0;33.61889589;UNKNOWN
2016-04-12T00:12:53.000000;2016-04-12T00:12:53.000000;c944e032-105f-4e49-aa59-67126e5ff39f;425.0;8.0;UNKNOWN
2016-04-12T00:12:53.000000;2016-04-12T00:12:53.000000;77b9d676-b2bb-4a7a-b55f-bce0e258f029;425.0;0.31889589;UNKNOWN
2016-04-12T00:12:53.000000;2016-04-12T00:12:53.000000;85ca5f94-039f-444b-b568-3384a8a41631;425.0;0.2;UNKNOWN
2016-04-12T00:12:53.000000;2016-04-12T00:12:53.000000;239c8d83-495e-40c3-a506-10052e2d4f6d;425.0;0.026;UNKNOWN
2016-04-12T00:12:53.000000;2016-04-12T00:12:53.000000;bc1acbe4-cc4d-4279-9465-9ee8fc83ab20;425.0;2.18993086;UNKNOWN
2016-04-12T00:12:53.000000;2016-04-12T00:12:53.000000;1b103a74-2e1a-46c0-916d-a8a3be62e396;425.0;1.0;UNKNOWN
2016-04-12T00:12:53.000000;2016-04-12T00:12:53.000000;f90810bc-da9e-48c1-9e5d-038bce61ccc2;425.0;0.84044361;UNKNOWN
2016-04-12T00:12:53.000000;2016-04-12T00:12:53.000000;ddaf0b2c-a05e-4036-a2c5-b15429eb0730;425.0;0.2;UNKNOWN
2016-04-12T00:12:53.000000;2016-04-12T00:12:53.000000;0330c1aa-b081-4fcd-ba37-d0827e71d826;425.0;0.2;UNKNOWN
2016-04-12T00:12:53.000000;2016-04-12T00:12:53.000000;624e1641-b613-4f6f-8555-1a82bd3f4b4c;425.0;0.3;UNKNOWN
2016-04-12T00:13:05.000000;2016-04-12T00:13:05.000000;f6e15dc9-40fb-47a7-b0f8-7d841469cd00;424.99;0.014;UNKNOWN
2016-04-12T00:13:05.000000;2016-04-12T00:13:05.000000;b7466755-9839-457b-ac42-4a3d08a4f3ea;424.99;0.011;UNKNOWN
2016-04-12T00:13:06.000000;2016-04-12T00:13:06.000000;a1aeaf6d-ce0f-4d04-9a18-c29ad2334b86;425.0;12.746;UNKNOWN
2016-04-12T00:13:08.000000;2016-04-12T00:13:08.000000;c39ca440-a74c-412e-8dc0-b5877456ac79;424.99;0.5;UNKNOWN
2016-04-12T00:13:09.000000;2016-04-12T00:13:09.000000;aa8c34f4-0a9e-46ef-9f00-3cb04f83a6ee;425.0;0.1;UNKNOWN
2016-04-12T00:13:10.000000;2016-04-12T00:13:10.000000;e844e1ab-1533-4c8e-ad09-60dce5c07713;424.99;0.2;UNKNOWN
2016-04-12T00:13:22.000000;2016-04-12T00:13:22.000000;2eb32040-e88d-4a0e-a134-7be5a402dee3;425.0;2.0;UNKNOWN
2016-04-12T00:13:23.000000;2016-04-12T00:13:23.000000;c9b7f000-2641-4776-bf39-1b3c70b4f7d7;424.99;0.02481;UNKNOWN
2016-04-12T00:13:24.000000;2016-04-12T00:13:24.000000;7280936d-13f0-4601-a865-7aae132cc76d;424.99;0.13;UNKNOWN
2016-04-12T00:13:37.000000;2016-04-12T00:13:37.000000;016f257b-f951-4bfc-b384-a25f9abe1c47;424.99;6.0;UNKNOWN
2016-04-12T00:13:54.000000;2016-04-12T00:13:54.000000;d6079d58-5c61-4a62-a5f7-765a7bbc1ddd;425.0;0.15;UNKNOWN
2016-04-12T00:13:59.000000;2016-04-12T00:13:59.000000;11fad551-2d40-4efb-8631-0edeff20cf23;424.99;0.01;UNKNOWN
2016-04-12T00:14:02.000000;2016-04-12T00:14:02.000000;3cbae409-0a6e-46f0-984c-4cbf5ee0678f;425.0;9.19593086;UNKNOWN
2016-04-12T00:14:02.000000;2016-04-12T00:14:02.000000;0ffe18c8-31ca-487d-9b80-c14e164330e6;425.0;2.80406914;UNKNOWN
2016-04-12T00:14:14.000000;2016-04-12T00:14:14.000000;34473208-0b36-4f5c-83a6-50a2713a690d;425.0;1.5176;UNKNOWN
2016-04-12T00:14:19.000000;2016-04-12T00:14:19.000000;242a030b-9b2b-462b-8d09-312ae42f9456;424.99;0.02481;UNKNOWN
2016-04-12T00:14:23.000000;2016-04-12T00:14:23.000000;5543772d-d22c-487e-886a-d307190da074;424.99;0.0124;UNKNOWN
2016-04-12T00:14:33.000000;2016-04-12T00:14:33.000000;fec3e0a3-1c56-4bef-8101-d5c479f49773;424.99;0.01;UNKNOWN
2016-04-12T00:14:44.000000;2016-04-12T00:14:44.000000;1b7094be-e114-4437-b928-47a94e0784c1;424.99;0.01;UNKNOWN
2016-04-12T00:14:56.000000;2016-04-12T00:14:56.000000;4688fbb5-ffcd-4809-94c8-b7a8f714c690;424.99;0.01;UNKNOWN
2016-04-12T00:14:56.000000;2016-04-12T00:14:56.000000;545580bc-b02e-4dee-bc80-3fd642471f6b;425.0;2.5;UNKNOWN
2016-04-12T00:15:06.000000;2016-04-12T00:15:06.000000;79b628a1-264b-4554-95bf-d5c933c673c0;424.99;0.01;UNKNOWN
2016-04-12T00:15:37.000000;2016-04-12T00:15:37.000000;d1cc1054-d2e9-4965-a878-2b74debdf12e;424.99;0.01;UNKNOWN
2016-04-12T00:16:02.000000;2016-04-12T00:16:02.000000;c3a45d32-cf18-48f4-9e07-c74be635807e;424.99;0.01;UNKNOWN
2016-04-12T00:16:04.000000;2016-04-12T00:16:04.000000;29aac401-36c9-4535-b223-34d5ebc634c4;424.99;0.1;UNKNOWN
2016-04-12T00:16:05.000000;2016-04-12T00:16:05.000000;ad44433a-874c-4d6c-b680-e803893e7658;425.0;0.3;UNKNOWN
2016-04-12T00:16:15.000000;2016-04-12T00:16:15.000000;29247dd2-c55d-4169-b8bc-809ac0af4a4e;425.0;0.05450049;UNKNOWN
2016-04-12T00:16:17.000000;2016-04-12T00:16:17.000000;587e04a0-8497-4f15-a0e0-2b9f67a094b3;425.0;1.0;UNKNOWN
2016-04-12T00:16:23.000000;2016-04-12T00:16:23.000000;93531989-97c3-4cbf-9789-dcc0b401a3f1;425.0;100.0;UNKNOWN
2016-04-12T00:16:26.000000;2016-04-12T00:16:26.000000;2d76a62a-b699-4dd7-be27-ef48e1dea56c;424.99;0.4;UNKNOWN
2016-04-12T00:16:26.000000;2016-04-12T00:16:26.000000;4e1aced9-22e0-4e84-8add-45f2c0621d21;425.0;47.95656627;UNKNOWN
2016-04-12T00:16:33.000000;2016-04-12T00:16:33.000000;a71abfb2-4a92-491e-8b3c-b4d6fa891a97;425.0;1.0;UNKNOWN
2016-04-12T00:16:47.000000;2016-04-12T00:16:47.000000;dc24590d-dfab-4ef3-83d7-7198a1ba1d41;424.99;0.01;UNKNOWN
2016-04-12T00:16:47.000000;2016-04-12T00:16:47.000000;854c5050-c3a9-4d17-a2be-56f957b24b44;425.0;5.0;UNKNOWN
2016-04-12T00:17:26.000000;2016-04-12T00:17:26.000000;9daf2b32-22b6-4edd-939a-5750977e3e46;424.99;0.04726925;UNKNOWN
2016-04-12T00:17:35.000000;2016-04-12T00:17:35.000000;3475eeb9-8a5e-4103-abd7-5342848dfe09;424.99;2.99413342;UNKNOWN
2016-04-12T00:18:43.000000;2016-04-12T00:18:43.000000;feeeba72-e458-495f-9dc3-61265cf715c6;425.0;3.5;UNKNOWN
2016-04-12T00:19:06.000000;2016-04-12T00:19:06.000000;168f93b2-d9e3-44a4-8fc6-74f828c63aff;425.0;9.0;UNKNOWN
2016-04-12T00:19:12.000000;2016-04-12T00:19:12.000000;c9d6c41e-bf63-4845-8ac9-2f76226e4632;424.99;0.49782637;UNKNOWN
2016-04-12T00:19:34.000000;2016-04-12T00:19:34.000000;82549fb2-deed-4c3f-bc69-898b5134ad2e;425.0;2.8;UNKNOWN
2016-04-12T00:20:02.000000;2016-04-12T00:20:02.000000;fa52bc0b-06b3-4ca5-8468-bd11a9e7a7eb;424.99;0.64314074;UNKNOWN
2016-04-12T00:20:02.000000;2016-04-12T00:20:02.000000;b70ac8a5-1961-41b6-a98c-ee279cf87fdc;424.99;4.58794517;UNKNOWN
2016-04-12T00:20:02.000000;2016-04-12T00:20:02.000000;ef7d57b1-0cee-4a6f-ae2c-3721d0f3a35d;424.99;4.58794517;UNKNOWN
2016-04-12T00:20:02.000000;2016-04-12T00:20:02.000000;1ecaea8f-4728-48bc-8eab-2c63a762916c;424.99;0.18096892;UNKNOWN
2016-04-12T00:20:05.000000;2016-04-12T00:20:05.000000;4a4adce0-3bc0-489c-b9e5-d40625fd343f;424.99;2.0;UNKNOWN
2016-04-12T00:20:40.000000;2016-04-12T00:20:40.000000;7a123f83-ba8d-4340-90bd-6ab0de711170;425.0;0.0556607;UNKNOWN
2016-04-12T00:20:40.000000;2016-04-12T00:20:40.000000;6483a245-4172-4f46-a946-bf4a7c0f7a56;425.0;0.44834602;UNKNOWN
2016-04-12T00:20:53.000000;2016-04-12T00:20:53.000000;f6fe42c3-fefc-4e54-81cd-785d833b6ed2;425.0;37.3996;UNKNOWN
2016-04-12T00:21:32.000000;2016-04-12T00:21:32.000000;da6b5ec6-248b-41d2-86d5-765052ccb15f;424.99;0.01;UNKNOWN
2016-04-12T00:21:39.000000;2016-04-12T00:21:39.000000;b2ec76b3-76bd-4253-9734-07b648b9ca4c;425.0;0.2;UNKNOWN
2016-04-12T00:21:45.000000;2016-04-12T00:21:45.000000;757cfff8-9e61-40a6-b603-28183cec7661;425.0;40.0;UNKNOWN
2016-04-12T00:22:10.000000;2016-04-12T00:22:10.000000;ab340af7-5e76-4de9-aa91-0ab48fd1bc0c;425.0;0.2;UNKNOWN
2016-04-12T00:22:51.000000;2016-04-12T00:22:51.000000;0d96d31f-dba6-4055-ac6a-0c9894f78893;424.99;1.0;UNKNOWN
2016-04-12T00:24:16.000000;2016-04-12T00:24:16.000000;82ccae15-46fa-42cd-a66b-b24cf08dac0d;425.0;43.1;UNKNOWN
2016-04-12T00:26:32.000000;2016-04-12T00:26:32.000000;a37854b4-d9b6-4f01-a671-1b9bc5c2b93f;424.99;0.05439149;UNKNOWN
2016-04-12T00:26:46.000000;2016-04-12T00:26:46.000000;e252216c-f4e7-4d7c-b6f0-576866cd79cb;424.99;0.09430848;UNKNOWN
2016-04-12T00:27:16.000000;2016-04-12T00:27:16.000000;7b2a43f6-a3f3-4da0-ab34-2d7b14581e62;425.0;0.09513038;UNKNOWN
2016-04-12T00:27:26.000000;2016-04-12T00:27:26.000000;c182e8bb-c9bf-4af1-b69e-18df65be8153;424.99;0.0467535;UNKNOWN
2016-04-12T00:28:02.000000;2016-04-12T00:28:02.000000;46d9001f-0c3a-4cd4-b97f-e8e19b3ae825;424.99;0.01;UNKNOWN
2016-04-12T00:28:03.000000;2016-04-12T00:28:03.000000;10480719-7a5b-4ad0-b4fd-4b73b6d0fe8b;424.99;1.41105191;UNKNOWN
2016-04-12T00:28:03.000000;2016-04-12T00:28:03.000000;c90bdd4d-9dcd-415f-b8b5-07e4c8638214;424.99;1.76973653;UNKNOWN
2016-04-12T00:28:03.000000;2016-04-12T00:28:03.000000;3395c1ab-4af2-4cec-9587-52d4df1d6f28;424.99;0.02481;UNKNOWN
2016-04-12T00:29:13.000000;2016-04-12T00:29:13.000000;7579c2da-3062-494a-80f9-1a49d4e78698;424.97;0.01;UNKNOWN
2016-04-12T00:29:28.000000;2016-04-12T00:29:28.000000;e9a7575c-32e6-43d9-8386-574650ebe74e;424.97;0.01;UNKNOWN
2016-04-12T00:29:59.000000;2016-04-12T00:29:59.000000;7d5cbeea-ec94-49cb-90ae-0af0b70f4b8b;424.97;30.0;UNKNOWN
2016-04-12T00:30:08.000000;2016-04-12T00:30:08.000000;91b6f52b-29fd-4bb5-9803-1b371d6124b6;424.97;5.0;UNKNOWN
2016-04-12T00:30:18.000000;2016-04-12T00:30:18.000000;f88dde17-5757-4f7b-a96c-f3b771707eb1;424.97;21.2781;UNKNOWN
2016-04-12T00:30:18.000000;2016-04-12T00:30:18.000000;e71f98fd-eb7d-4f81-8160-a1e95463d64c;424.97;0.8398;UNKNOWN
2016-04-12T00:30:23.000000;2016-04-12T00:30:23.000000;a731ae83-d325-4236-9543-ef1990651edc;424.97;0.05;UNKNOWN
2016-04-12T00:30:30.000000;2016-04-12T00:30:30.000000;884ee65d-3058-409b-8c65-bba294d61844;424.97;0.2;UNKNOWN
2016-04-12T00:30:34.000000;2016-04-12T00:30:34.000000;175be32b-985c-45af-8e62-d2631c612e53;424.97;5.0;UNKNOWN
2016-04-12T00:30:44.000000;2016-04-12T00:30:44.000000;eff93e21-d3c0-4bfc-be27-f5453ed2b9ee;424.97;0.05;UNKNOWN
2016-04-12T00:31:05.000000;2016-04-12T00:31:05.000000;c7ab39ad-3cd9-4ae4-9920-271e7fa5bed3;424.97;0.05;UNKNOWN
2016-04-12T00:31:25.000000;2016-04-12T00:31:25.000000;ad23c2b7-f4c7-4f3f-a395-b08523b27259;424.97;0.05;UNKNOWN
2016-04-12T00:31:37.000000;2016-04-12T00:31:37.000000;a6ac848d-cc43-4c21-95c8-84419eaaa013;424.98;1.75962406;UNKNOWN
2016-04-12T00:31:37.000000;2016-04-12T00:31:37.000000;47e4faf7-eb00-4532-a3d0-1750488be2e6;424.98;0.2;UNKNOWN
2016-04-12T00:31:43.000000;2016-04-12T00:31:43.000000;e2d5f515-5ac8-4494-82ff-579f207e52de;424.97;1.0;UNKNOWN
2016-04-12T00:31:47.000000;2016-04-12T00:31:47.000000;60496971-1ee6-46d4-9359-84d610287958;424.97;0.05;UNKNOWN
2016-04-12T00:31:55.000000;2016-04-12T00:31:55.000000;65fea1c5-27bb-481f-abf9-4727fe10ca5c;424.97;0.2;UNKNOWN
2016-04-12T00:32:07.000000;2016-04-12T00:32:07.000000;892fea0a-3b9d-4a01-8b03-6531822b2af5;424.97;0.05;UNKNOWN
2016-04-12T00:32:27.000000;2016-04-12T00:32:27.000000;356b5e57-cd59-41c8-972c-a4e61b43b0f8;424.97;0.05;UNKNOWN
2016-04-12T00:32:47.000000;2016-04-12T00:32:47.000000;c452c782-90e4-4768-981a-93b8a57074e6;424.97;0.05;UNKNOWN
2016-04-12T00:33:08.000000;2016-04-12T00:33:08.000000;a926db34-e03f-4e59-9e37-b9e263d512f0;424.97;0.05;UNKNOWN
2016-04-12T00:33:29.000000;2016-04-12T00:33:29.000000;2584b550-083e-4d15-b7aa-bd15f7b414a2;424.97;0.05;UNKNOWN
2016-04-12T00:33:49.000000;2016-04-12T00:33:49.000000;a9588a39-2534-4130-96d6-960926238cf9;424.97;0.02875536;UNKNOWN
2016-04-12T00:34:48.000000;2016-04-12T00:34:48.000000;7d5e7bf7-4812-439d-ba7b-e4619d627907;424.82;12.0;UNKNOWN
2016-04-12T00:35:12.000000;2016-04-12T00:35:12.000000;1d528122-95b8-4bc8-aafe-2e0a9233ca75;424.51;0.05;UNKNOWN
2016-04-12T00:35:26.000000;2016-04-12T00:35:26.000000;afabcd87-69d3-4720-a70a-4769109c0d23;424.51;0.182942;UNKNOWN
2016-04-12T00:35:32.000000;2016-04-12T00:35:32.000000;0ec73a6d-2bbe-441d-b4d8-0f04ff6ab77b;424.51;0.05;UNKNOWN
2016-04-12T00:35:34.000000;2016-04-12T00:35:34.000000;2f9dc599-ada8-4fbc-8bcc-80cdc4b95508;424.51;0.02806073;UNKNOWN
2016-04-12T00:35:34.000000;2016-04-12T00:35:34.000000;2804a3e3-83e4-4c49-af37-09fc60ecf0f3;424.51;0.19335969;UNKNOWN
2016-04-12T00:35:52.000000;2016-04-12T00:35:52.000000;e125b876-116a-477e-9030-4134587254a0;424.51;0.05;UNKNOWN
2016-04-12T00:36:03.000000;2016-04-12T00:36:03.000000;b1e294c0-3213-4682-8abb-707f14dc2eca;424.51;1.76436242;UNKNOWN
2016-04-12T00:36:03.000000;2016-04-12T00:36:03.000000;24584c84-ce9a-480b-86ab-d067f517559f;424.51;9.43563758;UNKNOWN
2016-04-12T00:36:13.000000;2016-04-12T00:36:13.000000;79a80ee3-a92f-411d-8a03-cc0ab91947b9;424.51;0.05;UNKNOWN
2016-04-12T00:36:34.000000;2016-04-12T00:36:34.000000;9ee5fbb5-9468-4372-9f2e-6825caf8dc82;424.51;0.05;UNKNOWN
2016-04-12T00:36:54.000000;2016-04-12T00:36:54.000000;1dd5eebb-3cb0-41f2-b05d-40f1617686fe;424.51;0.05;UNKNOWN
2016-04-12T00:37:15.000000;2016-04-12T00:37:15.000000;11205c9f-57d0-478d-8bfc-f8cb6a9ed432;424.51;0.05;UNKNOWN
2016-04-12T00:37:35.000000;2016-04-12T00:37:35.000000;c52094eb-fb8f-4409-a286-ca9f30174cb6;424.51;0.05;UNKNOWN
2016-04-12T00:37:56.000000;2016-04-12T00:37:56.000000;a0658c4e-6f93-4d89-8397-ed9a7b16fad1;424.51;0.05;UNKNOWN
2016-04-12T00:38:16.000000;2016-04-12T00:38:16.000000;2c6bea5d-efe5-42e9-adf0-60b2b5b4e7b0;424.51;0.05;UNKNOWN
2016-04-12T00:38:37.000000;2016-04-12T00:38:37.000000;39dadcca-9295-45f1-a2b6-f83f7302af7f;424.51;0.05;UNKNOWN
2016-04-12T00:38:57.000000;2016-04-12T00:38:57.000000;2ebc8789-baec-4016-ac74-098df78ae0af;424.51;0.05;UNKNOWN
2016-04-12T00:39:18.000000;2016-04-12T00:39:18.000000;1dabd121-c55a-4a6c-8010-9de72ca1facd;424.51;0.05;UNKNOWN
2016-04-12T00:39:39.000000;2016-04-12T00:39:39.000000;66070e19-39b9-4aec-a043-8cf61de539e5;424.51;0.05;UNKNOWN
2016-04-12T00:39:59.000000;2016-04-12T00:39:59.000000;db872f09-ae3f-4b84-ac82-cc37f7dabf9f;424.51;0.05;UNKNOWN
2016-04-12T00:40:00.000000;2016-04-12T00:40:00.000000;ef07964c-b593-4fc3-842a-366d0bf08091;424.51;0.028;UNKNOWN
2016-04-12T00:40:20.000000;2016-04-12T00:40:20.000000;1a95ccfe-0674-43d4-baed-e39ee752ece6;424.51;0.05;UNKNOWN
2016-04-12T00:40:40.000000;2016-04-12T00:40:40.000000;d36614a2-2776-48c6-ab16-996317cf7130;424.51;0.05;UNKNOWN
2016-04-12T00:41:01.000000;2016-04-12T00:41:01.000000;5d6e7fa4-a8fa-4ba6-93e9-4cac9efad073;424.51;0.05;UNKNOWN
2016-04-12T00:41:22.000000;2016-04-12T00:41:22.000000;048536fb-7a63-4b5a-8ecd-404baf5e91a8;424.51;0.05;UNKNOWN
2016-04-12T00:41:34.000000;2016-04-12T00:41:34.000000;ed3950fd-d72b-4201-949f-ca1c9ae08337;424.51;0.05900944;UNKNOWN
2016-04-12T00:41:42.000000;2016-04-12T00:41:42.000000;409153bd-9f36-4097-9924-193949808d62;424.51;0.05;UNKNOWN
2016-04-12T00:42:03.000000;2016-04-12T00:42:03.000000;fcf64f8f-a005-44b6-b2c4-1814d2110b37;424.51;0.05;UNKNOWN
2016-04-12T00:42:23.000000;2016-04-12T00:42:23.000000;77711ba2-222f-427b-82bc-8454472b8bc1;424.51;0.05;UNKNOWN
2016-04-12T00:42:31.000000;2016-04-12T00:42:31.000000;c1d03d74-5906-45bb-b5fa-54d1ff0375e8;424.51;0.1156585;UNKNOWN
2016-04-12T00:42:44.000000;2016-04-12T00:42:44.000000;883cc874-1b34-4268-a1a9-3441fe227c02;424.51;0.05;UNKNOWN
2016-04-12T00:43:05.000000;2016-04-12T00:43:05.000000;6f1a3934-9798-43a8-be12-36718587ee10;424.51;0.05;UNKNOWN
2016-04-12T00:43:25.000000;2016-04-12T00:43:25.000000;1c2ac182-98cd-4e2e-a5e4-234a746b254f;424.51;0.05;UNKNOWN
2016-04-12T00:43:46.000000;2016-04-12T00:43:46.000000;7b2ca395-88eb-44d4-928b-3e1befbb8f48;424.51;0.05;UNKNOWN
2016-04-12T00:44:06.000000;2016-04-12T00:44:06.000000;23929214-c4ae-43c6-91b6-1cde0b6ec792;424.51;0.05;UNKNOWN
2016-04-12T00:44:27.000000;2016-04-12T00:44:27.000000;ba091dcc-d9e7-4bfd-8133-3e242dfa2f37;424.51;0.05;UNKNOWN
2016-04-12T00:44:47.000000;2016-04-12T00:44:47.000000;2f07be1c-af1f-4862-b75d-cfe03054ac49;424.51;0.05;UNKNOWN
2016-04-12T00:45:08.000000;2016-04-12T00:45:08.000000;b27dd733-df97-4e8f-a9fe-c11f3551645d;424.51;0.05;UNKNOWN
2016-04-12T00:45:10.000000;2016-04-12T00:45:10.000000;a76e084c-484d-4d1a-9bc7-ca6ab3a281c4;424.54;0.15;UNKNOWN
2016-04-12T00:45:26.000000;2016-04-12T00:45:26.000000;326fe4b4-aa39-4d73-b296-690959a32e4d;424.52;0.03034327;UNKNOWN
2016-04-12T00:45:28.000000;2016-04-12T00:45:28.000000;65575db2-4648-436a-8587-17f9c64d4dc2;424.52;0.05;UNKNOWN
2016-04-12T00:46:06.000000;2016-04-12T00:46:06.000000;c0b5bf4f-f0e5-499a-98b8-60d2794a6e6a;424.52;0.05;UNKNOWN
2016-04-12T00:48:17.000000;2016-04-12T00:48:17.000000;963f5dad-17ff-4e2e-b888-74158d744911;424.47;0.061183;UNKNOWN
2016-04-12T00:48:17.000000;2016-04-12T00:48:17.000000;81759749-4943-4b16-95f3-a5c8dfd774ef;424.22;0.81348494;UNKNOWN
2016-04-12T00:48:17.000000;2016-04-12T00:48:17.000000;2d454aa5-a8f4-46f9-9941-c0a286fdde2d;424.51;4.12533206;UNKNOWN
2016-04-12T00:48:19.000000;2016-04-12T00:48:19.000000;20355524-dc96-46a7-ba93-050a2167136a;424.23;3.95;UNKNOWN
2016-04-12T00:48:19.000000;2016-04-12T00:48:19.000000;6bc2df08-bfce-40bd-90aa-85f8ac9b1988;424.18;2.66427605;UNKNOWN
2016-04-12T00:48:19.000000;2016-04-12T00:48:19.000000;f753a91f-8ebd-4b85-a7a8-a8b11ad31f0e;424.22;3.78585505;UNKNOWN
2016-04-12T00:48:19.000000;2016-04-12T00:48:19.000000;8712611e-35fd-4dd8-bd0f-8983a547305c;424.21;4.5998689;UNKNOWN
2016-04-12T00:48:22.000000;2016-04-12T00:48:22.000000;22fb52c1-8cb1-46db-a166-9067422b11e4;424.18;0.2356;UNKNOWN
2016-04-12T00:48:30.000000;2016-04-12T00:48:30.000000;7396b73a-ef4c-4cd3-90b4-a9f9b11b28d1;424.36;0.05439149;UNKNOWN
2016-04-12T00:49:56.000000;2016-04-12T00:49:56.000000;3be085c6-ec85-4415-b030-df8054aef0bd;424.05;0.177;UNKNOWN
2016-04-12T00:49:56.000000;2016-04-12T00:49:56.000000;dbcd2afb-c399-474c-898a-d62ef481f1cd;424.01;2.72223167;UNKNOWN
2016-04-12T00:49:56.000000;2016-04-12T00:49:56.000000;cc5c346f-bcb9-4cca-9aa1-eada04c10e38;424.04;4.60076833;UNKNOWN
2016-04-12T00:49:57.000000;2016-04-12T00:49:57.000000;2c6e6e69-c8dd-45d8-a4c6-133bc3a01767;424.01;4.84;UNKNOWN
2016-04-12T00:50:22.000000;2016-04-12T00:50:22.000000;186d0c70-44bc-4f69-b9dc-5380a403eec4;424.07;0.11680114;UNKNOWN
2016-04-12T00:52:14.000000;2016-04-12T00:52:14.000000;ad8547cf-9fd4-4ba0-a066-f1defe60106a;424.29;0.32;UNKNOWN
2016-04-12T00:52:45.000000;2016-04-12T00:52:45.000000;d516af3a-9ade-44e5-8252-2900065b47c8;424.29;0.31;UNKNOWN
2016-04-12T00:54:47.000000;2016-04-12T00:54:47.000000;fd52cbf4-6654-4c7a-932f-884de975331a;424.06;0.177;UNKNOWN
2016-04-12T00:54:47.000000;2016-04-12T00:54:47.000000;512d8b0a-1300-4c41-aeab-67a763ce4a11;424.04;3.267;UNKNOWN
2016-04-12T00:54:47.000000;2016-04-12T00:54:47.000000;b00536d8-d117-4ed9-bfad-424d66361bfb;424.06;0.5;UNKNOWN
2016-04-12T00:54:47.000000;2016-04-12T00:54:47.000000;e1916aa9-df28-43e6-b7ae-bf78567d3f49;424.05;3.0;UNKNOWN
2016-04-12T00:54:47.000000;2016-04-12T00:54:47.000000;90638641-1d4f-402c-819f-0e405c72e8b3;424.07;0.236;UNKNOWN
2016-04-12T00:58:14.000000;2016-04-12T00:58:14.000000;05dba0cd-4b39-4d3a-9e2e-fc6ec290c6f9;424.29;0.0529;UNKNOWN
2016-04-12T00:58:31.000000;2016-04-12T00:58:31.000000;860dd2a2-e79e-4597-a1fe-240c177ab434;424.09;0.04725876;UNKNOWN
2016-04-12T00:59:30.000000;2016-04-12T00:59:30.000000;ebe77a91-5201-4ada-b9f5-93f9a5301787;424.13;0.15;UNKNOWN
2016-04-12T00:59:40.000000;2016-04-12T00:59:40.000000;784e1f87-4d29-48d5-ab9d-bb1da97d962f;424.28;0.02475;UNKNOWN
2016-04-12T00:59:54.000000;2016-04-12T00:59:54.000000;c8b70284-f1af-4a2c-80f4-7234287fb174;424.13;0.191;UNKNOWN
2016-04-12T00:59:54.000000;2016-04-12T00:59:54.000000;7c9c8dd5-f1bf-4a9b-9efc-2d5986994474;424.14;0.059;UNKNOWN
2016-04-12T01:00:20.000000;2016-04-12T01:00:20.000000;e9360a85-634b-42d3-b89c-a6469afcc948;424.28;0.02992894;UNKNOWN
2016-04-12T01:03:26.000000;2016-04-12T01:03:26.000000;3fd50319-ba46-4534-9ca4-326089c8ccfd;424.22;0.02477;UNKNOWN
2016-04-12T01:03:26.000000;2016-04-12T01:03:26.000000;0792e550-fd3b-4f6d-8b3b-0e17230d4b24;424.11;0.00823;UNKNOWN
2016-04-12T01:04:45.000000;2016-04-12T01:04:45.000000;171258ec-760c-4e17-861c-a9c5d15d00fb;424.1;0.5;UNKNOWN
2016-04-12T01:04:45.000000;2016-04-12T01:04:45.000000;0610a38b-de1f-4867-9a3f-ea7ff713e88d;424.1;0.5;UNKNOWN
2016-04-12T01:04:50.000000;2016-04-12T01:04:50.000000;9ee53c48-d3cd-4bec-a158-92c7a2856ecb;424.09;2.0;UNKNOWN
2016-04-12T01:07:42.000000;2016-04-12T01:07:42.000000;bdf7d244-0432-4f4c-a715-7857bcf0cdd8;424.11;0.06497314;UNKNOWN
2016-04-12T01:07:57.000000;2016-04-12T01:07:57.000000;9a2e5f43-9460-475f-b15a-a0eae65e258b;424.11;0.01;UNKNOWN
2016-04-12T01:09:10.000000;2016-04-12T01:09:10.000000;70482690-9a34-4ee8-b55e-f90de246b456;424.25;0.05581514;UNKNOWN
2016-04-12T01:09:12.000000;2016-04-12T01:09:12.000000;4d5f3055-4678-440a-aac0-478a1f457406;424.25;0.05581514;UNKNOWN
2016-04-12T01:09:20.000000;2016-04-12T01:09:20.000000;b331afab-9ac0-4af9-9e69-6eb7727d2bec;424.28;0.05314959;UNKNOWN
2016-04-12T01:10:06.000000;2016-04-12T01:10:06.000000;629d8ded-6054-44ed-909c-f3d809a430e4;424.25;0.02362603;UNKNOWN
2016-04-12T01:10:18.000000;2016-04-12T01:10:18.000000;9e1566bf-e6e7-4044-ab42-08c53ce943aa;424.25;0.03218911;UNKNOWN
2016-04-12T01:10:18.000000;2016-04-12T01:10:18.000000;2bbdfd8b-4466-401d-b2a5-772fa705ea0d;424.25;0.05581514;UNKNOWN
2016-04-12T01:10:54.000000;2016-04-12T01:10:54.000000;bd94281f-02e5-4e28-b3d2-98d14bc39000;424.12;0.50610872;UNKNOWN
2016-04-12T01:10:56.000000;2016-04-12T01:10:56.000000;6a63ebf8-c323-46e8-82a7-1bcc1d3e2198;424.12;0.44371801;UNKNOWN
2016-04-12T01:11:17.000000;2016-04-12T01:11:17.000000;0f54d122-0216-453d-9c2e-d24a71403c79;424.25;1.0;UNKNOWN
2016-04-12T01:11:29.000000;2016-04-12T01:11:29.000000;490e9c87-0ef9-4a13-94dd-70553284073a;424.25;1.37199575;UNKNOWN
2016-04-12T01:11:29.000000;2016-04-12T01:11:29.000000;b2d0ec5e-f1dc-410f-b4c4-7493a0731af6;424.27;2.76470425;UNKNOWN
2016-04-12T01:11:29.000000;2016-04-12T01:11:29.000000;db9d7f98-576f-4c85-a15a-07c468031fa3;424.25;5.8633;UNKNOWN
2016-04-12T01:11:38.000000;2016-04-12T01:11:38.000000;00c0662a-5e8e-44e5-bc05-5b87dc37f662;424.28;1.39217147;UNKNOWN
2016-04-12T01:11:38.000000;2016-04-12T01:11:38.000000;f22946b0-f19c-4904-90c8-43b06eec951d;424.3;0.015;UNKNOWN
2016-04-12T01:11:38.000000;2016-04-12T01:11:38.000000;2d0596cf-e46b-4f71-97b2-1c773d31caa4;424.39;8.59282853;UNKNOWN
2016-04-12T01:11:41.000000;2016-04-12T01:11:41.000000;558d496b-1a0f-46e5-8685-273498ba28a9;424.1;0.0529;UNKNOWN
2016-04-12T01:11:47.000000;2016-04-12T01:11:47.000000;ac1303f3-1061-4fb4-9dd0-5b1a0db6ccfc;424.25;3.4769;UNKNOWN
2016-04-12T01:11:47.000000;2016-04-12T01:11:47.000000;431495f0-f02b-4678-ae90-1c678034b1e1;424.51;2.5631;UNKNOWN
2016-04-12T01:11:47.000000;2016-04-12T01:11:47.000000;2bf0a2a1-ce22-4e07-8ebf-2e6a9da87d37;424.5;3.96;UNKNOWN
2016-04-12T01:11:57.000000;2016-04-12T01:11:57.000000;e5fd453f-baa8-444b-9407-92240bf26d43;424.66;4.1776;UNKNOWN
2016-04-12T01:11:57.000000;2016-04-12T01:11:57.000000;df30d92c-cc5c-49e9-8312-ffab0bc26591;424.66;5.8224;UNKNOWN
2016-04-12T01:12:01.000000;2016-04-12T01:12:01.000000;c2c81d04-4c18-496f-9339-2b890f2f3f9d;424.92;3.39803645;UNKNOWN
2016-04-12T01:12:01.000000;2016-04-12T01:12:01.000000;2d828819-1cd0-45fc-9360-c0f0a40a3c78;424.82;1.9977;UNKNOWN
2016-04-12T01:12:01.000000;2016-04-12T01:12:01.000000;efe0dbde-d0fb-4d9b-a983-5fd184905d7f;424.92;4.60426355;UNKNOWN
2016-04-12T01:12:44.000000;2016-04-12T01:12:44.000000;c33f96ae-dbf5-414c-9670-106b98b5dbbc;424.15;5.8442;UNKNOWN
2016-04-12T01:13:04.000000;2016-04-12T01:13:04.000000;82b78ff9-4b08-4b43-ba1d-9b97526d4cc4;424.15;3.00002208;UNKNOWN
2016-04-12T01:13:05.000000;2016-04-12T01:13:05.000000;71fc0977-f53e-468e-a732-f2fccce7b283;424.15;1.6;UNKNOWN
2016-04-12T01:13:16.000000;2016-04-12T01:13:16.000000;87fa9a74-c02d-4b5b-9191-47a698f7a874;424.15;4.5927965;UNKNOWN
2016-04-12T01:13:26.000000;2016-04-12T01:13:26.000000;02cbd3c8-625e-4dcc-9544-2d293789163a;424.18;0.03272976;UNKNOWN
2016-04-12T01:16:04.000000;2016-04-12T01:16:04.000000;d9e3b1af-6f68-43bd-85e7-beb399604ca3;424.14;0.1;UNKNOWN
2016-04-12T01:21:11.000000;2016-04-12T01:21:11.000000;ef2e93c5-987a-42ea-ad20-84dd2f2e36a5;424.14;0.5033;UNKNOWN
2016-04-12T01:21:34.000000;2016-04-12T01:21:34.000000;bf217164-37ec-41dc-a0b3-a3c48a3ba0ae;424.14;0.14543568;UNKNOWN
2016-04-12T01:21:34.000000;2016-04-12T01:21:34.000000;ed89ccd2-4035-446a-b257-cc15484bd432;424.14;0.0897726;UNKNOWN
2016-04-12T01:25:26.000000;2016-04-12T01:25:26.000000;2d781b83-347d-420f-9526-de526b3608f3;424.14;0.09205815;UNKNOWN
2016-04-12T01:26:55.000000;2016-04-12T01:26:55.000000;88463032-b3c0-4c8c-ae69-84c78510c639;424.15;0.02943357;UNKNOWN
2016-04-12T01:26:55.000000;2016-04-12T01:26:55.000000;bdbc069d-69c5-4d8f-b94b-615e139b4624;424.05;3.93056643;UNKNOWN
2016-04-12T01:26:55.000000;2016-04-12T01:26:55.000000;17a4c94f-b3e3-4a67-99d7-9a88bf966d1d;424.14;6.06943357;UNKNOWN
2016-04-12T01:27:39.000000;2016-04-12T01:27:39.000000;d5840382-5e62-4607-8335-7ad4c9bc35db;424.01;0.7262;UNKNOWN
2016-04-12T01:28:21.000000;2016-04-12T01:28:21.000000;7c66049a-9ec3-4c25-99aa-7c9dc619a6bb;424.01;1.70156833;UNKNOWN
2016-04-12T01:28:44.000000;2016-04-12T01:28:44.000000;38d64ebf-a791-414e-a9ae-3b846244053e;424.0;19.99;UNKNOWN
2016-04-12T01:28:44.000000;2016-04-12T01:28:44.000000;048ef1ec-8d14-4fb7-a058-a879c71c11c2;424.0;4.062;UNKNOWN
2016-04-12T01:29:11.000000;2016-04-12T01:29:11.000000;1915e89f-8034-4191-8a11-7f3b0acc9078;424.0;5.9688853;UNKNOWN
2016-04-12T01:29:58.000000;2016-04-12T01:29:58.000000;9c17f7e6-cce1-4378-b9e9-830e85eb36de;424.0;9.0;UNKNOWN
2016-04-12T01:30:07.000000;2016-04-12T01:30:07.000000;b1adb192-89e3-416d-b13e-3cc03ecf4d42;424.01;0.01034534;UNKNOWN
2016-04-12T01:30:07.000000;2016-04-12T01:30:07.000000;5dde003f-6075-4edf-bc69-a60ee4ea68a9;424.03;0.04245466;UNKNOWN
2016-04-12T01:30:32.000000;2016-04-12T01:30:32.000000;b7145dba-cc0e-438f-a477-f04945d56726;424.0;0.33;UNKNOWN
2016-04-12T01:31:02.000000;2016-04-12T01:31:02.000000;a8daa009-1114-4fbf-92fa-40399f718d19;424.01;0.01;UNKNOWN
2016-04-12T01:32:01.000000;2016-04-12T01:32:01.000000;0cd9cc61-3f63-4e07-ae74-25e2d4786d09;424.02;0.01;UNKNOWN
2016-04-12T01:32:04.000000;2016-04-12T01:32:04.000000;092433a4-c5a3-4e5b-890f-447e6640e370;424.02;0.09069904;UNKNOWN
2016-04-12T01:33:12.000000;2016-04-12T01:33:12.000000;49166027-d1ea-47fe-85d6-20d907ef4d91;424.02;0.0472621;UNKNOWN
2016-04-12T01:33:26.000000;2016-04-12T01:33:26.000000;6ad670fd-9cfa-41c5-a9db-2e4e39e85ea1;424.02;0.2363217;UNKNOWN
2016-04-12T01:34:04.000000;2016-04-12T01:34:04.000000;f8b1bc9b-bb37-4a35-a93e-708473862685;424.02;0.0761312;UNKNOWN
2016-04-12T01:34:17.000000;2016-04-12T01:34:17.000000;9d41916c-bb45-4619-a555-aa1b64a99262;424.02;1.0;UNKNOWN
2016-04-12T01:35:31.000000;2016-04-12T01:35:31.000000;27adcde4-c2ab-4939-b53d-069b55b3cb23;424.02;3.0;UNKNOWN
2016-04-12T01:35:34.000000;2016-04-12T01:35:34.000000;2fe91134-968d-431a-b16d-7f18a38e15d0;424.2;0.58475466;UNKNOWN
2016-04-12T01:35:34.000000;2016-04-12T01:35:34.000000;c776a00e-36f8-4b23-bde6-3d6b4c5b47ad;424.03;0.35754534;UNKNOWN
2016-04-12T01:36:06.000000;2016-04-12T01:36:06.000000;492ebe9e-2063-413a-b251-6d111d51e908;424.25;14.8418;UNKNOWN
2016-04-12T01:36:06.000000;2016-04-12T01:36:06.000000;ab4d38fe-d2a3-4f1d-ace4-a8d17fb939c5;424.18;5.8907;UNKNOWN
2016-04-12T01:36:11.000000;2016-04-12T01:36:11.000000;24248d2a-9d5c-4666-b410-c974224041af;424.02;0.47542493;UNKNOWN
2016-04-12T01:40:05.000000;2016-04-12T01:40:05.000000;457cdd47-22ff-40c0-b82a-8aca33d48d55;424.01;0.02323477;UNKNOWN
2016-04-12T01:42:13.000000;2016-04-12T01:42:13.000000;9f359d43-86c2-4fe2-ad35-c68cd80b51ca;424.01;4.9975;UNKNOWN
2016-04-12T01:44:22.000000;2016-04-12T01:44:22.000000;f44a0994-d253-4895-9140-7c26e67d1930;424.01;0.091845;UNKNOWN
2016-04-12T01:45:04.000000;2016-04-12T01:45:04.000000;3068a59f-340e-498a-aa4a-3d43921fdfdf;424.01;0.0528;UNKNOWN
2016-04-12T01:45:07.000000;2016-04-12T01:45:07.000000;1ecbfe5e-03f2-46c6-8911-6f8832f7de01;424.0;0.6391147;UNKNOWN
2016-04-12T01:45:07.000000;2016-04-12T01:45:07.000000;249652a5-72ef-431f-b6d8-4c27410d6c4e;424.01;3.82462023;UNKNOWN
2016-04-12T01:45:07.000000;2016-04-12T01:45:07.000000;f7ba77b7-837d-45c6-8e10-5a92c3587990;424.01;4.337;UNKNOWN
2016-04-12T01:46:14.000000;2016-04-12T01:46:14.000000;69c0ef16-37a7-42d7-9d44-254f9d1a3da3;423.7;0.47263223;UNKNOWN
2016-04-12T01:46:22.000000;2016-04-12T01:46:22.000000;21982410-9efe-409a-85f1-001206556428;423.7;0.17618277;UNKNOWN
2016-04-12T01:46:24.000000;2016-04-12T01:46:24.000000;c300fff3-cdca-4670-af6c-08a061c6b539;423.7;5.8182;UNKNOWN
2016-04-12T01:46:40.000000;2016-04-12T01:46:40.000000;a14ef17b-5d97-4238-b432-282b07af2742;423.7;5.8133;UNKNOWN
2016-04-12T01:46:57.000000;2016-04-12T01:46:57.000000;7366bfc7-b65a-4259-a2ad-c74595dd5ebc;423.7;5.8333;UNKNOWN
2016-04-12T01:47:12.000000;2016-04-12T01:47:12.000000;1d08f43a-c332-49df-8ebd-7e93bd8f23dd;423.7;5.8529;UNKNOWN
2016-04-12T01:47:28.000000;2016-04-12T01:47:28.000000;d593c037-0459-4fba-9160-f9e70d584d5c;423.7;5.82;UNKNOWN
2016-04-12T01:47:44.000000;2016-04-12T01:47:44.000000;c708124d-c76d-4f9e-9c49-0a01e3739818;423.7;5.8792;UNKNOWN
2016-04-12T01:48:00.000000;2016-04-12T01:48:00.000000;3c916f92-d3bd-4823-b1f2-d992a8b58974;423.7;5.8573;UNKNOWN
2016-04-12T01:48:16.000000;2016-04-12T01:48:16.000000;3eee41f0-fcb7-4e8e-8293-d9b17560dae9;423.7;5.8251;UNKNOWN
2016-04-12T01:48:17.000000;2016-04-12T01:48:17.000000;fcdcd09b-952a-485f-b1f9-468911027b06;423.71;0.12004439;UNKNOWN
2016-04-12T01:48:19.000000;2016-04-12T01:48:19.000000;e079fbed-04f3-43eb-a97b-be70159813fb;423.71;0.12004439;UNKNOWN
2016-04-12T01:48:22.000000;2016-04-12T01:48:22.000000;97b2bd0b-fd4c-474a-82ca-558b7e72b9d8;423.7;0.23376199;UNKNOWN
2016-04-12T01:48:29.000000;2016-04-12T01:48:29.000000;4e503e76-b69b-4ce6-ade2-d0d2e04165ca;423.7;0.237;UNKNOWN
2016-04-12T01:48:32.000000;2016-04-12T01:48:32.000000;9792f2b5-c8d1-43c3-b676-0fec8dc8f17c;423.7;5.8413;UNKNOWN
2016-04-12T01:48:37.000000;2016-04-12T01:48:37.000000;16f2efa8-c8b6-4dfa-b1d3-32a1faacf00d;423.71;0.07528754;UNKNOWN
2016-04-12T01:48:39.000000;2016-04-12T01:48:39.000000;5bed9104-8cba-493c-88a3-1c1caf45e943;423.71;0.07528754;UNKNOWN
2016-04-12T01:48:40.000000;2016-04-12T01:48:40.000000;6ae6b74b-028d-45da-a6e4-168c2ac7f620;423.71;0.04760779;UNKNOWN
2016-04-12T01:48:42.000000;2016-04-12T01:48:42.000000;2c010b28-0bcd-4d40-906a-b8ee62f006db;423.71;0.07526842;UNKNOWN
2016-04-12T01:49:26.000000;2016-04-12T01:49:26.000000;6498cf8b-27e7-4bde-b3a2-3a6754a04770;423.7;0.70125292;UNKNOWN
2016-04-12T01:49:29.000000;2016-04-12T01:49:29.000000;7045df4d-1ba1-481d-8ec3-37148ca0cd4a;423.7;0.237;UNKNOWN
2016-04-12T01:49:36.000000;2016-04-12T01:49:36.000000;7f5260a0-ae96-4964-b49b-281868c572e8;423.7;5.849;UNKNOWN
2016-04-12T01:49:41.000000;2016-04-12T01:49:41.000000;3996dc5c-62ba-4270-84b0-7ee6cb265bf3;423.71;0.07412918;UNKNOWN
2016-04-12T01:49:44.000000;2016-04-12T01:49:44.000000;9df43f42-612d-4cc8-8de4-a3e3fcd041ce;423.71;0.07412918;UNKNOWN
2016-04-12T01:49:46.000000;2016-04-12T01:49:46.000000;bea447a5-5201-48ee-8127-bf0b32ead641;423.71;0.07414834;UNKNOWN
2016-04-12T01:49:49.000000;2016-04-12T01:49:49.000000;e6d902bf-0b24-42e5-98d0-e637c124406e;423.71;0.07414834;UNKNOWN
2016-04-12T01:49:52.000000;2016-04-12T01:49:52.000000;53ebbca0-63dd-455c-9a01-e182e77e9366;423.71;0.07660114;UNKNOWN
2016-04-12T01:49:52.000000;2016-04-12T01:49:52.000000;322d7fe2-00ab-42f6-8d54-557786565e0f;423.7;5.901;UNKNOWN
2016-04-12T01:49:54.000000;2016-04-12T01:49:54.000000;57852bd3-cb38-4c2a-b213-1408aea9bd95;423.71;0.0766203;UNKNOWN
2016-04-12T01:49:58.000000;2016-04-12T01:49:58.000000;4b006aca-7b59-4f7d-ba38-2b46ded6ab80;423.71;0.07824929;UNKNOWN
2016-04-12T01:50:00.000000;2016-04-12T01:50:00.000000;f02f4696-febe-413c-9e34-fe24f38fd0b7;423.71;0.07826846;UNKNOWN
2016-04-12T01:50:09.000000;2016-04-12T01:50:09.000000;88e4741b-e1f9-4be9-8cf4-0dbcd01a3e76;423.7;5.8816;UNKNOWN
2016-04-12T01:50:26.000000;2016-04-12T01:50:26.000000;91d683df-8327-4da4-b65d-febf603547e7;423.7;5.8931;UNKNOWN
2016-04-12T01:50:42.000000;2016-04-12T01:50:42.000000;6ddbb31b-b7fe-43f4-ba70-e1e9cf0b525b;423.7;5.8796;UNKNOWN
2016-04-12T01:50:55.000000;2016-04-12T01:50:55.000000;90bd6288-1c31-4c8a-a0d2-93420036355d;423.7;1.7;UNKNOWN
2016-04-12T01:50:59.000000;2016-04-12T01:50:59.000000;ceea91f0-78ab-4412-8f37-c32d2e82474b;423.7;5.8494;UNKNOWN
2016-04-12T01:51:26.000000;2016-04-12T01:51:26.000000;741bd478-1e27-497d-bdbd-92fab4725b0c;423.7;0.13006896;UNKNOWN
2016-04-12T01:53:30.000000;2016-04-12T01:53:30.000000;b7792eed-e364-4881-b6ee-24c3ee1cc542;423.7;5.822;UNKNOWN
2016-04-12T01:55:26.000000;2016-04-12T01:55:26.000000;cd923421-3370-4e03-9650-05cb2034e379;423.7;0.02576849;UNKNOWN
2016-04-12T01:55:44.000000;2016-04-12T01:55:44.000000;d5749447-fac0-4cbc-908a-e72ea92b1c74;423.7;4.9975;UNKNOWN
2016-04-12T01:56:56.000000;2016-04-12T01:56:56.000000;874cf1e7-d29e-43e8-b4ec-0ef73ee7dc8e;423.7;0.03;UNKNOWN
2016-04-12T01:57:11.000000;2016-04-12T01:57:11.000000;ef45cf5f-4fd1-420e-b684-69e366ecb238;423.7;0.02367255;UNKNOWN
2016-04-12T01:57:31.000000;2016-04-12T01:57:31.000000;f438d89f-fee7-4446-b603-be665f0e83fe;423.74;0.10381199;UNKNOWN
2016-04-12T01:57:34.000000;2016-04-12T01:57:34.000000;1065a09f-ca87-4bab-852a-aa3b347d4cdb;423.74;0.05318801;UNKNOWN
2016-04-12T01:58:00.000000;2016-04-12T01:58:00.000000;65e32e88-5d51-4c13-9a17-27082c47a05b;423.7;0.78415645;UNKNOWN
2016-04-12T01:58:00.000000;2016-04-12T01:58:00.000000;efadaf83-64a0-4dee-8fd8-721ec6c14bf3;423.74;0.05062398;UNKNOWN
2016-04-12T01:58:00.000000;2016-04-12T01:58:00.000000;b93af573-f47a-47c8-acf4-8dcf12f83cce;423.74;0.05297547;UNKNOWN
2016-04-12T01:58:04.000000;2016-04-12T01:58:04.000000;a85ba541-8480-4208-8b65-e4194f511982;423.7;0.05574;UNKNOWN
2016-04-12T01:59:34.000000;2016-04-12T01:59:34.000000;97a2b892-c83e-4e2c-a1a6-30fa911cfbd1;423.83;0.05470129;UNKNOWN
2016-04-12T01:59:38.000000;2016-04-12T01:59:38.000000;a512aefb-acaf-4012-b814-02cf34fb148a;423.83;0.05470129;UNKNOWN
2016-04-12T01:59:40.000000;2016-04-12T01:59:40.000000;162bf11d-28cd-4813-b0f8-f31219009231;423.83;0.08369289;UNKNOWN
2016-04-12T01:59:43.000000;2016-04-12T01:59:43.000000;0c47162d-cd8a-434a-9214-fd1531a788c7;423.83;0.08682106;UNKNOWN
2016-04-12T01:59:52.000000;2016-04-12T01:59:52.000000;3094b889-6830-48cb-85c1-17381f3f097a;423.84;0.07373763;UNKNOWN
2016-04-12T01:59:55.000000;2016-04-12T01:59:55.000000;319f0911-a9a7-4b3b-b488-3a225784a6e0;423.84;0.01818938;UNKNOWN
2016-04-12T01:59:57.000000;2016-04-12T01:59:57.000000;7c8f8961-5068-4d98-a16d-981341939451;423.84;0.05681384;UNKNOWN
2016-04-12T02:00:04.000000;2016-04-12T02:00:04.000000;fac89bcc-ea78-42ed-b401-f0bfd626282b;423.83;0.07462992;UNKNOWN
2016-04-12T02:00:04.000000;2016-04-12T02:00:04.000000;967659c1-6b1a-47c7-ab32-ec7a3cf03d94;423.83;0.01425961;UNKNOWN
2016-04-12T02:00:09.000000;2016-04-12T02:00:09.000000;9a53736d-5fdf-4690-8609-6ddabf3c6aa8;423.81;0.05191906;UNKNOWN
2016-04-12T02:00:47.000000;2016-04-12T02:00:47.000000;008b0255-e49e-480b-bb99-61c3881a8c21;423.82;0.05280845;UNKNOWN
2016-04-12T02:04:22.000000;2016-04-12T02:04:22.000000;c08cb6bc-4f78-4d44-b8ed-f8df364c7124;423.7;0.11697751;UNKNOWN
2016-04-12T02:04:22.000000;2016-04-12T02:04:22.000000;9bb35fdc-3711-4661-94c5-9e8dd5f3f55f;423.7;0.03274829;UNKNOWN
2016-04-12T02:09:34.000000;2016-04-12T02:09:34.000000;72ebc5f3-a549-4d2a-aa5a-1ac3c0b02a07;423.82;0.0527;UNKNOWN
2016-04-12T02:09:46.000000;2016-04-12T02:09:46.000000;5085e439-4d38-4a0b-98c1-d1c6bc1a24e6;423.7;0.01894;UNKNOWN
2016-04-12T02:11:26.000000;2016-04-12T02:11:26.000000;94e6330a-f94e-4644-b1e5-2967efcd3717;423.7;10.0;UNKNOWN
2016-04-12T02:11:42.000000;2016-04-12T02:11:42.000000;e5458f50-7eca-4a96-ba60-20a0dd3c9dcd;423.7;0.07567648;UNKNOWN
2016-04-12T02:15:08.000000;2016-04-12T02:15:08.000000;b01ebda9-86e0-485f-84da-51018ebafd13;423.83;3.0;UNKNOWN
2016-04-12T02:15:42.000000;2016-04-12T02:15:42.000000;897e08e2-0aba-409b-a1a7-6564966d3353;423.83;1.0;UNKNOWN
2016-04-12T02:17:26.000000;2016-04-12T02:17:26.000000;d802a8a9-c58e-40ab-9b98-dfcf3dd0ec7b;423.7;0.063;UNKNOWN
2016-04-12T02:20:49.000000;2016-04-12T02:20:49.000000;9c77b802-48c2-4e13-b7ae-53e7e9abdc55;423.7;2.3536;UNKNOWN
2016-04-12T02:21:28.000000;2016-04-12T02:21:28.000000;4ee462b7-fc7a-418a-9e09-5e06285d3b6b;423.82;5.29;UNKNOWN
2016-04-12T02:22:49.000000;2016-04-12T02:22:49.000000;ab30d5ea-29d8-4aac-b298-8938feec028e;423.7;1.0028;UNKNOWN
2016-04-12T02:24:19.000000;2016-04-12T02:24:19.000000;2155c1fc-0131-423e-881a-dc78a5041a9d;423.7;1.0000869;UNKNOWN
2016-04-12T02:24:46.000000;2016-04-12T02:24:46.000000;d28b957a-3663-426f-b03c-d76108b98782;423.7;0.11824451;UNKNOWN
2016-04-12T02:24:46.000000;2016-04-12T02:24:46.000000;41d22d56-2e2c-4d98-ab90-4efada3008cc;423.7;0.054;UNKNOWN
2016-04-12T02:26:14.000000;2016-04-12T02:26:14.000000;ce01a7dd-e1f0-49c7-be7c-0ee22e87dcbd;423.7;0.0472978;UNKNOWN
2016-04-12T02:26:48.000000;2016-04-12T02:26:48.000000;a25fd1ee-50db-47a7-bf50-6baa7b291105;423.7;12.9;UNKNOWN
2016-04-12T02:29:07.000000;2016-04-12T02:29:07.000000;4ed7f712-a04a-490a-b3cd-aa9a5ef15362;423.7;3.0;UNKNOWN
2016-04-12T02:29:51.000000;2016-04-12T02:29:51.000000;fede777c-960c-46b5-9fec-f919fd84d397;423.7;0.0588;UNKNOWN
2016-04-12T02:30:25.000000;2016-04-12T02:30:25.000000;34d2b078-3d00-4a6b-81f4-1d3ebc5c5e8b;423.7;0.66;UNKNOWN
2016-04-12T02:32:06.000000;2016-04-12T02:32:06.000000;a568e958-4f07-4f4f-a576-e487760368d0;423.7;5.8318194;UNKNOWN
2016-04-12T02:33:04.000000;2016-04-12T02:33:04.000000;30b39f02-03f9-4967-bc97-058445f33930;423.7;0.063;UNKNOWN
2016-04-12T02:33:42.000000;2016-04-12T02:33:42.000000;b0018979-74ef-454e-8d2a-73a351512a98;423.7;0.12288928;UNKNOWN
2016-04-12T02:34:54.000000;2016-04-12T02:34:54.000000;2e3a1c28-378e-4edd-b77e-44c40bc9870e;423.7;0.23648902;UNKNOWN
2016-04-12T02:37:57.000000;2016-04-12T02:37:57.000000;38415e7b-637b-460c-aa7a-48383bc57ba4;423.82;0.05;UNKNOWN
2016-04-12T02:39:42.000000;2016-04-12T02:39:42.000000;033d6e17-48a4-4b6e-a97a-b18ee844d6b9;423.77;0.46351849;UNKNOWN
2016-04-12T02:39:46.000000;2016-04-12T02:39:46.000000;994663ef-9f9a-4b4b-bb0d-dc64198f6784;423.78;0.05;UNKNOWN
2016-04-12T02:40:04.000000;2016-04-12T02:40:04.000000;1e253dfd-8674-42f7-bfca-fa1a26192996;423.8;5.0;UNKNOWN
2016-04-12T02:45:24.000000;2016-04-12T02:45:24.000000;62414df4-b895-4e81-a965-647aaa4489fe;423.83;0.4521;UNKNOWN
2016-04-12T02:45:51.000000;2016-04-12T02:45:51.000000;be7dcb80-c598-4878-816c-70cf5af97300;423.83;0.47731047;UNKNOWN
2016-04-12T02:47:26.000000;2016-04-12T02:47:26.000000;5c60c11b-4b99-4b24-ae8b-033b1db1973b;423.83;0.29868722;UNKNOWN
2016-04-12T02:47:36.000000;2016-04-12T02:47:36.000000;db24b016-7232-472b-aba5-a7b321389dea;424.33;1.43;UNKNOWN
2016-04-12T02:47:36.000000;2016-04-12T02:47:36.000000;408beade-2435-4887-abdf-f756c5c0639d;424.33;3.96;UNKNOWN
2016-04-12T02:47:36.000000;2016-04-12T02:47:36.000000;f3ae5d5f-737c-4ea7-bd41-b61fe62b72dd;423.9;0.11;UNKNOWN
2016-04-12T02:48:46.000000;2016-04-12T02:48:46.000000;8478dc4a-22d4-407b-841b-a425a0dc062f;424.0;0.47046885;UNKNOWN
2016-04-12T02:49:07.000000;2016-04-12T02:49:07.000000;04759257-06af-438e-a8ec-daea13134bd8;424.0;5.37173115;UNKNOWN
2016-04-12T02:49:51.000000;2016-04-12T02:49:51.000000;fede61c3-272d-402e-bd99-4857067a1de2;423.85;1.95222567;UNKNOWN
2016-04-12T02:49:51.000000;2016-04-12T02:49:51.000000;a25aac2c-a50a-4436-a4e5-fc0bb2c49c63;423.86;3.96;UNKNOWN
2016-04-12T02:52:22.000000;2016-04-12T02:52:22.000000;5ca4fa73-77f0-40e8-aa3b-d2864da5d6e3;423.7;1.18244513;UNKNOWN
2016-04-12T02:54:47.000000;2016-04-12T02:54:47.000000;6c92f201-74e3-40c0-9afa-504ffc09d4d2;423.7;13.89;UNKNOWN
2016-04-12T02:55:38.000000;2016-04-12T02:55:38.000000;82e4fc81-e29f-4c7b-989d-6b45735072b1;423.7;0.2;UNKNOWN
2016-04-12T02:56:50.000000;2016-04-12T02:56:50.000000;b67a68da-1397-4630-b224-09dc305a32cb;423.84;2.5;UNKNOWN
2016-04-12T02:58:22.000000;2016-04-12T02:58:22.000000;ee68f7f8-d8ee-4b7d-9b80-ac2e360224f2;423.7;0.70946708;UNKNOWN
2016-04-12T03:00:07.000000;2016-04-12T03:00:07.000000;30ec9472-209c-4026-8346-4da7aa7d2a03;423.91;2.97271878;UNKNOWN
2016-04-12T03:00:14.000000;2016-04-12T03:00:14.000000;9a8fc4ce-a366-4a4b-9d6f-af9a62547ab2;424.07;2.58523436;UNKNOWN
2016-04-12T03:00:52.000000;2016-04-12T03:00:52.000000;cda7c547-73d2-4443-ab61-878e982d20bd;424.35;0.23593808;UNKNOWN
2016-04-12T03:01:05.000000;2016-04-12T03:01:05.000000;b3e67800-3653-4aca-9516-9d5d84cc0af6;424.21;1.0;UNKNOWN
2016-04-12T03:03:26.000000;2016-04-12T03:03:26.000000;6de44dbc-3394-4bc4-b60f-8f4a95dc35a8;424.3;0.07068;UNKNOWN
2016-04-12T03:03:52.000000;2016-04-12T03:03:52.000000;a7f6ac5e-7922-4bd9-b7dc-8b597c0f2a2b;424.29;1.0;UNKNOWN
2016-04-12T03:03:52.000000;2016-04-12T03:03:52.000000;5da90986-685c-44f0-a258-7935bb02d0bb;423.72;1.0925;UNKNOWN
2016-04-12T03:03:52.000000;2016-04-12T03:03:52.000000;91ace974-85c6-4216-9fa8-77b384613a08;424.31;0.0175;UNKNOWN
2016-04-12T03:04:13.000000;2016-04-12T03:04:13.000000;e5079f09-c4cc-4776-94a4-d58dda5a8cdd;424.3;0.68775231;UNKNOWN
2016-04-12T03:05:22.000000;2016-04-12T03:05:22.000000;5dc23d23-6cf7-4901-991e-5882639fc890;424.32;10.0;UNKNOWN
2016-04-12T03:06:14.000000;2016-04-12T03:06:14.000000;f310ccd0-f598-4276-a85f-ea0f421cb755;424.3;0.23692191;UNKNOWN
2016-04-12T03:06:31.000000;2016-04-12T03:06:31.000000;dc6e10ed-c0de-4eca-b380-8ffdf536709f;424.3;0.02361546;UNKNOWN
2016-04-12T03:07:52.000000;2016-04-12T03:07:52.000000;4b6e0341-e319-4845-9a4d-524a1a212842;424.49;0.23305609;UNKNOWN
2016-04-12T03:07:52.000000;2016-04-12T03:07:52.000000;3b379ce8-f263-44eb-9539-f39b3b4cfe85;424.35;0.26563787;UNKNOWN
2016-04-12T03:08:25.000000;2016-04-12T03:08:25.000000;823aa6af-14e7-4d29-86f0-e9e84eb1daad;424.49;0.43069023;UNKNOWN
2016-04-12T03:08:35.000000;2016-04-12T03:08:35.000000;5db84e36-e0f6-486f-8adf-9daee7fa63ca;424.49;0.11315609;UNKNOWN
2016-04-12T03:08:37.000000;2016-04-12T03:08:37.000000;d143a66d-a2cf-498b-9fc6-90212ed50659;424.49;0.11315609;UNKNOWN
2016-04-12T03:08:50.000000;2016-04-12T03:08:50.000000;da45dabc-4663-4f67-9f4f-da87aa4f7bf8;424.49;8.80073493;UNKNOWN
2016-04-12T03:08:51.000000;2016-04-12T03:08:51.000000;6478d272-190d-40fb-8a63-8d872b4f7a21;424.5;9.62287157;UNKNOWN
2016-04-12T03:08:51.000000;2016-04-12T03:08:51.000000;614b7dd0-0e11-448f-9b95-98b666b6ffd7;424.49;0.29920657;UNKNOWN
2016-04-12T03:09:26.000000;2016-04-12T03:09:26.000000;d6ddcbf2-8d4a-49d2-9eef-df7b406f553c;424.71;0.0498;UNKNOWN
2016-04-12T03:09:38.000000;2016-04-12T03:09:38.000000;5ef47d5b-60f2-4d4b-a9d1-924346f526f0;424.7;4.57650195;UNKNOWN
2016-04-12T03:09:38.000000;2016-04-12T03:09:38.000000;52ed2017-bc49-46c1-9388-640bc6abff64;424.7;0.157;UNKNOWN
2016-04-12T03:09:38.000000;2016-04-12T03:09:38.000000;2195e834-349b-4702-9a4e-1e36090efcd7;424.7;4.57760179;UNKNOWN
2016-04-12T03:09:38.000000;2016-04-12T03:09:38.000000;079c788b-a91c-491e-a056-adffaf9ecaac;424.7;4.5767114;UNKNOWN
2016-04-12T03:09:38.000000;2016-04-12T03:09:38.000000;55c4ca44-762f-4d7c-9dfd-a443b8f411a4;424.7;4.57676377;UNKNOWN
2016-04-12T03:09:38.000000;2016-04-12T03:09:38.000000;d6d8969c-1c5e-4410-a40a-e8ccddda630a;424.7;4.57650195;UNKNOWN
2016-04-12T03:09:38.000000;2016-04-12T03:09:38.000000;114e1792-2e82-4741-b144-4c691d7f175a;424.7;4.57760179;UNKNOWN
2016-04-12T03:09:38.000000;2016-04-12T03:09:38.000000;6424719c-9c87-46b4-975b-e131446852e2;424.7;4.57676377;UNKNOWN
2016-04-12T03:09:38.000000;2016-04-12T03:09:38.000000;3d0b536e-4f25-4060-b0c8-dcb9ca4e52e5;424.7;11.3463;UNKNOWN
2016-04-12T03:09:38.000000;2016-04-12T03:09:38.000000;46a4e141-c1fd-4b6a-9977-50321a29d9a7;424.7;4.05864218;UNKNOWN
2016-04-12T03:09:38.000000;2016-04-12T03:09:38.000000;f7802d09-d8f9-49c2-b701-f1736673213c;424.7;4.5767114;UNKNOWN
2016-04-12T03:09:38.000000;2016-04-12T03:09:38.000000;45c6dfa7-d69a-423e-a7e0-ab80b8ca3afe;424.7;5.8229;UNKNOWN
2016-04-12T03:09:56.000000;2016-04-12T03:09:56.000000;943194b1-e0f7-496e-b389-e8c91197fbf8;424.71;0.0502;UNKNOWN
2016-04-12T03:10:11.000000;2016-04-12T03:10:11.000000;37ef4b44-ce5a-4c5d-a961-197ac6ef8f43;424.81;0.031;UNKNOWN
2016-04-12T03:10:14.000000;2016-04-12T03:10:14.000000;669884f0-8266-45b9-b4f7-4b2ca425c75c;424.81;0.27132841;UNKNOWN
2016-04-12T03:10:18.000000;2016-04-12T03:10:18.000000;7b596d28-5d11-431f-b554-5a1a94252348;424.82;0.1;UNKNOWN
2016-04-12T03:10:18.000000;2016-04-12T03:10:18.000000;6614e86c-f767-4023-a1e6-117fa529228f;424.83;0.1;UNKNOWN
2016-04-12T03:10:18.000000;2016-04-12T03:10:18.000000;5fba44ca-d027-4b63-9738-66fe85c1f81d;424.9;9.7;UNKNOWN
2016-04-12T03:10:18.000000;2016-04-12T03:10:18.000000;9550c97d-9c91-47c3-b00d-4f742a7641f2;424.82;0.1;UNKNOWN
2016-04-12T03:10:19.000000;2016-04-12T03:10:19.000000;d27d65e9-f21a-4fa3-be14-16703764c01c;424.9;0.3498;UNKNOWN
2016-04-12T03:10:40.000000;2016-04-12T03:10:40.000000;a56e84c7-2b98-4362-8e69-7ffe13ca1e9d;424.9;2.0;UNKNOWN
2016-04-12T03:10:58.000000;2016-04-12T03:10:58.000000;679957e2-f7f3-423d-ac0d-6aff87dd16b9;424.9;1.0;UNKNOWN
2016-04-12T03:11:06.000000;2016-04-12T03:11:06.000000;fc7538fe-cae6-4221-9629-8d54fd51ea27;424.89;0.01477;UNKNOWN
2016-04-12T03:11:27.000000;2016-04-12T03:11:27.000000;adcfedc7-16b9-4a3a-a474-e4b6e62e8e8a;424.9;0.811;UNKNOWN
2016-04-12T03:11:34.000000;2016-04-12T03:11:34.000000;4a49a8f2-780e-48d4-8792-7f79527b0fcb;424.89;0.16528874;UNKNOWN
2016-04-12T03:11:38.000000;2016-04-12T03:11:38.000000;38a371bb-9e8d-4c12-a8a6-cf5cef4c8de1;424.9;7.0;UNKNOWN
2016-04-12T03:12:11.000000;2016-04-12T03:12:11.000000;0b6dcd8f-362a-4305-ae35-3e964b3f9e13;424.89;0.02481;UNKNOWN
2016-04-12T03:12:46.000000;2016-04-12T03:12:46.000000;d408375b-a250-4063-b8c5-ea77db40fcc5;424.89;0.05903865;UNKNOWN
2016-04-12T03:12:49.000000;2016-04-12T03:12:49.000000;f681545c-77db-4d22-8acb-df5272369d58;424.89;1.0;UNKNOWN
2016-04-12T03:14:09.000000;2016-04-12T03:14:09.000000;1be8990c-6384-4237-b9b3-08f30ece5534;424.89;1.0;UNKNOWN
2016-04-12T03:14:38.000000;2016-04-12T03:14:38.000000;66c42791-4f1d-471b-ba8f-0017d9926fee;424.9;5.14;UNKNOWN
2016-04-12T03:14:39.000000;2016-04-12T03:14:39.000000;18cd237b-d0d6-4132-86b2-131be148a40b;424.9;6.51;UNKNOWN
2016-04-12T03:14:42.000000;2016-04-12T03:14:42.000000;1ec42235-d3ec-45e2-8a17-b9e06184f874;424.9;0.13;UNKNOWN
2016-04-12T03:14:42.000000;2016-04-12T03:14:42.000000;c0fe4aea-60f8-4a7a-ad8b-c8d02c4896d0;424.9;23.2433;UNKNOWN
2016-04-12T03:14:46.000000;2016-04-12T03:14:46.000000;0ed28042-f99f-4ce7-9261-9e8c8ed8e226;425.0;3.0;UNKNOWN
2016-04-12T03:14:46.000000;2016-04-12T03:14:46.000000;53f7ff9b-6f63-487b-a797-88e813b4acac;424.98;1.0;UNKNOWN
2016-04-12T03:14:46.000000;2016-04-12T03:14:46.000000;50cb7163-4eb0-45b9-8326-5cbf40ea87d5;424.91;0.1;UNKNOWN
2016-04-12T03:14:46.000000;2016-04-12T03:14:46.000000;e85d9b62-d4d1-4ba4-885d-24251c709803;424.99;9.99;UNKNOWN
2016-04-12T03:14:46.000000;2016-04-12T03:14:46.000000;1f9dcf61-8097-4dac-b996-495bb4479ea7;425.0;0.01;UNKNOWN
2016-04-12T03:14:46.000000;2016-04-12T03:14:46.000000;2a0632a2-0537-4c40-89c4-4c079300cacd;425.0;194.67666528;UNKNOWN
2016-04-12T03:14:46.000000;2016-04-12T03:14:46.000000;2332a7b3-d02e-4e13-b91f-867f3379bb7c;424.9;0.1;UNKNOWN
2016-04-12T03:14:46.000000;2016-04-12T03:14:46.000000;8833bc35-853a-4396-ae66-87dbcfb681c1;424.9;34.1159;UNKNOWN
2016-04-12T03:14:46.000000;2016-04-12T03:14:46.000000;ad35c46f-5d58-4a10-a416-fe9a6a1de045;425.0;4.0;UNKNOWN
2016-04-12T03:14:46.000000;2016-04-12T03:14:46.000000;9a76655a-d9eb-47f6-85ab-a6e9a9929289;425.0;0.01;UNKNOWN
2016-04-12T03:14:46.000000;2016-04-12T03:14:46.000000;9b3bb9ae-a01b-49e4-a9fb-7bd77fce1c1b;425.0;7.19894178;UNKNOWN
2016-04-12T03:14:46.000000;2016-04-12T03:14:46.000000;22ec732b-16c5-4af7-9bde-3e5d36143172;425.0;0.0840589;UNKNOWN
2016-04-12T03:14:46.000000;2016-04-12T03:14:46.000000;bf4f19dc-ef21-4880-bd7a-738320ae46d0;425.0;0.2;UNKNOWN
2016-04-12T03:14:46.000000;2016-04-12T03:14:46.000000;4a63b601-1457-48a7-ad88-0869308f5b04;425.0;0.2;UNKNOWN
2016-04-12T03:14:46.000000;2016-04-12T03:14:46.000000;5621c9b9-43fa-45cd-9563-5f4c025a7941;425.0;19.99;UNKNOWN
2016-04-12T03:14:46.000000;2016-04-12T03:14:46.000000;9e72e826-b30b-4580-a193-8d47a4d22e61;425.0;2.0;UNKNOWN
2016-04-12T03:14:47.000000;2016-04-12T03:14:47.000000;0bab83bd-932c-40b5-8fc4-0219719f8e7a;425.04;2.0;UNKNOWN
2016-04-12T03:14:47.000000;2016-04-12T03:14:47.000000;f6509959-ed08-485e-ad28-f2c1cb12379f;425.02;0.1;UNKNOWN
2016-04-12T03:14:47.000000;2016-04-12T03:14:47.000000;e2dd2f19-73ce-48ed-a633-a8c132b788a0;425.02;5.8499;UNKNOWN
2016-04-12T03:14:47.000000;2016-04-12T03:14:47.000000;00fe7639-b242-444e-8f7b-96bf85a11837;425.01;0.1;UNKNOWN
2016-04-12T03:14:49.000000;2016-04-12T03:14:49.000000;a8c0cde2-1826-4c09-b451-39bd308dedca;425.04;0.6;UNKNOWN
2016-04-12T03:14:52.000000;2016-04-12T03:14:52.000000;d907c2e9-f6f4-4eff-a24a-57e454b950cb;426.0;10.59239607;UNKNOWN
2016-04-12T03:14:52.000000;2016-04-12T03:14:52.000000;3e282f1b-0021-45d5-9549-a17d86e77d48;425.78;10.0;UNKNOWN
2016-04-12T03:14:52.000000;2016-04-12T03:14:52.000000;773e478d-2b4e-4dd0-8863-2200284f970b;425.91;0.598386;UNKNOWN
2016-04-12T03:14:52.000000;2016-04-12T03:14:52.000000;e7cffa0f-79e6-433e-988e-4482628dd0d1;425.77;0.5;UNKNOWN
2016-04-12T03:14:52.000000;2016-04-12T03:14:52.000000;56eecd08-ca50-4d86-8842-4e7fab9beafd;425.99;1.54948457;UNKNOWN
2016-04-12T03:14:52.000000;2016-04-12T03:14:52.000000;7546ac45-85ff-4426-884b-d99315b5e40b;425.99;5.58239607;UNKNOWN
2016-04-12T03:14:52.000000;2016-04-12T03:14:52.000000;7af1dc7f-a9f9-4fa8-9f78-2d4dbc58d77d;425.99;4.40760393;UNKNOWN
2016-04-12T03:14:52.000000;2016-04-12T03:14:52.000000;0700a7b7-1743-40a5-9174-f61e0f663851;425.99;2.41760393;UNKNOWN
2016-04-12T03:14:52.000000;2016-04-12T03:14:52.000000;25324604-3e31-42c2-9021-16d0a3653501;425.78;0.1;UNKNOWN
2016-04-12T03:14:52.000000;2016-04-12T03:14:52.000000;a878e7f6-1089-4ed7-9de9-630c401bda49;426.0;1.0;UNKNOWN
2016-04-12T03:14:52.000000;2016-04-12T03:14:52.000000;14b1314b-89bc-4194-83b7-da09d2584fa2;425.99;4.0;UNKNOWN
2016-04-12T03:14:52.000000;2016-04-12T03:14:52.000000;2c84503a-e72c-435b-b478-35350f64d881;425.48;1.14;UNKNOWN
2016-04-12T03:14:52.000000;2016-04-12T03:14:52.000000;19051008-3739-44b3-b0f8-6a6550af723c;425.66;0.5;UNKNOWN
2016-04-12T03:14:52.000000;2016-04-12T03:14:52.000000;2d43e3eb-a788-420a-8872-f0943b5469e0;425.5;2.4;UNKNOWN
2016-04-12T03:14:52.000000;2016-04-12T03:14:52.000000;29fe5f97-ddb9-43db-aeae-39245f1ff048;425.9;0.1;UNKNOWN
2016-04-12T03:14:52.000000;2016-04-12T03:14:52.000000;c667e750-395c-4584-9604-e86e307e3326;425.9;0.09;UNKNOWN
2016-04-12T03:14:52.000000;2016-04-12T03:14:52.000000;f162f20c-893e-4939-b55f-1df64610557d;425.18;0.6803686;UNKNOWN
2016-04-12T03:14:52.000000;2016-04-12T03:14:52.000000;90772c1a-f52c-4a42-ace8-3297e8c3e4f0;425.81;3.98;UNKNOWN
2016-04-12T03:14:52.000000;2016-04-12T03:14:52.000000;81425851-f63b-4ac6-8c76-088a9d770983;425.05;0.15751326;UNKNOWN
2016-04-12T03:14:52.000000;2016-04-12T03:14:52.000000;60bc56af-e618-4aa3-998c-fe865648d57a;425.3;1.0;UNKNOWN
2016-04-12T03:14:52.000000;2016-04-12T03:14:52.000000;07a8b456-7c2c-46f1-b05f-4b2b28bf65b6;425.4;0.64;UNKNOWN
2016-04-12T03:14:52.000000;2016-04-12T03:14:52.000000;aa4eaac6-f5c2-4b4e-a212-d517669793a1;425.49;6.87947057;UNKNOWN
2016-04-12T03:14:52.000000;2016-04-12T03:14:52.000000;9fae3e8c-8df7-46a7-8918-3739dfa6dafb;425.8;0.0116;UNKNOWN
2016-04-12T03:14:52.000000;2016-04-12T03:14:52.000000;5b1e3dd3-6900-4f4d-9ef6-180554d06a54;425.57;0.01;UNKNOWN
2016-04-12T03:14:52.000000;2016-04-12T03:14:52.000000;678b2042-1635-42a0-9c2d-a0e4b56af4d4;425.17;2.020257;UNKNOWN
2016-04-12T03:14:52.000000;2016-04-12T03:14:52.000000;d6540d61-c1ab-4a1a-a159-78c13c134615;425.49;3.11052943;UNKNOWN
2016-04-12T03:14:52.000000;2016-04-12T03:14:52.000000;92e8b6ed-980e-457e-bde6-0df7a1939b91;425.28;0.01;UNKNOWN
2016-04-12T03:14:52.000000;2016-04-12T03:14:52.000000;62987f86-0b46-4998-9556-5fff856ed5fb;425.37;0.18083624;UNKNOWN
2016-04-12T03:14:52.000000;2016-04-12T03:14:52.000000;dd2bd774-a082-48b4-ab9b-a1e4bbdb2a3c;425.1;0.47155433;UNKNOWN
2016-04-12T03:14:52.000000;2016-04-12T03:14:52.000000;92e40a28-ca9e-4a18-90f7-0eddd91fc74a;425.43;1.0;UNKNOWN
2016-04-12T03:14:52.000000;2016-04-12T03:14:52.000000;74cd5029-30b9-468c-92a9-bc5fe16fb969;425.2;0.1;UNKNOWN
2016-04-12T03:14:52.000000;2016-04-12T03:14:52.000000;7cb312e4-1a76-4d0a-9136-926ba1886545;425.2;0.4;UNKNOWN
2016-04-12T03:14:52.000000;2016-04-12T03:14:52.000000;a0315c83-9835-4633-befb-73cba4b19b8f;425.16;0.1;UNKNOWN
2016-04-12T03:14:52.000000;2016-04-12T03:14:52.000000;ef39dda4-2380-4349-bc56-4dae1345c397;425.28;0.1;UNKNOWN
2016-04-12T03:14:52.000000;2016-04-12T03:14:52.000000;c24eb464-eee2-42a9-8956-944c121b435d;425.6;0.05;UNKNOWN
2016-04-12T03:14:52.000000;2016-04-12T03:14:52.000000;0f941927-768e-4a17-b2b9-3c0ac2e262c4;425.5;2.0;UNKNOWN
2016-04-12T03:14:52.000000;2016-04-12T03:14:52.000000;36a6b86c-755a-4e85-99e3-59e0f90e6c11;425.16;5.12;UNKNOWN
2016-04-12T03:14:53.000000;2016-04-12T03:14:53.000000;8f219bd2-eb2b-4ec4-9c7a-3838ef5ab54c;426.0;9.40760393;UNKNOWN
2016-04-12T03:14:53.000000;2016-04-12T03:14:53.000000;9991c3d1-9d5d-408b-94ac-0822444f706f;426.0;0.59239607;UNKNOWN
2016-04-12T03:14:57.000000;2016-04-12T03:14:57.000000;49afa5e0-ef7d-4775-adb7-4644130316cf;426.0;0.2;UNKNOWN
2016-04-12T03:14:57.000000;2016-04-12T03:14:57.000000;25cf87b2-e55f-4c3b-9732-0479040ea2c3;426.19;0.01;UNKNOWN
2016-04-12T03:14:57.000000;2016-04-12T03:14:57.000000;35e365e8-cf44-4d05-9c28-d64227ffcbec;426.39;13.188537;UNKNOWN
2016-04-12T03:14:57.000000;2016-04-12T03:14:57.000000;fe8c74d7-2a5b-47e1-a2c0-51ba7c4bf531;426.0;1.40760393;UNKNOWN
2016-04-12T03:14:57.000000;2016-04-12T03:14:57.000000;39e08934-bcc0-4d84-a781-ac57d772817d;426.63;0.061061;UNKNOWN
2016-04-12T03:14:57.000000;2016-04-12T03:14:57.000000;4b0681e9-3c61-4963-8c9b-baa3fd3b7388;426.39;0.3;UNKNOWN
2016-04-12T03:14:57.000000;2016-04-12T03:14:57.000000;b82c9e38-ae05-4689-ae41-2cbb8ec6d314;426.39;0.5;UNKNOWN
2016-04-12T03:14:57.000000;2016-04-12T03:14:57.000000;7c4b0df4-a05c-4671-bae2-1f32c019156e;426.4;0.64;UNKNOWN
2016-04-12T03:14:57.000000;2016-04-12T03:14:57.000000;b35b57bb-d7b9-4530-b853-ad207ccf29ec;426.0;50.0;UNKNOWN
2016-04-12T03:14:57.000000;2016-04-12T03:14:57.000000;aa519366-87e8-4b9c-a4e2-f20e6ee98dfc;426.0;0.1;UNKNOWN
2016-04-12T03:14:57.000000;2016-04-12T03:14:57.000000;8b37be09-ceaf-4db5-9bb0-825ec6db1be2;426.0;2.0;UNKNOWN
2016-04-12T03:14:57.000000;2016-04-12T03:14:57.000000;e93a45d6-6e9f-4189-9502-41a526c87555;426.0;5.03292624;UNKNOWN
2016-04-12T03:14:57.000000;2016-04-12T03:14:57.000000;457ae3fd-121d-47d7-bc08-e1c4fcfcfb8a;426.0;8.96309273;UNKNOWN
2016-04-12T03:14:57.000000;2016-04-12T03:14:57.000000;a7810e11-4a91-4c01-be87-15946e3f61de;426.24;1.0;UNKNOWN
2016-04-12T03:14:57.000000;2016-04-12T03:14:57.000000;e248d8ed-dc56-4dd8-bfa9-7542e2daccdd;426.49;9.99;UNKNOWN
2016-04-12T03:14:57.000000;2016-04-12T03:14:57.000000;7343fe50-6a7d-4804-a249-27707049dba2;426.0;0.1;UNKNOWN
2016-04-12T03:14:57.000000;2016-04-12T03:14:57.000000;aaec22c0-ed4b-493d-9228-c4d50d6f838e;426.39;5.011463;UNKNOWN
2016-04-12T03:14:57.000000;2016-04-12T03:14:57.000000;64db14cd-0874-43c0-81cf-f9e22bfaaa74;426.0;0.0111888;UNKNOWN
2016-04-12T03:14:57.000000;2016-04-12T03:14:57.000000;a913ff41-f449-435c-baf5-10f7d48260aa;426.0;7.5;UNKNOWN
2016-04-12T03:14:57.000000;2016-04-12T03:14:57.000000;5adc1f05-a3ba-4fbe-9c01-624fd229095c;426.55;0.161463;UNKNOWN
2016-04-12T03:14:57.000000;2016-04-12T03:14:57.000000;0fe6993c-f773-4c7f-8ad4-49a2b0a05275;426.0;44.96707376;UNKNOWN
2016-04-12T03:14:57.000000;2016-04-12T03:14:57.000000;551e7eb9-8eef-48f6-a4a0-b018d1df03ed;426.09;0.11558914;UNKNOWN
2016-04-12T03:14:57.000000;2016-04-12T03:14:57.000000;57c7a2ed-b699-4d94-8268-2c2f904a86bd;426.19;2.81;UNKNOWN
2016-04-12T03:14:57.000000;2016-04-12T03:14:57.000000;31f8eafa-d4c8-464d-85c0-345792023979;426.0;9.3469416;UNKNOWN
2016-04-12T03:14:57.000000;2016-04-12T03:14:57.000000;5d2df674-8953-4f86-b70a-a96ba5d6b7b3;426.0;1.52690727;UNKNOWN
2016-04-12T03:14:57.000000;2016-04-12T03:14:57.000000;296538c2-ded5-4e34-bd99-1d7a2884bc28;425.9;0.0499;UNKNOWN
2016-04-12T03:14:57.000000;2016-04-12T03:14:57.000000;6fa98534-0227-409b-9983-241d9d191a23;426.55;13.055537;UNKNOWN
2016-04-12T03:14:57.000000;2016-04-12T03:14:57.000000;db287bc9-b945-470c-b1d4-646abf9637a7;426.22;3.0;UNKNOWN
2016-04-12T03:14:57.000000;2016-04-12T03:14:57.000000;e9903808-108c-48e9-86bd-2f8d5ef829f1;425.89;0.3;UNKNOWN
2016-04-12T03:14:57.000000;2016-04-12T03:14:57.000000;46881639-b7ee-4bf0-aba8-06901f2e8b45;426.0;1.23292624;UNKNOWN
2016-04-12T03:14:57.000000;2016-04-12T03:14:57.000000;d082b065-3d85-4134-b9db-66430b3ac032;426.0;7.0;UNKNOWN
2016-04-12T03:14:57.000000;2016-04-12T03:14:57.000000;38809570-0977-4c8d-bbbb-86721d42cad6;426.36;0.02002162;UNKNOWN
2016-04-12T03:14:57.000000;2016-04-12T03:14:57.000000;c13e4430-d425-44ed-9f70-0696b3245ebd;426.69;10.0;UNKNOWN
2016-04-12T03:14:57.000000;2016-04-12T03:14:57.000000;71b7b67c-7e53-42f9-8f4c-cfa1c437f924;426.71;0.05;UNKNOWN
2016-04-12T03:14:57.000000;2016-04-12T03:14:57.000000;a6d2cfb4-23bd-43d5-933b-bfca982bc0e4;426.65;0.221494;UNKNOWN
2016-04-12T03:14:57.000000;2016-04-12T03:14:57.000000;73168935-8ea7-4139-aeba-a441601e98b6;426.5;0.02;UNKNOWN
2016-04-12T03:14:57.000000;2016-04-12T03:14:57.000000;aa21d8c4-ffad-4a44-8629-fa47ee44184b;426.5;1.0;UNKNOWN
2016-04-12T03:14:57.000000;2016-04-12T03:14:57.000000;15742c94-4d7b-4a1a-847d-53adcd5ae599;426.72;2.33235401;UNKNOWN
2016-04-12T03:14:57.000000;2016-04-12T03:14:57.000000;9680aad3-0a7a-4554-9e8d-4ae3084d1410;426.69;7.338092;UNKNOWN
2016-04-12T03:14:57.000000;2016-04-12T03:14:57.000000;b1b77620-9ada-4ec7-b698-cdf1ad58b33c;426.0;3.5;UNKNOWN
2016-04-12T03:14:57.000000;2016-04-12T03:14:57.000000;4963b494-05da-40db-b3fc-8b4b93e648b6;426.69;11.661908;UNKNOWN
2016-04-12T03:14:57.000000;2016-04-12T03:14:57.000000;d1542b58-5965-4942-a300-04b9e56afe64;426.0;0.3044;UNKNOWN
2016-04-12T03:14:58.000000;2016-04-12T03:14:58.000000;eec0c4bf-f266-4596-ad26-8dd89c73a621;426.87;6.0;UNKNOWN
2016-04-12T03:14:58.000000;2016-04-12T03:14:58.000000;8dbed27c-426b-4a79-9958-5db1fbc42d4d;426.86;0.60451626;UNKNOWN
2016-04-12T03:14:58.000000;2016-04-12T03:14:58.000000;2e4d06f5-5144-4c91-8e3d-dffb8f56fa16;426.86;8.84548374;UNKNOWN
2016-04-12T03:14:58.000000;2016-04-12T03:14:58.000000;01b7edae-8096-41f5-a0f1-c07c14b15782;426.87;1.39548374;UNKNOWN
2016-04-12T03:14:58.000000;2016-04-12T03:14:58.000000;6e26d840-e266-46cf-9fbe-236f673cb59e;426.72;5.0;UNKNOWN
2016-04-12T03:14:58.000000;2016-04-12T03:14:58.000000;645eb0df-4fd9-443b-999c-b8be84f5e217;426.77;0.41985401;UNKNOWN
2016-04-12T03:14:58.000000;2016-04-12T03:14:58.000000;6ceb8959-3e28-4f8a-af3f-e5bf05827fc3;426.78;0.5;UNKNOWN
2016-04-12T03:14:58.000000;2016-04-12T03:14:58.000000;01ad9ff5-32f3-4788-ab27-e304ee86ade3;426.77;0.33437027;UNKNOWN
2016-04-12T03:14:58.000000;2016-04-12T03:14:58.000000;c86861dd-7884-4bd3-bcce-50ba672eddc6;426.72;4.58014599;UNKNOWN
2016-04-12T03:14:58.000000;2016-04-12T03:14:58.000000;578ac9b2-652f-46ee-b530-178064e56e0b;426.77;0.24;UNKNOWN
2016-04-12T03:14:58.000000;2016-04-12T03:14:58.000000;fdc52c2a-b60f-4456-b2f1-b6ec23568cbf;426.77;0.08014599;UNKNOWN
2016-04-12T03:15:04.000000;2016-04-12T03:15:04.000000;b5ed47f7-f55f-4a81-ad19-a91e0c530089;426.88;0.23755913;UNKNOWN
2016-04-12T03:15:04.000000;2016-04-12T03:15:04.000000;b93d322a-43c8-4bf2-ac1a-8bfe4565fd32;426.88;1.63980509;UNKNOWN
2016-04-12T03:15:04.000000;2016-04-12T03:15:04.000000;60dd026d-a591-48f7-bed8-fa29a2f26d5e;426.87;10.0;UNKNOWN
2016-04-12T03:15:04.000000;2016-04-12T03:15:04.000000;433c3315-0fcb-4e90-9368-db17ac6785e3;426.87;3.2367;UNKNOWN
2016-04-12T03:15:04.000000;2016-04-12T03:15:04.000000;df2ceb65-ac1c-402b-8765-188ea1ceab3c;426.88;12.12125404;UNKNOWN
2016-04-12T03:15:04.000000;2016-04-12T03:15:04.000000;710f98ba-1918-4333-bf83-c24a70573a11;426.88;6.52574087;UNKNOWN
2016-04-12T03:15:04.000000;2016-04-12T03:15:04.000000;a49dddb2-d9c9-432d-ad84-0aa09f5a9e05;426.89;17.87874596;UNKNOWN
2016-04-12T03:15:04.000000;2016-04-12T03:15:04.000000;b1521d6c-a8c8-424b-9b16-a624423c670a;426.88;2.0;UNKNOWN
2016-04-12T03:15:04.000000;2016-04-12T03:15:04.000000;7a42d1de-3c75-4b87-9255-f57976d4cf7f;426.89;5.0;UNKNOWN
2016-04-12T03:15:09.000000;2016-04-12T03:15:09.000000;a1c3c6b6-ee1c-4cb8-af90-0150138a1ea3;426.84;1.7;UNKNOWN
2016-04-12T03:15:10.000000;2016-04-12T03:15:10.000000;f0697074-3396-44bc-ad0a-b1018e2267d6;426.84;5.7;UNKNOWN
2016-04-12T03:15:11.000000;2016-04-12T03:15:11.000000;e3c1a999-569d-4431-b77d-bd7ea0e8c5ed;426.12;0.71096368;UNKNOWN
2016-04-12T03:15:13.000000;2016-04-12T03:15:13.000000;ddda0d7c-745d-49ae-97a1-66fcc2166b80;426.12;0.01;UNKNOWN
2016-04-12T03:15:13.000000;2016-04-12T03:15:13.000000;bf1cbb99-187d-4610-afcd-68e157a166e9;426.84;0.0975;UNKNOWN
2016-04-12T03:15:14.000000;2016-04-12T03:15:14.000000;ae6b3d71-08cc-4cad-b85d-b205d411d3e1;426.12;0.0199;UNKNOWN
2016-04-12T03:15:24.000000;2016-04-12T03:15:24.000000;6ffb7b4e-aa90-4c80-a02f-7b36937e922a;426.72;0.04;UNKNOWN
2016-04-12T03:15:25.000000;2016-04-12T03:15:25.000000;dc7324aa-747c-4bfa-8e7b-aeb815e812ba;426.72;5.7936;UNKNOWN
2016-04-12T03:15:25.000000;2016-04-12T03:15:25.000000;d1357a36-7d48-4334-8ace-8c2503c01dd4;426.82;0.3236;UNKNOWN
2016-04-12T03:15:25.000000;2016-04-12T03:15:25.000000;2f9e9491-9904-4c67-b715-82d3685a6b71;426.73;13.8828;UNKNOWN
2016-04-12T03:15:26.000000;2016-04-12T03:15:26.000000;d2791391-1f25-491b-860e-54522d23f0e4;426.71;0.21213;UNKNOWN
2016-04-12T03:15:26.000000;2016-04-12T03:15:26.000000;9d8a0cc4-0cf6-4e9e-9dda-7795935aadcc;426.71;35.0;UNKNOWN
2016-04-12T03:15:29.000000;2016-04-12T03:15:29.000000;92a4ed7f-6f12-4e56-a6b0-67598b3287ed;426.71;0.0822;UNKNOWN
2016-04-12T03:15:29.000000;2016-04-12T03:15:29.000000;11a6fbe7-043f-4869-aebf-d1bec568722b;426.71;0.12574;UNKNOWN
2016-04-12T03:15:29.000000;2016-04-12T03:15:29.000000;b95087be-8df2-43fa-b424-4edc700f9c9b;426.71;0.0527;UNKNOWN
2016-04-12T03:15:30.000000;2016-04-12T03:15:30.000000;6da2feba-4a19-4297-ae09-b15330252e9f;426.71;0.7429;UNKNOWN
2016-04-12T03:15:30.000000;2016-04-12T03:15:30.000000;aa9992d8-d4bc-4522-9a77-8436324cae4a;426.82;0.1;UNKNOWN
2016-04-12T03:15:47.000000;2016-04-12T03:15:47.000000;9a541a44-5b69-405e-b189-001faaf97dcd;426.12;0.15;UNKNOWN
2016-04-12T03:15:49.000000;2016-04-12T03:15:49.000000;b4523640-0cf2-4f1a-8d51-dc0c9a330eb3;426.6;0.04;UNKNOWN
2016-04-12T03:15:51.000000;2016-04-12T03:15:51.000000;eb72a249-74ed-48fb-b96b-d939cc519b0b;426.59;6.5;UNKNOWN
2016-04-12T03:15:59.000000;2016-04-12T03:15:59.000000;803a45c6-6b5c-44dd-a20a-887dce7c2057;426.59;36.20064735;UNKNOWN
2016-04-12T03:16:01.000000;2016-04-12T03:16:01.000000;69f1897b-6e77-4058-bdbd-70b3d5320b3f;426.59;0.1;UNKNOWN
2016-04-12T03:16:03.000000;2016-04-12T03:16:03.000000;6ad68d93-219e-423e-abc8-6fcc7988a018;426.59;0.015;UNKNOWN
2016-04-12T03:16:04.000000;2016-04-12T03:16:04.000000;2f5820a3-419c-47c8-bd37-9f275c9b514f;426.59;0.014;UNKNOWN
2016-04-12T03:16:04.000000;2016-04-12T03:16:04.000000;59cd08db-1611-4e75-a7ff-a6075c424c40;426.59;0.05;UNKNOWN
2016-04-12T03:16:04.000000;2016-04-12T03:16:04.000000;6c2292e3-bee1-499d-9115-3ae9c8819e97;426.59;0.1;UNKNOWN
2016-04-12T03:16:05.000000;2016-04-12T03:16:05.000000;fa6c0315-efec-440c-acd2-02d9c20012b4;426.59;0.011;UNKNOWN
2016-04-12T03:16:05.000000;2016-04-12T03:16:05.000000;78b7113f-4611-48d8-9680-ef4a9662fa1e;426.59;0.012;UNKNOWN
2016-04-12T03:16:05.000000;2016-04-12T03:16:05.000000;2f6ab311-c76d-47eb-a119-f0504821ae76;426.59;0.013;UNKNOWN
2016-04-12T03:16:06.000000;2016-04-12T03:16:06.000000;5b03fe4a-7b57-4fd1-914e-0e52113d7e46;426.59;0.1154524;UNKNOWN
2016-04-12T03:16:09.000000;2016-04-12T03:16:09.000000;9b4ef639-e667-40ba-9c2f-181562f214b7;426.6;0.04;UNKNOWN
2016-04-12T03:16:13.000000;2016-04-12T03:16:13.000000;d33c1f61-ed26-40b4-9296-1593c2ef0999;426.59;19.2711;UNKNOWN
2016-04-12T03:16:26.000000;2016-04-12T03:16:26.000000;4f059b49-7996-444a-be66-c6f3d3be9d69;426.59;5.0;UNKNOWN
2016-04-12T03:16:31.000000;2016-04-12T03:16:31.000000;1d0119b2-cb7b-4316-9c40-319b2fb953b7;426.6;0.04;UNKNOWN
2016-04-12T03:16:33.000000;2016-04-12T03:16:33.000000;65534407-6d6d-4411-bb21-82839b7f6962;426.59;0.83204907;UNKNOWN
2016-04-12T03:16:44.000000;2016-04-12T03:16:44.000000;9c5ef99c-d861-4bbe-8449-f4c1e38e23d5;426.11;0.209;UNKNOWN
2016-04-12T03:16:44.000000;2016-04-12T03:16:44.000000;e1eb3550-f20e-4b29-9282-ba41353424a3;426.11;0.235;UNKNOWN
2016-04-12T03:16:44.000000;2016-04-12T03:16:44.000000;01c564e2-3f82-4fd7-97fb-04f3145a509f;426.16;0.06018;UNKNOWN
2016-04-12T03:16:44.000000;2016-04-12T03:16:44.000000;a81a118c-38e5-4106-aeed-85b02bc747cb;426.02;0.00091466;UNKNOWN
2016-04-12T03:16:50.000000;2016-04-12T03:16:50.000000;ff2562dc-e657-4d69-a6c8-5c26b98b6170;426.32;3.0;UNKNOWN
2016-04-12T03:16:53.000000;2016-04-12T03:16:53.000000;b476d490-addf-47b5-a0b5-938cbc3651e2;426.31;0.04;UNKNOWN
2016-04-12T03:16:53.000000;2016-04-12T03:16:53.000000;7c977423-0ae3-4d29-a125-59b302586cd5;426.16;0.07636544;UNKNOWN
2016-04-12T03:16:54.000000;2016-04-12T03:16:54.000000;29f16063-b632-4283-909c-e727319a41e4;426.31;8.5721;UNKNOWN
2016-04-12T03:17:03.000000;2016-04-12T03:17:03.000000;1ab5de85-eb9f-4e0d-b298-7b53ad947194;426.4;0.015;UNKNOWN
2016-04-12T03:17:04.000000;2016-04-12T03:17:04.000000;8ae907ab-0cea-4567-b4c3-2f4f582eb054;426.4;0.09795093;UNKNOWN
2016-04-12T03:17:04.000000;2016-04-12T03:17:04.000000;51084396-ddb9-43e8-879f-a98b315f8207;426.4;0.012;UNKNOWN
2016-04-12T03:17:05.000000;2016-04-12T03:17:05.000000;a3961ca6-f3d5-45ba-a612-4da1e8d8c9bc;426.4;0.014;UNKNOWN
2016-04-12T03:17:05.000000;2016-04-12T03:17:05.000000;6e6bcc1b-2ed9-43fd-8013-e4d6f6207a6f;426.4;0.05;UNKNOWN
2016-04-12T03:17:07.000000;2016-04-12T03:17:07.000000;fe0fab1b-7b3f-4994-bbf9-0b4cc74dab15;426.4;0.011;UNKNOWN
2016-04-12T03:17:07.000000;2016-04-12T03:17:07.000000;57da7a57-511e-4bba-98d1-133b66bad797;426.4;0.013;UNKNOWN
2016-04-12T03:17:20.000000;2016-04-12T03:17:20.000000;7c0df23e-c3ce-426b-9705-a6e8b1d29d6a;425.73;0.02471;UNKNOWN
2016-04-12T03:17:20.000000;2016-04-12T03:17:20.000000;9746d380-57ca-4f3d-a956-98f0f2ad2c40;425.98;4.57257825;UNKNOWN
2016-04-12T03:17:20.000000;2016-04-12T03:17:20.000000;3ea0a0f9-6f11-477e-83cc-a1b5e7e9058b;425.77;3.98;UNKNOWN
2016-04-12T03:17:20.000000;2016-04-12T03:17:20.000000;55398157-f048-450e-84dd-fb4ebe4d3c66;426.28;4.57226464;UNKNOWN
2016-04-12T03:17:20.000000;2016-04-12T03:17:20.000000;b4acdd12-7dcc-48a4-82e0-91dc77a7ddb4;426.01;9.99;UNKNOWN
2016-04-12T03:17:20.000000;2016-04-12T03:17:20.000000;19db98c7-c77b-4ba4-9b0b-b0d06d51d133;426.21;4.57399;UNKNOWN
2016-04-12T03:17:20.000000;2016-04-12T03:17:20.000000;7ff6c1ff-756b-409c-a01c-3f0d5d539148;426.32;1.4279;UNKNOWN
2016-04-12T03:17:20.000000;2016-04-12T03:17:20.000000;30f65d44-c647-46c8-ab78-ea1b8a15e021;426.43;0.04;UNKNOWN
2016-04-12T03:17:20.000000;2016-04-12T03:17:20.000000;e5aaa648-b68a-4d84-8f42-5604b6485e95;426.02;4.57257825;UNKNOWN
2016-04-12T03:17:20.000000;2016-04-12T03:17:20.000000;44b40191-9f39-4a33-9f00-6929914a4998;426.33;4.57226464;UNKNOWN
2016-04-12T03:17:20.000000;2016-04-12T03:17:20.000000;36c46f13-df41-402b-901d-7b882e0d6a2f;425.76;23.269;UNKNOWN
2016-04-12T03:17:20.000000;2016-04-12T03:17:20.000000;1562fdcf-24f4-42ef-9bc6-9017666159c7;426.21;4.57252598;UNKNOWN
2016-04-12T03:17:20.000000;2016-04-12T03:17:20.000000;9e1117fb-1a13-4b3c-9348-b59b85b56bfb;426.4;0.53704907;UNKNOWN
2016-04-12T03:17:20.000000;2016-04-12T03:17:20.000000;79a4d5aa-df59-432d-b388-f2694787a0dc;426.29;0.235;UNKNOWN
2016-04-12T03:17:20.000000;2016-04-12T03:17:20.000000;de1fff43-af03-4306-9b05-3684df0b495b;425.73;0.02471;UNKNOWN
2016-04-12T03:17:20.000000;2016-04-12T03:17:20.000000;82fd264e-c6a8-4806-8137-7a7cd9dfb418;425.73;0.02471;UNKNOWN
2016-04-12T03:17:20.000000;2016-04-12T03:17:20.000000;ff34f6a8-23fe-4fc8-8dee-0f5d675799ef;425.66;4.57634487;UNKNOWN
2016-04-12T03:17:20.000000;2016-04-12T03:17:20.000000;9207af1e-0aad-40db-b20f-7e59505abac4;425.55;56.42;UNKNOWN
2016-04-12T03:17:20.000000;2016-04-12T03:17:20.000000;39182c25-017b-4a3e-9f22-04648ff7f3f8;425.62;4.57634487;UNKNOWN
2016-04-12T03:17:20.000000;2016-04-12T03:17:20.000000;432f226a-984c-43d8-bdb5-ee1dd32e8c81;425.71;4.57634487;UNKNOWN
2016-04-12T03:17:20.000000;2016-04-12T03:17:20.000000;d586c4a8-ad62-4bb2-a06b-95f06b91e28a;424.86;13.529;UNKNOWN
2016-04-12T03:17:20.000000;2016-04-12T03:17:20.000000;94cb25f2-f288-4abf-8ddd-08bf1cda6cf3;424.79;28.8916066;UNKNOWN
2016-04-12T03:17:20.000000;2016-04-12T03:17:20.000000;5da8f235-ebc3-4c66-9a13-6cb705a89ce9;425.29;13.011;UNKNOWN
2016-04-12T03:17:20.000000;2016-04-12T03:17:20.000000;c99fa644-a49c-424c-8ac8-0c9a8689a203;425.44;13.284;UNKNOWN
2016-04-12T03:17:20.000000;2016-04-12T03:17:20.000000;ed27658f-877f-45b1-ac17-3b8538cdf4da;425.0;23.32443404;UNKNOWN
2016-04-12T03:17:20.000000;2016-04-12T03:17:20.000000;796768de-23fa-4243-84bc-372e30de4485;425.01;9.99;UNKNOWN
2016-04-12T03:17:20.000000;2016-04-12T03:17:20.000000;c2590c58-e81b-4792-aa98-ef36e0bd700e;425.0;19.99;UNKNOWN
2016-04-12T03:17:20.000000;2016-04-12T03:17:20.000000;2952660b-e7be-464f-b453-9d600c7ad7a6;425.16;12.8771;UNKNOWN
2016-04-12T03:17:20.000000;2016-04-12T03:17:20.000000;c904e46c-caf1-46ab-9fef-52ea0295d95a;425.01;19.75;UNKNOWN
2016-04-12T03:17:20.000000;2016-04-12T03:17:20.000000;4531b301-6f5d-4103-a11c-4fb889f8ae84;424.99;12.0547;UNKNOWN
2016-04-12T03:17:20.000000;2016-04-12T03:17:20.000000;c07fe0db-1d32-4707-a586-5fee530f3d61;425.51;9.99;UNKNOWN
2016-04-12T03:17:20.000000;2016-04-12T03:17:20.000000;4a180377-defe-4be8-95b2-2049c315d5aa;425.58;0.0247;UNKNOWN
2016-04-12T03:17:20.000000;2016-04-12T03:17:20.000000;0d6dbe19-528f-4cfa-a40c-16c3d7e7cab5;425.45;4.01;UNKNOWN
2016-04-12T03:17:22.000000;2016-04-12T03:17:22.000000;a0929327-359c-44db-b84c-6477a448f10a;426.37;4.57231691;UNKNOWN
2016-04-12T03:17:22.000000;2016-04-12T03:17:22.000000;ba87275f-4040-405d-8aae-e130f3816eab;426.23;4.57231691;UNKNOWN
2016-04-12T03:17:22.000000;2016-04-12T03:17:22.000000;615b0fa7-5013-461b-8d99-caba1ea9c22e;426.22;0.84536618;UNKNOWN
2016-04-12T03:17:23.000000;2016-04-12T03:17:23.000000;96b4c160-8a7d-40d1-8eb7-772219d85920;425.74;4.1514;UNKNOWN
2016-04-12T03:17:23.000000;2016-04-12T03:17:23.000000;363f325b-26aa-4698-a2f9-b5462d3c1c03;426.24;5.8386;UNKNOWN
2016-04-12T03:17:25.000000;2016-04-12T03:17:25.000000;6982de20-eb8f-452a-9fd0-4045162c5d60;425.74;0.0130502;UNKNOWN
2016-04-12T03:17:27.000000;2016-04-12T03:17:27.000000;f20bd46a-ab5d-41d7-aadb-5542ec04a48c;425.96;0.0427;UNKNOWN
2016-04-12T03:17:27.000000;2016-04-12T03:17:27.000000;3b7c45e8-a693-4386-b4e2-f176084cbcbe;425.95;0.01;UNKNOWN
2016-04-12T03:17:32.000000;2016-04-12T03:17:32.000000;e1305850-addf-4f21-9c7d-e6638bbde1f2;425.51;0.025;UNKNOWN
2016-04-12T03:17:36.000000;2016-04-12T03:17:36.000000;769f87d2-45b8-442a-8e98-c7afeba243a7;425.51;0.025;UNKNOWN
2016-04-12T03:17:39.000000;2016-04-12T03:17:39.000000;88f7f26e-9c24-4c6e-8404-df032ab29250;425.8;0.04;UNKNOWN
2016-04-12T03:17:52.000000;2016-04-12T03:17:52.000000;b3546e3f-a0b5-43ca-ac52-3f8f8ceb8a2e;425.92;0.025;UNKNOWN
2016-04-12T03:18:05.000000;2016-04-12T03:18:05.000000;fb91b29b-4e4d-454a-b92d-1cf7897b6c7b;425.98;0.025;UNKNOWN
2016-04-12T03:18:15.000000;2016-04-12T03:18:15.000000;178b8c45-1015-4cd4-8996-dad517704fac;425.98;0.075;UNKNOWN
2016-04-12T03:18:15.000000;2016-04-12T03:18:15.000000;ffb0ae56-8ac9-444f-a8e8-ab71b4b13067;425.95;0.025;UNKNOWN
2016-04-12T03:18:22.000000;2016-04-12T03:18:22.000000;93b87fc2-f3b5-4aa3-9b8f-6df55efed420;425.93;0.23372893;UNKNOWN
2016-04-12T03:18:29.000000;2016-04-12T03:18:29.000000;cf819c6b-baf9-43c0-b286-8415c90db57e;425.96;4.0;UNKNOWN
2016-04-12T03:19:09.000000;2016-04-12T03:19:09.000000;cf2584a9-a29a-4510-b288-5931665dabdb;425.94;0.04;UNKNOWN
2016-04-12T03:19:22.000000;2016-04-12T03:19:22.000000;a0c611eb-cd70-4e63-b251-2786717fa724;425.92;0.01;UNKNOWN
2016-04-12T03:19:34.000000;2016-04-12T03:19:34.000000;fc748290-5209-454c-8d74-6df07c37154f;425.76;0.02;UNKNOWN
2016-04-12T03:19:51.000000;2016-04-12T03:19:51.000000;c98a8c31-a397-43a2-9ecb-f99558f996fe;425.76;0.2;UNKNOWN
2016-04-12T03:19:53.000000;2016-04-12T03:19:53.000000;61e4a86d-fcfd-4017-b9bc-f75d303fea65;425.76;0.04;UNKNOWN
2016-04-12T03:20:07.000000;2016-04-12T03:20:07.000000;2812ecae-ac91-43b7-a8ed-d481d863b0b4;425.75;1.0;UNKNOWN
2016-04-12T03:20:15.000000;2016-04-12T03:20:15.000000;d0ef4867-69a9-42e4-a7fd-293887fa3dc9;425.99;3.97;UNKNOWN
2016-04-12T03:20:15.000000;2016-04-12T03:20:15.000000;5ca4ca40-77a3-4bf8-9c90-ac5fb406dbc1;425.98;33.9817;UNKNOWN
2016-04-12T03:20:15.000000;2016-04-12T03:20:15.000000;87031a82-9fca-4d07-8889-22560766b78b;426.0;19.99;UNKNOWN
2016-04-12T03:20:15.000000;2016-04-12T03:20:15.000000;72eddb23-32d1-4755-81ee-1028927ef232;425.76;0.08;UNKNOWN
2016-04-12T03:20:15.000000;2016-04-12T03:20:15.000000;ce32b262-23f1-40d0-8035-b30a7ba2f8f4;425.8;14.8724;UNKNOWN
2016-04-12T03:20:15.000000;2016-04-12T03:20:15.000000;339a0227-ac2c-4292-9ab5-480bc93c2cc5;425.98;14.3453;UNKNOWN
2016-04-12T03:20:15.000000;2016-04-12T03:20:15.000000;77c2b60b-5687-4364-8c24-4ac62a2b4c46;425.75;15.9058;UNKNOWN
2016-04-12T03:20:15.000000;2016-04-12T03:20:15.000000;539415d7-36fd-4985-a8af-b79261aa32f2;425.98;0.059;UNKNOWN
2016-04-12T03:20:15.000000;2016-04-12T03:20:15.000000;9c178237-9a94-45a7-a849-f8634e0fe867;426.0;40.9839;UNKNOWN
2016-04-12T03:20:15.000000;2016-04-12T03:20:15.000000;1a3532c1-6d95-4fea-95a3-cef9aba1b89a;425.74;5.8119;UNKNOWN
2016-04-12T03:20:22.000000;2016-04-12T03:20:22.000000;1ffbe696-f1b4-4d86-8d61-86d7a51328da;425.99;1.0;UNKNOWN
2016-04-12T03:20:24.000000;2016-04-12T03:20:24.000000;55575199-2cc2-498d-aa45-24f460afa79b;425.76;0.04;UNKNOWN
2016-04-12T03:20:32.000000;2016-04-12T03:20:32.000000;bffeb07c-4214-4afe-8faf-7f024f1a0373;425.76;0.06;UNKNOWN
2016-04-12T03:20:38.000000;2016-04-12T03:20:38.000000;7022df41-0afa-4445-ad58-b09877cf791d;425.97;0.01;UNKNOWN
2016-04-12T03:20:46.000000;2016-04-12T03:20:46.000000;40c17089-8080-4c05-9904-e0e9c2c55b95;425.96;4.0;UNKNOWN
2016-04-12T03:21:01.000000;2016-04-12T03:21:01.000000;cf556cb2-c1e4-4168-a67f-a1ce55217dad;425.96;0.02;UNKNOWN
2016-04-12T03:21:01.000000;2016-04-12T03:21:01.000000;89e2682c-120d-4e41-85ff-52a4dfc51475;425.96;0.04;UNKNOWN
2016-04-12T03:21:04.000000;2016-04-12T03:21:04.000000;9e986338-6a19-4f0d-a30c-9aa4255326c5;425.82;0.059;UNKNOWN
2016-04-12T03:21:04.000000;2016-04-12T03:21:04.000000;17130897-b49a-47ca-a4d9-284dd78aa807;425.81;0.01715526;UNKNOWN
2016-04-12T03:21:19.000000;2016-04-12T03:21:19.000000;983ce711-13d4-46cf-92a1-12074c646907;425.96;0.01;UNKNOWN
2016-04-12T03:21:22.000000;2016-04-12T03:21:22.000000;fe472cef-fd04-4f6b-8362-15c922495e15;425.97;5.0;UNKNOWN
2016-04-12T03:21:23.000000;2016-04-12T03:21:23.000000;59d84831-1fa0-4638-8a23-12cc6e936e88;425.96;0.04;UNKNOWN
2016-04-12T03:21:27.000000;2016-04-12T03:21:27.000000;ca6e9f80-5867-4c66-b314-e1eb15fcda33;425.81;0.1;UNKNOWN
2016-04-12T03:21:42.000000;2016-04-12T03:21:42.000000;74b7104a-cfa3-4b9f-9e78-9ca7224e5e8f;425.99;0.01;UNKNOWN
2016-04-12T03:21:46.000000;2016-04-12T03:21:46.000000;69d4cccc-4a13-46fa-ba37-d14e4f90a6cd;425.99;0.04;UNKNOWN
2016-04-12T03:22:08.000000;2016-04-12T03:22:08.000000;d6db3176-cbb9-4428-a1e4-8ac0231721b2;425.96;0.04;UNKNOWN
2016-04-12T03:22:19.000000;2016-04-12T03:22:19.000000;c483f9c7-8ffe-4531-bf29-f530ac769b43;425.83;0.025;UNKNOWN
2016-04-12T03:22:22.000000;2016-04-12T03:22:22.000000;0e418a9f-502d-4214-9398-08bfffd61609;425.83;0.147014;UNKNOWN
2016-04-12T03:22:31.000000;2016-04-12T03:22:31.000000;38fcdfc5-caf3-4eb3-b60b-a313606933c0;425.96;0.04;UNKNOWN
2016-04-12T03:22:41.000000;2016-04-12T03:22:41.000000;1bf6a202-a5f8-455c-8fc4-6b824933636a;425.84;0.02;UNKNOWN
2016-04-12T03:22:47.000000;2016-04-12T03:22:47.000000;1857e7b2-3e02-4760-8392-d7472a5cfff9;425.84;0.039;UNKNOWN
2016-04-12T03:22:47.000000;2016-04-12T03:22:47.000000;76ec9b88-b0d2-4f0d-bd29-346ed0ea3b36;425.82;0.535;UNKNOWN
2016-04-12T03:22:47.000000;2016-04-12T03:22:47.000000;829895a8-37cc-4866-a2f8-9b952f3a8b4d;425.85;0.176;UNKNOWN
2016-04-12T03:22:53.000000;2016-04-12T03:22:53.000000;b412f323-fb69-48c4-a593-914751387689;425.96;0.04;UNKNOWN
2016-04-12T03:23:16.000000;2016-04-12T03:23:16.000000;68bcc9ec-f7f1-4194-a919-d3411718f543;425.95;0.04;UNKNOWN
2016-04-12T03:23:27.000000;2016-04-12T03:23:27.000000;0941cdb3-7099-4943-bc18-86a3c0627847;425.83;0.115;UNKNOWN
2016-04-12T03:23:38.000000;2016-04-12T03:23:38.000000;bba9ea45-8496-4ced-b8d6-31a22d3b6c10;425.95;0.04;UNKNOWN
2016-04-12T03:24:01.000000;2016-04-12T03:24:01.000000;53ab5a22-f933-4cfe-9167-1b102abbc29f;425.95;0.04;UNKNOWN
2016-04-12T03:24:46.000000;2016-04-12T03:24:46.000000;cc6a1c49-f5b2-4ceb-9c85-156e015b095b;425.96;0.04;UNKNOWN
2016-04-12T03:25:02.000000;2016-04-12T03:25:02.000000;979d3829-1476-4753-b56f-e44bace28e97;425.83;0.059;UNKNOWN
2016-04-12T03:25:02.000000;2016-04-12T03:25:02.000000;464a2958-44e9-4fd4-bfca-1467d56c27d2;425.96;5.7613;UNKNOWN
2016-04-12T03:25:02.000000;2016-04-12T03:25:02.000000;869f7d1e-2d56-467a-835f-dc6e0a9f84c1;425.81;0.1;UNKNOWN
2016-04-12T03:25:02.000000;2016-04-12T03:25:02.000000;2b06d53a-9c9c-4349-ad4a-fc656bf4f91c;425.8;1.841;UNKNOWN
2016-04-12T03:25:02.000000;2016-04-12T03:25:02.000000;530adb01-c12b-47d9-96c5-e3c269699e5f;425.95;5.8175;UNKNOWN
2016-04-12T03:25:12.000000;2016-04-12T03:25:12.000000;e4fea4b0-1318-479c-b59d-c90551e7a6c2;425.82;2.435532;UNKNOWN
2016-04-12T03:25:12.000000;2016-04-12T03:25:12.000000;eeb8ec3e-ad61-4773-a969-1b26d99fbc21;425.95;0.04;UNKNOWN
2016-04-12T03:25:12.000000;2016-04-12T03:25:12.000000;20c20d64-6daf-4dbe-8cc0-f480c8d3cc2b;425.96;8.4212;UNKNOWN
2016-04-12T03:25:20.000000;2016-04-12T03:25:20.000000;7d68fb98-9a70-48bb-b628-84b5f9be6c6d;426.0;9.0161;UNKNOWN
2016-04-12T03:25:20.000000;2016-04-12T03:25:20.000000;58cc6c3c-2abe-4a0e-abfe-3a58732a1892;425.82;0.021;UNKNOWN
2016-04-12T03:25:20.000000;2016-04-12T03:25:20.000000;56b30046-7127-4838-b8ea-cfd639144ffe;425.99;5.8605;UNKNOWN
2016-04-12T03:25:20.000000;2016-04-12T03:25:20.000000;eebade64-d773-41f3-abd6-d705bc9ba074;426.0;9.2395;UNKNOWN
2016-04-12T03:25:55.000000;2016-04-12T03:25:55.000000;da2fee66-e51f-410a-89e6-993f3bbb5a56;425.99;0.04;UNKNOWN
2016-04-12T03:26:16.000000;2016-04-12T03:26:16.000000;7df68358-6a90-4d0d-bac1-4b0bbe8d7d94;425.85;0.04;UNKNOWN
2016-04-12T03:26:38.000000;2016-04-12T03:26:38.000000;a32cdbb2-c79d-42ca-b726-7dbd23643e4e;425.85;0.04;UNKNOWN
2016-04-12T03:26:39.000000;2016-04-12T03:26:39.000000;56aeceb8-370b-44a5-af4f-e728565a6762;425.85;0.67;UNKNOWN
2016-04-12T03:26:39.000000;2016-04-12T03:26:39.000000;a9baf25a-fe62-43bc-b216-d4d89d7ee13c;425.99;0.33;UNKNOWN
2016-04-12T03:26:40.000000;2016-04-12T03:26:40.000000;50eda1dc-4139-4db1-baa6-5c2632c17879;425.99;5.4369;UNKNOWN
2016-04-12T03:27:01.000000;2016-04-12T03:27:01.000000;552b0be9-02a2-4f5f-9b7e-7e6c3b2ae0b8;426.0;0.04;UNKNOWN
2016-04-12T03:27:23.000000;2016-04-12T03:27:23.000000;93e68c49-3d69-4543-9b55-6ceee39925ff;426.0;0.04;UNKNOWN
2016-04-12T03:27:45.000000;2016-04-12T03:27:45.000000;2c78dd06-b36f-4514-9622-2a6626b41a6e;426.0;0.04;UNKNOWN
2016-04-12T03:28:08.000000;2016-04-12T03:28:08.000000;8683cc59-39cf-4d6d-923f-3e6853cb0198;426.0;0.04;UNKNOWN
2016-04-12T03:28:20.000000;2016-04-12T03:28:20.000000;006f8f70-dc7b-4fe6-b118-86b4774e3a1f;426.0;0.06;UNKNOWN
2016-04-12T03:28:41.000000;2016-04-12T03:28:41.000000;f33a2c1c-c886-4425-9ba7-cba5404e9b65;426.03;0.059;UNKNOWN
2016-04-12T03:28:41.000000;2016-04-12T03:28:41.000000;0be15151-28c4-48e6-87ed-f645ed1a00e0;426.03;0.941;UNKNOWN
2016-04-12T03:28:53.000000;2016-04-12T03:28:53.000000;5229dae9-600d-4403-948a-fd92fc1d63b5;426.2;0.04;UNKNOWN
2016-04-12T03:29:17.000000;2016-04-12T03:29:17.000000;e6ed6df9-8b8a-4b3f-a7af-81e2c8ac33a0;426.2;0.01;UNKNOWN
2016-04-12T03:29:26.000000;2016-04-12T03:29:26.000000;540ced4c-2200-43c3-9f45-1fb043802481;426.73;8.85707589;UNKNOWN
2016-04-12T03:29:26.000000;2016-04-12T03:29:26.000000;c8814db0-7c38-40ea-a536-66babb6ab4fc;426.72;0.054;UNKNOWN
2016-04-12T03:29:26.000000;2016-04-12T03:29:26.000000;1a70936a-e0da-4e85-bac2-0534d298c96d;426.05;0.35587981;UNKNOWN
2016-04-12T03:29:26.000000;2016-04-12T03:29:26.000000;d2b80617-5b15-4a1b-aa42-923d3119fa51;426.4;5.56;UNKNOWN
2016-04-12T03:29:26.000000;2016-04-12T03:29:26.000000;a00b5562-90df-43d7-a3c7-1dfd7875a4d3;426.2;0.03;UNKNOWN
2016-04-12T03:29:26.000000;2016-04-12T03:29:26.000000;4280a1de-c594-436c-b7bb-e6454e3b3b86;426.71;0.0822;UNKNOWN
2016-04-12T03:29:26.000000;2016-04-12T03:29:26.000000;f1d2c2db-9c1d-49f1-82a1-2e165095b347;426.48;0.4437;UNKNOWN
2016-04-12T03:29:26.000000;2016-04-12T03:29:26.000000;b54a8ae0-e35c-4765-bb32-585373f223bf;426.43;0.01302411;UNKNOWN
2016-04-12T03:29:26.000000;2016-04-12T03:29:26.000000;85b49e6d-813b-469c-98ee-86d7ff9fb5f7;426.49;9.99;UNKNOWN
2016-04-12T03:29:33.000000;2016-04-12T03:29:33.000000;3f370c38-2481-488f-874d-a1eedbdb7512;426.88;6.78;UNKNOWN
2016-04-12T03:29:33.000000;2016-04-12T03:29:33.000000;1cb04ed7-75cc-42ed-afa2-01fd90906859;426.86;10.65;UNKNOWN
2016-04-12T03:29:33.000000;2016-04-12T03:29:33.000000;8832405f-93f5-4c54-9c0c-3e1fdcff0ae4;426.88;7.35;UNKNOWN
2016-04-12T03:29:33.000000;2016-04-12T03:29:33.000000;fda28bf3-c208-4dc2-b330-3183292833c1;426.89;1.4107;UNKNOWN
2016-04-12T03:29:33.000000;2016-04-12T03:29:33.000000;0062a417-3b3e-4d86-9bef-dfccf2220258;426.71;0.4437;UNKNOWN
2016-04-12T03:29:33.000000;2016-04-12T03:29:33.000000;3f0dbb6f-f22d-4811-8f2f-a10ffb0b4d89;426.87;23.3656;UNKNOWN
2016-04-12T03:29:51.000000;2016-04-12T03:29:51.000000;d7b90884-e27d-4bbb-bb46-f9147949186c;426.44;0.059;UNKNOWN
2016-04-12T03:29:52.000000;2016-04-12T03:29:52.000000;3b78090b-823f-404a-8de4-93ca52834ba1;426.11;0.21;UNKNOWN
2016-04-12T03:29:52.000000;2016-04-12T03:29:52.000000;92812301-fc66-4d0a-ac2d-248c6efabe3a;426.43;0.04;UNKNOWN
2016-04-12T03:29:53.000000;2016-04-12T03:29:53.000000;7d5a7dcb-7a3e-4719-85ab-c94d0e9f2208;426.43;36.7588;UNKNOWN
2016-04-12T03:29:53.000000;2016-04-12T03:29:53.000000;df27778f-7a96-4d23-89b7-0416c37a6c3e;426.37;13.2412;UNKNOWN
2016-04-12T03:29:54.000000;2016-04-12T03:29:54.000000;31bac41a-3218-4816-a164-b6a3f0fe923c;426.2;4.56594943;UNKNOWN
2016-04-12T03:29:54.000000;2016-04-12T03:29:54.000000;6e7527d2-bfbe-4f8a-b9ef-883a451c9211;426.2;4.56594943;UNKNOWN
2016-04-12T03:29:55.000000;2016-04-12T03:29:55.000000;384c8759-e887-46c5-adb8-447ba3be38d8;426.11;0.128;UNKNOWN
2016-04-12T03:29:57.000000;2016-04-12T03:29:57.000000;70d537bb-4762-40c3-987c-401b6f8a4070;426.2;4.56594943;UNKNOWN
2016-04-12T03:29:58.000000;2016-04-12T03:29:58.000000;8e7b4be3-0585-4a30-8d1c-cf71e7859ef3;426.2;0.14255171;UNKNOWN
2016-04-12T03:29:58.000000;2016-04-12T03:29:58.000000;89bea758-710b-478c-946a-c8c625a560bd;426.42;0.85744829;UNKNOWN
2016-04-12T03:30:00.000000;2016-04-12T03:30:00.000000;c8eeff36-c500-4f63-bb73-5681991ca9da;426.37;0.04;UNKNOWN
2016-04-12T03:30:00.000000;2016-04-12T03:30:00.000000;3cf025a0-92b7-4ea6-9a62-3d031c0697d6;426.37;0.235;UNKNOWN
2016-04-12T03:30:05.000000;2016-04-12T03:30:05.000000;0254fc6d-bbc0-401d-998d-3563dad5329b;426.09;0.014;UNKNOWN
2016-04-12T03:30:13.000000;2016-04-12T03:30:13.000000;33abb624-2c31-42f7-99f0-ac3ca74071fe;426.09;0.1;UNKNOWN
2016-04-12T03:30:15.000000;2016-04-12T03:30:15.000000;16266566-48b1-4bcd-9fd2-7f42b89796be;426.1;0.059;UNKNOWN
2016-04-12T03:30:16.000000;2016-04-12T03:30:16.000000;1efaa694-0e5b-485d-8cf4-2e03e5708f72;426.1;34.941;UNKNOWN
2016-04-12T03:30:23.000000;2016-04-12T03:30:23.000000;6ab75440-474b-42e0-89b9-3364031ccb9d;426.32;0.04;UNKNOWN
2016-04-12T03:30:35.000000;2016-04-12T03:30:35.000000;90732511-faa2-4fb3-9335-d51d969dc418;426.31;5.0;UNKNOWN
2016-04-12T03:31:02.000000;2016-04-12T03:31:02.000000;606bb9f3-94eb-41d8-9553-4ee492605b09;426.45;0.01;UNKNOWN
2016-04-12T03:31:04.000000;2016-04-12T03:31:04.000000;90968141-bf93-4ea3-b1ff-49700b3907d9;426.45;0.9;UNKNOWN
2016-04-12T03:31:08.000000;2016-04-12T03:31:08.000000;736aa381-2c28-49eb-9cee-85ed9f35fc7b;426.43;0.04;UNKNOWN
2016-04-12T03:31:22.000000;2016-04-12T03:31:22.000000;c4e98fbf-8d3d-43b5-a4b3-7cc81090393e;426.4;5.793;UNKNOWN
2016-04-12T03:31:53.000000;2016-04-12T03:31:53.000000;87ea6e4e-bb28-4494-af92-04ef1b7f9ccd;426.5;0.04;UNKNOWN
2016-04-12T03:32:00.000000;2016-04-12T03:32:00.000000;19c27054-1e10-4ba5-b476-419bf71a967f;426.5;0.21;UNKNOWN
2016-04-12T03:32:00.000000;2016-04-12T03:32:00.000000;21df173a-e45e-4c0d-a4e8-56fe5a167bcd;426.5;0.25;UNKNOWN
2016-04-12T03:32:03.000000;2016-04-12T03:32:03.000000;e4ee98a1-1a2b-4a8c-be11-942c132f7fc1;426.52;0.04284;UNKNOWN
2016-04-12T03:32:05.000000;2016-04-12T03:32:05.000000;d3001335-1429-498d-9963-e27a25e0bd64;426.6;0.3544508;UNKNOWN
