time_exchange;time_coinpai;guid;price;base_amount;taker_side
2016-02-11T00:00:22.000000;2016-02-11T00:00:22.000000;90a630ac-5fe5-4106-b062-bc00137df67c;380.97;0.54263346;UNKNOWN
2016-02-11T00:00:28.000000;2016-02-11T00:00:28.000000;859eadf8-a161-4af4-9f1c-507808961be7;381.11;6.4712;UNKNOWN
2016-02-11T00:00:54.000000;2016-02-11T00:00:54.000000;0a254140-c3e6-4fb9-ae2e-089ecd7affd6;381.21;7.4;UNKNOWN
2016-02-11T00:01:06.000000;2016-02-11T00:01:06.000000;7fd49dc8-3431-4c0b-9aae-bfe165996696;381.21;0.03731101;UNKNOWN
2016-02-11T00:01:07.000000;2016-02-11T00:01:07.000000;5a612c78-090e-4b42-9b32-b4c34e3e271c;381.21;0.26;UNKNOWN
2016-02-11T00:01:08.000000;2016-02-11T00:01:08.000000;d03acbce-887f-4fe4-9416-20dd00a12ab8;381.21;3.0;UNKNOWN
2016-02-11T00:01:31.000000;2016-02-11T00:01:31.000000;2fb9487d-799d-40dd-a3b9-7c0c2eaf2915;381.21;0.07;UNKNOWN
2016-02-11T00:01:33.000000;2016-02-11T00:01:33.000000;63184b4e-7668-4aa3-b5d8-18bb07cb898a;381.19;1.38;UNKNOWN
2016-02-11T00:01:33.000000;2016-02-11T00:01:33.000000;56b0ad69-29dd-42ba-9749-814159ec88a4;381.21;3.072;UNKNOWN
2016-02-11T00:01:33.000000;2016-02-11T00:01:33.000000;66650906-35d5-445b-ab42-cdccd15271b3;381.2;6.548;UNKNOWN
2016-02-11T00:01:41.000000;2016-02-11T00:01:41.000000;bd0673f0-601c-478d-9b48-42531824abd2;381.21;11.0;UNKNOWN
2016-02-11T00:01:43.000000;2016-02-11T00:01:43.000000;74ff26de-3870-4e70-974b-2a4baf45c5f6;381.21;5.54068899;UNKNOWN
2016-02-11T00:01:43.000000;2016-02-11T00:01:43.000000;ebe4d4ab-808e-44be-81c0-0861f0875844;381.21;5.45931101;UNKNOWN
2016-02-11T00:01:45.000000;2016-02-11T00:01:45.000000;84081bf0-34b6-4028-9760-0bc41486999a;381.21;7.54068899;UNKNOWN
2016-02-11T00:01:52.000000;2016-02-11T00:01:52.000000;02c5dfe2-3ec4-42b5-807b-c46efbcc4b48;381.64;0.5;UNKNOWN
2016-02-11T00:02:29.000000;2016-02-11T00:02:29.000000;a57ff038-8d19-474c-9bdc-4eec8a79aa84;381.24;0.0797;UNKNOWN
2016-02-11T00:02:32.000000;2016-02-11T00:02:32.000000;96c237b1-ccf8-497b-bdfa-ce515c6a2a3a;381.24;0.0797;UNKNOWN
2016-02-11T00:03:11.000000;2016-02-11T00:03:11.000000;7e051eef-6606-4a01-8078-e5462fb5d7e4;381.51;0.04505956;UNKNOWN
2016-02-11T00:05:17.000000;2016-02-11T00:05:17.000000;797ad575-17c1-4e47-9237-a88039e429b3;381.25;0.04;UNKNOWN
2016-02-11T00:06:05.000000;2016-02-11T00:06:05.000000;711618d7-9e4a-412b-a9aa-504406fbe776;381.34;0.01;UNKNOWN
2016-02-11T00:06:45.000000;2016-02-11T00:06:45.000000;c7c74569-2633-4652-8ad3-2fc1f3d2dfa0;381.21;0.03;UNKNOWN
2016-02-11T00:06:45.000000;2016-02-11T00:06:45.000000;9daab2e5-82c2-4354-9415-3eabbe9e4921;381.21;0.38;UNKNOWN
2016-02-11T00:07:12.000000;2016-02-11T00:07:12.000000;37ef2abb-cf79-4032-a7ce-824115b1a5ab;381.19;33.3629;UNKNOWN
2016-02-11T00:07:54.000000;2016-02-11T00:07:54.000000;a988cb2f-df60-4554-8b89-21bf2f58a3dd;381.3;1.00195856;UNKNOWN
2016-02-11T00:11:42.000000;2016-02-11T00:11:42.000000;cd7c12d1-e1bb-45b7-8d99-ec43615af903;380.76;3.0;UNKNOWN
2016-02-11T00:11:47.000000;2016-02-11T00:11:47.000000;f25561e1-08b8-4fc1-be2b-af9c1f1d616a;380.75;3.0;UNKNOWN
2016-02-11T00:11:48.000000;2016-02-11T00:11:48.000000;413cea20-b39c-4c4c-8926-131556cad2b0;380.75;3.0;UNKNOWN
2016-02-11T00:11:50.000000;2016-02-11T00:11:50.000000;675bcee8-b954-437b-930c-5a4e38535417;380.75;3.0;UNKNOWN
2016-02-11T00:11:58.000000;2016-02-11T00:11:58.000000;d3dbea8e-5b49-45dd-aa4b-42cf115832eb;380.75;3.0;UNKNOWN
2016-02-11T00:12:23.000000;2016-02-11T00:12:23.000000;a07a98f3-3515-4cda-87f0-a6be4e1916e1;380.75;6.63498408;UNKNOWN
2016-02-11T00:14:02.000000;2016-02-11T00:14:02.000000;e8d6e9ef-6149-4d9d-ab0c-09abfff1f333;380.75;3.0;UNKNOWN
2016-02-11T00:14:13.000000;2016-02-11T00:14:13.000000;fb981d8d-373a-4fd6-8718-20314c7888cc;380.78;4.0;UNKNOWN
2016-02-11T00:14:25.000000;2016-02-11T00:14:25.000000;a7c72625-c592-4958-ba39-1c27daa4a46e;380.81;0.01;UNKNOWN
2016-02-11T00:16:02.000000;2016-02-11T00:16:02.000000;aeb24423-b4b3-4d0c-998c-7c58a24bd76b;380.81;0.01458058;UNKNOWN
2016-02-11T00:16:02.000000;2016-02-11T00:16:02.000000;cf11047d-dec7-4f89-9bec-050b223bf2ec;380.81;4.98541942;UNKNOWN
2016-02-11T00:16:05.000000;2016-02-11T00:16:05.000000;4c79e22e-84eb-48eb-b998-b6058bbc6706;380.81;0.14947303;UNKNOWN
2016-02-11T00:16:41.000000;2016-02-11T00:16:41.000000;8670a63c-2a11-4b74-abec-b3aee65e92be;380.81;0.01;UNKNOWN
2016-02-11T00:21:00.000000;2016-02-11T00:21:00.000000;0085de6e-60bd-42b1-85a0-ef2e3aea91da;380.77;19.84;UNKNOWN
2016-02-11T00:21:00.000000;2016-02-11T00:21:00.000000;07bdd43b-6dea-4045-b28f-82a71b351f74;380.7;38.39;UNKNOWN
2016-02-11T00:21:00.000000;2016-02-11T00:21:00.000000;8cdb3504-32e1-42a0-84ec-8b2c91393363;380.76;0.01;UNKNOWN
2016-02-11T00:21:00.000000;2016-02-11T00:21:00.000000;713d03bc-7419-4fa9-8e53-0ec920b5f2de;380.71;24.0;UNKNOWN
2016-02-11T00:21:00.000000;2016-02-11T00:21:00.000000;3e233b22-512c-4298-9be2-9c726bef6c54;380.71;5.02;UNKNOWN
2016-02-11T00:21:00.000000;2016-02-11T00:21:00.000000;b0b4dd7e-168f-4252-90d2-f71d721c43b2;380.71;42.0;UNKNOWN
2016-02-11T00:21:00.000000;2016-02-11T00:21:00.000000;388abb5c-8683-476e-a512-321bc5db280b;380.74;0.74;UNKNOWN
2016-02-11T00:21:06.000000;2016-02-11T00:21:06.000000;72354db1-926f-432d-9422-908beffd5ed8;380.76;0.02;UNKNOWN
2016-02-11T00:21:06.000000;2016-02-11T00:21:06.000000;9506f09a-9189-426e-a2a4-3e91f12ea45f;380.77;0.0548256;UNKNOWN
2016-02-11T00:21:06.000000;2016-02-11T00:21:06.000000;93f808b5-3016-4b11-999b-11a3b10875a3;380.7;0.27258462;UNKNOWN
2016-02-11T00:21:24.000000;2016-02-11T00:21:24.000000;bd081dfd-af90-4491-87a0-588ec2a21070;380.71;5.0;UNKNOWN
2016-02-11T00:21:27.000000;2016-02-11T00:21:27.000000;541987b5-d75b-440a-aa80-1cda1bf5aa72;380.7;3.0;UNKNOWN
2016-02-11T00:21:29.000000;2016-02-11T00:21:29.000000;8d3d72ff-2adb-4b5b-aba4-be93ebbd0b70;380.7;3.0;UNKNOWN
2016-02-11T00:21:40.000000;2016-02-11T00:21:40.000000;e4309cbc-1cbe-4955-848c-57350d2fc920;380.71;5.0;UNKNOWN
2016-02-11T00:21:44.000000;2016-02-11T00:21:44.000000;49139bb5-ca19-4c56-8cb4-e6a5698ed95c;380.7;4.5;UNKNOWN
2016-02-11T00:22:27.000000;2016-02-11T00:22:27.000000;9513d2b1-041a-4d5b-bda9-4a8118789cb7;380.7;1.0;UNKNOWN
2016-02-11T00:23:01.000000;2016-02-11T00:23:01.000000;99e71908-7321-444d-b311-a4dd42d8ce6e;380.7;6.0;UNKNOWN
2016-02-11T00:23:01.000000;2016-02-11T00:23:01.000000;81d11f24-e2fa-4e64-9c42-54ef18b4010f;380.7;2.43741538;UNKNOWN
2016-02-11T00:24:12.000000;2016-02-11T00:24:12.000000;afd32f02-2847-402d-994e-827e37e21b40;380.67;0.0643;UNKNOWN
2016-02-11T00:24:49.000000;2016-02-11T00:24:49.000000;e907b423-4e5c-4002-9c56-de800edcd3dd;380.67;1.66358165;UNKNOWN
2016-02-11T00:27:44.000000;2016-02-11T00:27:44.000000;f80d5e8e-8594-403a-b6dc-0c3298a6e306;380.67;0.6;UNKNOWN
2016-02-11T00:29:07.000000;2016-02-11T00:29:07.000000;1bf9b263-8bf3-474a-ad05-1dc62991afaf;380.66;0.01;UNKNOWN
2016-02-11T00:29:24.000000;2016-02-11T00:29:24.000000;cc004885-c0e3-4214-b8c5-af444a848c40;380.64;0.01;UNKNOWN
2016-02-11T00:29:24.000000;2016-02-11T00:29:24.000000;2b617c73-f66b-4089-9e9f-a8a9f3300d4c;380.58;0.01551433;UNKNOWN
2016-02-11T00:29:24.000000;2016-02-11T00:29:24.000000;f21411cf-b8fb-4987-b2dc-e5a34dd9c76c;380.59;0.01;UNKNOWN
2016-02-11T00:29:25.000000;2016-02-11T00:29:25.000000;1c209473-899f-436a-a25e-759c8d7a8729;380.58;0.022;UNKNOWN
2016-02-11T00:29:31.000000;2016-02-11T00:29:31.000000;165659e3-2596-4705-aef8-bd8f706b9671;379.89;3.0;UNKNOWN
2016-02-11T00:29:31.000000;2016-02-11T00:29:31.000000;88883d29-e85d-4950-a4a6-0e76e9b4d6a9;379.9;0.5;UNKNOWN
2016-02-11T00:29:31.000000;2016-02-11T00:29:31.000000;44654ac8-a1ab-448e-8fcb-731b44476802;380.27;0.1;UNKNOWN
2016-02-11T00:29:31.000000;2016-02-11T00:29:31.000000;9298822b-3d42-40e1-850b-3f5ccd5b01a6;380.0;0.02;UNKNOWN
2016-02-11T00:29:31.000000;2016-02-11T00:29:31.000000;3cbea37c-bc0a-4949-baf4-12774bb21112;380.5;0.5;UNKNOWN
2016-02-11T00:29:31.000000;2016-02-11T00:29:31.000000;eff12c34-e08f-4e34-883b-5939223663d8;380.58;0.24248567;UNKNOWN
2016-02-11T00:29:31.000000;2016-02-11T00:29:31.000000;6776b90f-f331-43c5-a408-23a9262029e0;380.34;0.01;UNKNOWN
2016-02-11T00:29:31.000000;2016-02-11T00:29:31.000000;13410159-8afd-4ad5-8775-4ee52ccc1d12;379.88;0.12751433;UNKNOWN
2016-02-11T00:29:31.000000;2016-02-11T00:29:31.000000;b91888d7-fa9f-4761-8d8c-7463da32aecc;380.01;0.5;UNKNOWN
2016-02-11T00:29:43.000000;2016-02-11T00:29:43.000000;c6852a02-7480-4193-b55a-76c46fabc677;379.8;0.46;UNKNOWN
2016-02-11T00:30:01.000000;2016-02-11T00:30:01.000000;062f842f-b7f4-408e-84b3-25cd6defb58a;380.22;0.01;UNKNOWN
2016-02-11T00:30:52.000000;2016-02-11T00:30:52.000000;d412ea17-5dd9-4ed2-aed3-98f546be993a;380.01;0.9;UNKNOWN
2016-02-11T00:34:31.000000;2016-02-11T00:34:31.000000;61596f25-7a5e-4c5b-b6f9-a4992a22089a;380.26;4.0;UNKNOWN
2016-02-11T00:34:55.000000;2016-02-11T00:34:55.000000;cb46912c-b354-4ec6-b9c7-0fdfaf7ae90a;380.29;0.1;UNKNOWN
2016-02-11T00:40:42.000000;2016-02-11T00:40:42.000000;c51bc731-fdc1-4eaa-b923-47eef437fcd4;379.95;0.00941114;UNKNOWN
2016-02-11T00:41:04.000000;2016-02-11T00:41:04.000000;34807d5b-f8ab-4869-9169-08d67fb7feab;379.95;0.00058886;UNKNOWN
2016-02-11T00:41:04.000000;2016-02-11T00:41:04.000000;c611365e-de7b-4eb9-900c-35c2048d9aad;379.83;0.67152949;UNKNOWN
2016-02-11T00:41:24.000000;2016-02-11T00:41:24.000000;7a73b6fc-877a-407a-9ce4-bf073ae81310;379.88;0.5;UNKNOWN
2016-02-11T00:41:24.000000;2016-02-11T00:41:24.000000;6f284553-06ce-4a8e-82b0-56d7a31f655a;379.87;0.02509357;UNKNOWN
2016-02-11T00:44:20.000000;2016-02-11T00:44:20.000000;2f7f7417-e942-48de-abba-4721994e8f1a;380.27;3.4;UNKNOWN
2016-02-11T00:44:33.000000;2016-02-11T00:44:33.000000;5f44ff58-7bd1-408f-8b51-574eee7f74d9;379.93;5.0;UNKNOWN
2016-02-11T00:45:28.000000;2016-02-11T00:45:28.000000;5cbb8239-88d2-4698-8ff6-028ca30d4c31;379.91;0.049875;UNKNOWN
2016-02-11T00:46:32.000000;2016-02-11T00:46:32.000000;62750f72-a8be-4b27-ac67-7c362c97a9d9;380.24;6.564;UNKNOWN
2016-02-11T00:47:06.000000;2016-02-11T00:47:06.000000;3452dd78-4564-4f9a-8f31-0f050b2dacd2;380.24;1.7769;UNKNOWN
2016-02-11T00:47:11.000000;2016-02-11T00:47:11.000000;48e49e4c-6db6-4cad-8354-ef894c2187d2;380.24;3.7767203;UNKNOWN
2016-02-11T00:47:51.000000;2016-02-11T00:47:51.000000;9e439aae-8e3c-4ffc-9040-573247a65cd9;380.24;0.01;UNKNOWN
2016-02-11T00:48:06.000000;2016-02-11T00:48:06.000000;691e5879-d91d-47ab-be04-6935070e55f2;380.08;0.01;UNKNOWN
2016-02-11T00:49:11.000000;2016-02-11T00:49:11.000000;12bbe173-db89-4a21-880e-4e907f3ad04f;380.25;1.0;UNKNOWN
2016-02-11T00:49:12.000000;2016-02-11T00:49:12.000000;86df54a6-e1c9-47f4-8f5a-9e8e2e37315e;380.25;1.0;UNKNOWN
2016-02-11T00:49:12.000000;2016-02-11T00:49:12.000000;d1bd7ac6-2dfd-43eb-ac91-e8305f2e6e43;380.25;1.0;UNKNOWN
2016-02-11T00:49:13.000000;2016-02-11T00:49:13.000000;4127c0e0-386a-41b5-80ac-31ba64918d00;380.25;1.0;UNKNOWN
2016-02-11T00:49:14.000000;2016-02-11T00:49:14.000000;bad72cc1-63b3-4d0a-9718-2d842e769ee4;380.25;1.0;UNKNOWN
2016-02-11T00:49:14.000000;2016-02-11T00:49:14.000000;79e9b7c3-f0d8-4711-8272-f81396e41ffa;380.24;1.0;UNKNOWN
2016-02-11T00:49:14.000000;2016-02-11T00:49:14.000000;d119d9af-2ac5-48b4-abfd-af38d48a2194;380.24;1.0;UNKNOWN
2016-02-11T00:49:14.000000;2016-02-11T00:49:14.000000;6556c815-1fc2-4273-8cd7-cbf8d132554e;380.24;1.0;UNKNOWN
2016-02-11T00:49:36.000000;2016-02-11T00:49:36.000000;5b99b276-bff7-47d6-b76f-3417338eb82b;380.3;1.0;UNKNOWN
2016-02-11T00:52:06.000000;2016-02-11T00:52:06.000000;ae30936f-dff7-43b4-be19-04e65bd109aa;380.1;0.15;UNKNOWN
2016-02-11T00:52:24.000000;2016-02-11T00:52:24.000000;b5c8a434-690f-4d3e-9033-129457a69d26;380.1;0.0108782;UNKNOWN
2016-02-11T00:53:40.000000;2016-02-11T00:53:40.000000;fab80899-312d-4ba8-8ad8-1a46d2149bbe;380.12;1.0;UNKNOWN
2016-02-11T00:56:08.000000;2016-02-11T00:56:08.000000;57666b5d-b2d7-412d-a6da-113618c63679;380.12;6.5538;UNKNOWN
2016-02-11T00:57:23.000000;2016-02-11T00:57:23.000000;c964fdc3-3824-409d-a7c4-36c5e5796737;380.35;0.92951377;UNKNOWN
2016-02-11T00:57:23.000000;2016-02-11T00:57:23.000000;99bda928-6e60-4fc4-b410-edf26c66495d;380.34;3.0;UNKNOWN
2016-02-11T00:57:23.000000;2016-02-11T00:57:23.000000;9b56b489-c1b7-47dc-8e68-7f0960c3e5d1;380.12;1.4462;UNKNOWN
2016-02-11T00:59:14.000000;2016-02-11T00:59:14.000000;913adaec-6053-4b01-8d21-92053f2bd22f;380.14;1.05;UNKNOWN
2016-02-11T01:02:39.000000;2016-02-11T01:02:39.000000;c8d438fd-c36c-442d-bc45-624f02136090;380.24;2.5;UNKNOWN
2016-02-11T01:08:51.000000;2016-02-11T01:08:51.000000;c6cec346-269a-4365-a14b-6e35178ab49c;380.1;0.049875;UNKNOWN
2016-02-11T01:09:49.000000;2016-02-11T01:09:49.000000;e16d33dd-0d48-439d-9cdd-340cd2cce0bf;380.09;0.01557154;UNKNOWN
2016-02-11T01:12:05.000000;2016-02-11T01:12:05.000000;d403156c-1152-400f-a44a-cfe23d191a91;380.1;1.5;UNKNOWN
2016-02-11T01:12:09.000000;2016-02-11T01:12:09.000000;8aa0cd63-2de1-4230-b86f-e1d173566cae;380.1;0.036;UNKNOWN
2016-02-11T01:12:09.000000;2016-02-11T01:12:09.000000;d92af2fb-1108-4b73-a158-9c35c8ae3fc2;380.11;1.414125;UNKNOWN
2016-02-11T01:12:09.000000;2016-02-11T01:12:09.000000;987f6cff-2b5b-4d6b-ac45-560ed8c50504;380.11;0.049875;UNKNOWN
2016-02-11T01:15:25.000000;2016-02-11T01:15:25.000000;5bd520e3-6a3f-4847-b81b-6227ca46c35d;380.11;1.0;UNKNOWN
2016-02-11T01:15:32.000000;2016-02-11T01:15:32.000000;272f6621-a551-4397-b98c-bf7b0c9a1a44;380.09;0.41436123;UNKNOWN
2016-02-11T01:15:32.000000;2016-02-11T01:15:32.000000;a90ed671-9403-4c53-a09e-6b0bc5cc992c;380.1;0.87963877;UNKNOWN
2016-02-11T01:16:02.000000;2016-02-11T01:16:02.000000;b37726b4-9fcd-4f54-aa61-47311516c663;380.11;1.27;UNKNOWN
2016-02-11T01:19:26.000000;2016-02-11T01:19:26.000000;3dddfc6e-e2b4-42c6-bb95-8aadc4427e0a;380.11;0.05;UNKNOWN
2016-02-11T01:19:43.000000;2016-02-11T01:19:43.000000;42cb96f7-e438-4ae3-be01-f62f0025789e;380.09;0.5317;UNKNOWN
2016-02-11T01:21:15.000000;2016-02-11T01:21:15.000000;99b3e23c-1c23-4de4-9cdb-4224001450b0;380.14;0.01;UNKNOWN
2016-02-11T01:21:27.000000;2016-02-11T01:21:27.000000;852b52f4-c2bd-414c-8230-6b4fffce421f;380.14;0.01;UNKNOWN
2016-02-11T01:22:41.000000;2016-02-11T01:22:41.000000;33597c67-4457-4e01-b684-effd4fe95ed7;380.13;8.0;UNKNOWN
2016-02-11T01:24:34.000000;2016-02-11T01:24:34.000000;733fc361-3a22-4951-b2de-f4a7f8291181;380.14;0.3315;UNKNOWN
2016-02-11T01:26:53.000000;2016-02-11T01:26:53.000000;d9065488-06b7-4de7-90eb-2b17d3d8000d;380.14;0.2783;UNKNOWN
2016-02-11T01:27:06.000000;2016-02-11T01:27:06.000000;16f0134c-2913-48fa-888b-8c2b866ed9d9;380.14;1.0;UNKNOWN
2016-02-11T01:27:12.000000;2016-02-11T01:27:12.000000;0e41166c-4b4e-4b47-b19a-83b474195eb4;380.14;2.0;UNKNOWN
2016-02-11T01:27:13.000000;2016-02-11T01:27:13.000000;18299b3e-5779-4184-a39f-2885bce853c7;380.14;0.65765244;UNKNOWN
2016-02-11T01:27:16.000000;2016-02-11T01:27:16.000000;603544ce-dfb8-4f8e-827f-22be98022321;380.15;0.92197744;UNKNOWN
2016-02-11T01:27:16.000000;2016-02-11T01:27:16.000000;4bb6d7c8-14fa-4a37-913d-71b7d47660b4;380.14;0.049875;UNKNOWN
2016-02-11T01:27:16.000000;2016-02-11T01:27:16.000000;eb995565-c73a-4056-862d-3e6485f7fffc;380.14;0.73254756;UNKNOWN
2016-02-11T01:27:27.000000;2016-02-11T01:27:27.000000;460c9206-0cbf-4fe0-875e-3df65e6e11bb;380.15;0.1201;UNKNOWN
2016-02-11T01:27:38.000000;2016-02-11T01:27:38.000000;8749e0e2-5c5c-4699-931e-6c2835ee2763;380.15;0.4968;UNKNOWN
2016-02-11T01:27:44.000000;2016-02-11T01:27:44.000000;1920b692-c38f-4de4-94c6-53d312208502;380.15;2.0;UNKNOWN
2016-02-11T01:27:49.000000;2016-02-11T01:27:49.000000;3b3f5939-7085-43f8-a8d1-ac861c8e9729;380.15;0.0273;UNKNOWN
2016-02-11T01:27:55.000000;2016-02-11T01:27:55.000000;bd8c661e-71dd-4452-8cb4-a081db1eb19a;380.15;0.84;UNKNOWN
2016-02-11T01:27:58.000000;2016-02-11T01:27:58.000000;233a09eb-88f7-4fc1-946b-8cc3b7b1a5f8;380.15;25.4093;UNKNOWN
2016-02-11T01:28:03.000000;2016-02-11T01:28:03.000000;2e041cf4-bcfc-42b0-9366-01448ed4d524;380.15;18.18452256;UNKNOWN
2016-02-11T01:28:04.000000;2016-02-11T01:28:04.000000;39913e5f-cfca-42f6-b1f5-12288522c8ca;380.2;0.4875;UNKNOWN
2016-02-11T01:28:09.000000;2016-02-11T01:28:09.000000;54063167-92a7-4a21-b40f-86fb43dbd1e1;380.2;0.5125;UNKNOWN
2016-02-11T01:28:12.000000;2016-02-11T01:28:12.000000;33e42dee-2c0f-4590-b11a-320b1764ae0d;380.25;0.049875;UNKNOWN
2016-02-11T01:28:20.000000;2016-02-11T01:28:20.000000;de255136-9196-4ceb-9369-e8331107b143;380.61;0.1;UNKNOWN
2016-02-11T01:28:20.000000;2016-02-11T01:28:20.000000;14818d48-9a6f-4975-86ec-05cf8fd436bf;380.79;0.9;UNKNOWN
2016-02-11T01:31:09.000000;2016-02-11T01:31:09.000000;f265c7e8-bdd7-49e6-ad60-71e7cbcdc6db;381.34;6.5079;UNKNOWN
2016-02-11T01:31:09.000000;2016-02-11T01:31:09.000000;b5a85589-724f-4da7-81e3-4c88a2ff7607;380.81;0.049875;UNKNOWN
2016-02-11T01:31:09.000000;2016-02-11T01:31:09.000000;9eadd0c6-1e8a-4fbb-98c9-74c51025072e;381.0;0.0384;UNKNOWN
2016-02-11T01:31:09.000000;2016-02-11T01:31:09.000000;d4b4290c-0a56-4eef-8776-05be865b1c4e;380.81;44.85510755;UNKNOWN
2016-02-11T01:31:09.000000;2016-02-11T01:31:09.000000;fba9e4c0-72f3-4f8d-af43-8fbdf499fce8;381.64;5.0;UNKNOWN
2016-02-11T01:31:09.000000;2016-02-11T01:31:09.000000;31ebaaf3-d87c-476b-8651-e4291cd89282;381.66;15.8344;UNKNOWN
2016-02-11T01:31:09.000000;2016-02-11T01:31:09.000000;032c69c7-4dfc-4705-b21a-9f88ec50c4f0;381.35;5.02;UNKNOWN
2016-02-11T01:31:09.000000;2016-02-11T01:31:09.000000;e620d0d6-dde1-4a6a-b15c-dd9526a67ce1;381.65;5.0;UNKNOWN
2016-02-11T01:31:09.000000;2016-02-11T01:31:09.000000;d03777e8-ca9b-4473-bb65-693c16da7cf4;381.39;15.9087;UNKNOWN
2016-02-11T01:31:09.000000;2016-02-11T01:31:09.000000;56dfa79a-cd50-4aeb-8e93-09ffe37acb8d;380.9;0.02;UNKNOWN
2016-02-11T01:31:25.000000;2016-02-11T01:31:25.000000;b26d2bd2-2fcf-4e0b-b0ee-ffab6eb14551;381.7;1.76561745;UNKNOWN
2016-02-11T01:33:11.000000;2016-02-11T01:33:11.000000;5deaaea8-b793-4687-98f7-12f6c6eebfc5;381.71;6.5491;UNKNOWN
2016-02-11T01:33:12.000000;2016-02-11T01:33:12.000000;25c20cf5-4765-4048-8378-3e8fe5b76540;381.88;4.09135439;UNKNOWN
2016-02-11T01:33:12.000000;2016-02-11T01:33:12.000000;36bdbfae-55bd-438e-a858-ea6305fb56db;381.8;15.9087;UNKNOWN
2016-02-11T01:34:06.000000;2016-02-11T01:34:06.000000;dd415de8-203c-4692-8a87-3959302fbf90;381.71;1.0;UNKNOWN
2016-02-11T01:34:16.000000;2016-02-11T01:34:16.000000;88e6a46f-8c46-4f64-86c8-6a601620584f;381.71;1.4516;UNKNOWN
2016-02-11T01:34:16.000000;2016-02-11T01:34:16.000000;a577055c-a87e-4922-a6f4-6ee1967ddc34;381.71;5.5484;UNKNOWN
2016-02-11T01:34:25.000000;2016-02-11T01:34:25.000000;3111f9e6-a055-4be7-b1fc-003e4f1cd559;381.72;4.2617;UNKNOWN
2016-02-11T01:34:25.000000;2016-02-11T01:34:25.000000;b265213f-a991-48c8-92d7-2c257808705c;381.71;1.7383;UNKNOWN
2016-02-11T01:35:55.000000;2016-02-11T01:35:55.000000;87b9c9d7-b15b-484e-87c4-159bc5c3b9a9;381.71;0.01;UNKNOWN
2016-02-11T01:36:08.000000;2016-02-11T01:36:08.000000;9e458d48-4936-420c-a92c-9368f28c2052;381.71;0.01;UNKNOWN
2016-02-11T01:36:36.000000;2016-02-11T01:36:36.000000;673f6946-396e-4c8c-880e-97463af80ae3;382.41;3.77088125;UNKNOWN
2016-02-11T01:36:36.000000;2016-02-11T01:36:36.000000;e808432f-519c-4f14-adb9-12afbf794bb8;382.5;20.0;UNKNOWN
2016-02-11T01:36:36.000000;2016-02-11T01:36:36.000000;6ee6c291-003d-4272-90ae-acfe11df56b6;382.41;15.6928;UNKNOWN
2016-02-11T01:36:36.000000;2016-02-11T01:36:36.000000;4905825a-c7da-4646-a277-a18aca447bbf;381.88;1.7399;UNKNOWN
2016-02-11T01:36:36.000000;2016-02-11T01:36:36.000000;011610a6-3f19-4bb1-952f-349c50302f8e;382.26;5.24;UNKNOWN
2016-02-11T01:36:36.000000;2016-02-11T01:36:36.000000;0841c5b1-f710-4b51-a8db-7e2219a1e2af;382.5;0.5;UNKNOWN
2016-02-11T01:36:36.000000;2016-02-11T01:36:36.000000;a3bad2bc-a523-43f4-ba4b-7429d1a93cc5;382.56;0.2565;UNKNOWN
2016-02-11T01:36:36.000000;2016-02-11T01:36:36.000000;f87d5caa-8513-4309-a61a-55ba682c7e6c;382.5;1.985013;UNKNOWN
2016-02-11T01:36:36.000000;2016-02-11T01:36:36.000000;89417ed5-aa0b-4c12-b0e0-09f2309455ae;382.48;3.77059688;UNKNOWN
2016-02-11T01:36:36.000000;2016-02-11T01:36:36.000000;b6326f5f-af04-427b-8ad3-fdc99d7e35dc;382.56;3.77035994;UNKNOWN
2016-02-11T01:36:36.000000;2016-02-11T01:36:36.000000;eafab9a5-84a5-4b31-9fd7-a928a7e05699;382.37;3.77059688;UNKNOWN
2016-02-11T01:36:36.000000;2016-02-11T01:36:36.000000;c01bea73-19bc-4231-bf93-5ce4cfebb25f;382.57;0.88851661;UNKNOWN
2016-02-11T01:36:36.000000;2016-02-11T01:36:36.000000;b0b16cf8-ec3d-4d34-8bbd-f4198af1f953;382.16;0.022;UNKNOWN
2016-02-11T01:36:36.000000;2016-02-11T01:36:36.000000;25ea0ddb-b53c-4893-adcc-d2c685daeb13;382.0;1.0;UNKNOWN
2016-02-11T01:36:36.000000;2016-02-11T01:36:36.000000;366bdc27-6a32-4026-9ba2-e7626ddd034c;381.71;0.03;UNKNOWN
2016-02-11T01:36:36.000000;2016-02-11T01:36:36.000000;b0748e9f-54dd-440b-8ca4-22900054f54a;382.0;0.04;UNKNOWN
2016-02-11T01:36:36.000000;2016-02-11T01:36:36.000000;56e8d7fe-32a3-4f6d-903e-7c4512f5df9a;381.9;0.9;UNKNOWN
2016-02-11T01:36:36.000000;2016-02-11T01:36:36.000000;138f0a51-4c42-483d-9e29-1b5ff8053dd8;382.21;0.1;UNKNOWN
2016-02-11T01:36:36.000000;2016-02-11T01:36:36.000000;06f19f27-0fc0-4667-a69a-ccc2b6ddd4bf;382.0;3.13262989;UNKNOWN
2016-02-11T01:36:36.000000;2016-02-11T01:36:36.000000;e79270fa-a8ec-43cb-bda2-66a09fc25143;382.3;0.26449288;UNKNOWN
2016-02-11T01:36:36.000000;2016-02-11T01:36:36.000000;57d04ee9-bbb3-49f3-96a1-7e0f9c05a51b;382.27;14.5932;UNKNOWN
2016-02-11T01:36:36.000000;2016-02-11T01:36:36.000000;771e5af6-2d71-4832-b7b1-d123be1d599e;382.47;10.4213;UNKNOWN
2016-02-11T01:36:36.000000;2016-02-11T01:36:36.000000;a5f6fb83-3e28-4b11-8149-9bcfa2154bf0;382.4;4.99334438;UNKNOWN
2016-02-11T01:36:36.000000;2016-02-11T01:36:36.000000;789f2c2b-10e1-4b35-a70c-f6375e2d58c4;382.42;0.26597079;UNKNOWN
2016-02-11T01:36:36.000000;2016-02-11T01:36:36.000000;007d9dfb-1eff-48ff-8cc6-542fb0d501ad;382.36;0.65765244;UNKNOWN
2016-02-11T01:36:36.000000;2016-02-11T01:36:36.000000;b4e24ed9-9ff7-4f48-8859-d3a2c1354721;382.28;3.77088125;UNKNOWN
2016-02-11T01:36:36.000000;2016-02-11T01:36:36.000000;2937ada8-0aeb-4c98-a3a4-5f2ce03b41d1;382.25;19.3483;UNKNOWN
2016-02-11T01:36:42.000000;2016-02-11T01:36:42.000000;22591ccb-cdcc-4298-be05-7540550901b4;382.66;0.5;UNKNOWN
2016-02-11T01:36:42.000000;2016-02-11T01:36:42.000000;360e4fe7-bba2-484c-b14b-94f0aaad194d;382.66;2.47284735;UNKNOWN
2016-02-11T01:37:57.000000;2016-02-11T01:37:57.000000;80f53c25-483c-4999-aad8-b6ba56cae52c;382.15;0.0522;UNKNOWN
2016-02-11T01:39:29.000000;2016-02-11T01:39:29.000000;9eb2448a-81d2-4e4e-8a2f-c3ce51cb8c99;382.34;0.03574;UNKNOWN
2016-02-11T01:39:30.000000;2016-02-11T01:39:30.000000;6e558e26-566c-47e0-9741-ceb241946d66;382.59;3.0;UNKNOWN
2016-02-11T01:39:30.000000;2016-02-11T01:39:30.000000;ce23671e-cd29-434f-9352-9b4e833efd9b;382.69;0.9;UNKNOWN
2016-02-11T01:39:30.000000;2016-02-11T01:39:30.000000;d1973574-b879-4fcf-9358-10a3f90d47bc;382.35;0.51156759;UNKNOWN
2016-02-11T01:39:30.000000;2016-02-11T01:39:30.000000;862f75e8-656b-4e1d-a1de-2dd4e5a80eba;382.69;0.06544702;UNKNOWN
2016-02-11T01:39:30.000000;2016-02-11T01:39:30.000000;7ee882bd-0115-4eef-9cdf-93eaed37a1c9;382.61;0.13298539;UNKNOWN
2016-02-11T01:39:30.000000;2016-02-11T01:39:30.000000;ac3aef29-f80b-4333-bc29-08d71e79de90;382.68;0.39;UNKNOWN
2016-02-11T01:43:53.000000;2016-02-11T01:43:53.000000;16ef779c-5af7-4308-b7f8-3dc7cc2b4275;382.32;0.60257946;UNKNOWN
2016-02-11T01:44:10.000000;2016-02-11T01:44:10.000000;c47c8aa1-105c-4217-964d-252e0fb9a397;382.32;0.96960604;UNKNOWN
2016-02-11T01:44:29.000000;2016-02-11T01:44:29.000000;d66bd5df-8af6-4575-8f6e-0b25abd0acf5;382.32;0.01979604;UNKNOWN
2016-02-11T01:45:03.000000;2016-02-11T01:45:03.000000;13104c88-f146-4a31-bc04-387d0bc17229;382.32;3.40801846;UNKNOWN
2016-02-11T01:45:03.000000;2016-02-11T01:45:03.000000;5ecb84df-0d26-4848-835e-7d8c78ae0852;382.02;30.0;UNKNOWN
2016-02-11T01:45:03.000000;2016-02-11T01:45:03.000000;b313eb64-d417-4ddd-b20c-523a936ae080;381.51;16.4387;UNKNOWN
2016-02-11T01:45:03.000000;2016-02-11T01:45:03.000000;23873dc1-8e68-4cc7-8b5e-854999e9c250;381.73;20.01334438;UNKNOWN
2016-02-11T01:45:03.000000;2016-02-11T01:45:03.000000;ccae3eb7-065c-4137-8a7b-de38fcde8ad3;381.6;0.0218372;UNKNOWN
2016-02-11T01:45:03.000000;2016-02-11T01:45:03.000000;f69c7a23-c395-4b26-aead-8073bfc144e4;381.64;16.5666;UNKNOWN
2016-02-11T01:45:03.000000;2016-02-11T01:45:03.000000;0a66b5b7-0b15-4540-8b13-a14a1fde09c5;381.44;10.4593;UNKNOWN
2016-02-11T01:45:03.000000;2016-02-11T01:45:03.000000;fed69f6f-942f-41be-9b83-b40025f26cd2;381.42;25.41339996;UNKNOWN
2016-02-11T01:45:03.000000;2016-02-11T01:45:03.000000;2ab06c14-aba9-48c6-953f-884d96cd132a;381.8;14.7926;UNKNOWN
2016-02-11T01:45:03.000000;2016-02-11T01:45:03.000000;a4513be7-518a-43e0-80e7-771fa47f76da;381.72;30.0;UNKNOWN
2016-02-11T01:45:03.000000;2016-02-11T01:45:03.000000;0faab3eb-f996-4f32-a77d-818eb1636212;382.0;10.0;UNKNOWN
2016-02-11T01:45:03.000000;2016-02-11T01:45:03.000000;a778cc13-92de-4fcf-8440-ba66168f12d5;381.74;16.3711;UNKNOWN
2016-02-11T01:45:03.000000;2016-02-11T01:45:03.000000;268a218b-8a97-42a7-8fff-801449bc18d7;382.04;6.5151;UNKNOWN
2016-02-11T01:45:08.000000;2016-02-11T01:45:08.000000;f25d7847-dea8-40a7-832a-5d398de5edcc;381.42;1.40741846;UNKNOWN
2016-02-11T01:46:05.000000;2016-02-11T01:46:05.000000;12d73009-ad88-44d1-ae15-08ea8f72a6de;381.6;0.15;UNKNOWN
2016-02-11T01:46:05.000000;2016-02-11T01:46:05.000000;f7da9d4a-cf1f-463f-9d4a-91b32712bd6f;381.43;0.05;UNKNOWN
2016-02-11T01:48:05.000000;2016-02-11T01:48:05.000000;1fd1d13f-876c-42b2-ac0d-54cb9ff7d8d1;381.2;0.03303693;UNKNOWN
2016-02-11T01:48:05.000000;2016-02-11T01:48:05.000000;e64dcf38-2e50-4e41-8e56-55b5cfa599e8;381.42;3.17918158;UNKNOWN
2016-02-11T01:48:10.000000;2016-02-11T01:48:10.000000;216fd54c-d395-481c-8196-03d2564639f9;381.02;1.21383693;UNKNOWN
2016-02-11T01:48:10.000000;2016-02-11T01:48:10.000000;bc07667b-314e-4ecd-890e-a4994f977b2c;381.2;0.06696307;UNKNOWN
2016-02-11T01:48:25.000000;2016-02-11T01:48:25.000000;9dd0c561-8b51-47b5-96d2-431b447fcdc6;381.1;0.52658706;UNKNOWN
2016-02-11T01:49:38.000000;2016-02-11T01:49:38.000000;18f4ed28-2287-4d41-9638-bbcf3f3e4950;381.18;0.1489702;UNKNOWN
2016-02-11T01:49:46.000000;2016-02-11T01:49:46.000000;27622b82-94f2-4fd2-9687-b5a1152b0da3;381.2;1.0;UNKNOWN
2016-02-11T01:49:58.000000;2016-02-11T01:49:58.000000;c8b0ad66-1c66-4f3c-9f52-a97c20f0b549;381.2;3.348352;UNKNOWN
2016-02-11T01:50:39.000000;2016-02-11T01:50:39.000000;f4e02d78-6827-4a53-9cd3-efebc10631e8;381.36;0.25;UNKNOWN
2016-02-11T01:50:42.000000;2016-02-11T01:50:42.000000;54207917-1bb6-46c7-afe6-ec01f0846e88;381.35;1.0;UNKNOWN
2016-02-11T01:50:48.000000;2016-02-11T01:50:48.000000;f77a8c5c-1348-46c5-b7d4-16a9d6c9b1c5;381.45;1.0;UNKNOWN
2016-02-11T01:51:05.000000;2016-02-11T01:51:05.000000;579559c1-3cf3-4b19-911f-642910402f5b;381.33;1.0;UNKNOWN
2016-02-11T01:51:11.000000;2016-02-11T01:51:11.000000;95150c29-1bdf-44a5-8f82-206d2ee43f8d;381.33;1.0;UNKNOWN
2016-02-11T01:51:17.000000;2016-02-11T01:51:17.000000;87f9ce85-c810-4614-9a64-6a2edab2cb58;381.32;0.56;UNKNOWN
2016-02-11T01:51:23.000000;2016-02-11T01:51:23.000000;6e4d5002-4bb2-4b50-b2c3-08d9fbd58675;381.2;0.56;UNKNOWN
2016-02-11T01:51:30.000000;2016-02-11T01:51:30.000000;f2b12631-e108-4cad-98a2-65528686cfba;381.32;0.56;UNKNOWN
2016-02-11T01:51:37.000000;2016-02-11T01:51:37.000000;a9f2a225-5d38-4ee3-aa3c-16c75a456a05;381.36;0.44;UNKNOWN
2016-02-11T01:51:44.000000;2016-02-11T01:51:44.000000;615ff486-d6c3-4395-879e-6355d4317db7;381.47;1.2;UNKNOWN
2016-02-11T01:53:05.000000;2016-02-11T01:53:05.000000;ac17b3e3-be68-4125-b8cc-ec71f27d8671;381.05;2.9648603;UNKNOWN
2016-02-11T01:53:13.000000;2016-02-11T01:53:13.000000;61f08685-0503-45f3-95ad-6b263b6f54ea;381.34;1.0;UNKNOWN
2016-02-11T01:53:19.000000;2016-02-11T01:53:19.000000;afd85cb3-7ed4-483a-9c53-95aaf904c4a9;381.31;1.21;UNKNOWN
2016-02-11T01:53:29.000000;2016-02-11T01:53:29.000000;efab0afe-3c4c-4371-abc4-98260a3c8dff;381.36;1.0;UNKNOWN
2016-02-11T01:53:35.000000;2016-02-11T01:53:35.000000;ed731956-e7c0-44b9-97e6-a5b5eb76aa30;381.34;1.0;UNKNOWN
2016-02-11T01:53:41.000000;2016-02-11T01:53:41.000000;ac033313-ee77-4b1f-9778-16284ee4a2c7;381.34;1.0;UNKNOWN
2016-02-11T01:54:22.000000;2016-02-11T01:54:22.000000;95a05dc4-7b44-4533-9772-c68b5494996f;381.34;1.0;UNKNOWN
2016-02-11T01:54:27.000000;2016-02-11T01:54:27.000000;aba59d05-1a49-4183-9cd0-5b07c769f181;381.34;1.21;UNKNOWN
2016-02-11T01:54:33.000000;2016-02-11T01:54:33.000000;b251ad4f-4fa8-432b-9c75-116ccab05ce1;381.33;1.38;UNKNOWN
2016-02-11T01:54:49.000000;2016-02-11T01:54:49.000000;941a5e13-8f4f-4871-b6b2-2c8e23fe7988;381.37;1.75;UNKNOWN
2016-02-11T01:56:52.000000;2016-02-11T01:56:52.000000;8691c969-96e4-434c-9ae3-132843c58022;381.51;0.06;UNKNOWN
2016-02-11T01:57:18.000000;2016-02-11T01:57:18.000000;f94f97fc-4d04-4b19-ab12-dd89e062322d;381.46;5.0;UNKNOWN
2016-02-11T01:57:18.000000;2016-02-11T01:57:18.000000;6428a512-808f-4dfd-9573-af97a45e34ca;381.42;2.89577575;UNKNOWN
2016-02-11T01:57:49.000000;2016-02-11T01:57:49.000000;30080000-daf6-45ea-b35a-3b83c0586b99;381.5;0.75;UNKNOWN
2016-02-11T01:57:54.000000;2016-02-11T01:57:54.000000;c0d1f5aa-f6df-4e09-9510-75cfcb558392;381.5;0.25;UNKNOWN
2016-02-11T01:57:55.000000;2016-02-11T01:57:55.000000;ffaf6a88-4f4b-4f03-b093-b33588f88889;381.5;13.9581;UNKNOWN
2016-02-11T01:57:55.000000;2016-02-11T01:57:55.000000;5f0e0a25-55d2-45ec-879a-93dcb93cab91;381.6;14.5045;UNKNOWN
2016-02-11T01:57:55.000000;2016-02-11T01:57:55.000000;f5aca62e-780b-4c3c-b301-f74e8c061fa6;381.6;6.5274;UNKNOWN
2016-02-11T01:57:55.000000;2016-02-11T01:57:55.000000;cc0ad640-8c6c-4bee-9c35-60256d51f787;381.6;5.01;UNKNOWN
2016-02-11T01:59:06.000000;2016-02-11T01:59:06.000000;05efcad0-9954-4347-98be-04330e73b86c;381.66;7.15686794;UNKNOWN
2016-02-11T01:59:15.000000;2016-02-11T01:59:15.000000;dbd9ca09-be2c-474d-a862-c7eb00ba082e;381.66;1.0008;UNKNOWN
2016-02-11T01:59:48.000000;2016-02-11T01:59:48.000000;40ded1ec-51e7-495d-8a41-972446962c6f;381.7;1.0;UNKNOWN
2016-02-11T01:59:50.000000;2016-02-11T01:59:50.000000;0ed4975e-de3e-41d8-8d10-d780b70beb47;381.56;3.348352;UNKNOWN
2016-02-11T02:00:56.000000;2016-02-11T02:00:56.000000;874f55d5-761d-4b6b-8226-82f0555768e6;381.7;10.5;UNKNOWN
2016-02-11T02:00:56.000000;2016-02-11T02:00:56.000000;b953ccda-2be7-486d-b57b-fa860c95a8b7;381.7;1.0;UNKNOWN
2016-02-11T02:03:05.000000;2016-02-11T02:03:05.000000;8cb4a350-6093-47ac-a8a2-90952e03744c;381.45;1.96640212;UNKNOWN
2016-02-11T02:03:27.000000;2016-02-11T02:03:27.000000;74dbc643-9438-43bf-86fd-a8deb3784985;381.75;0.01;UNKNOWN
2016-02-11T02:05:06.000000;2016-02-11T02:05:06.000000;a8074212-8655-428b-82f4-592e13bda815;381.72;0.10387786;UNKNOWN
2016-02-11T02:06:43.000000;2016-02-11T02:06:43.000000;fa6d1389-30bc-4524-9c6a-a9b9db3df0ae;381.83;0.1;UNKNOWN
2016-02-11T02:06:43.000000;2016-02-11T02:06:43.000000;1d660c16-bdb6-41a2-b58c-aabae349b41b;381.83;0.5;UNKNOWN
2016-02-11T02:08:34.000000;2016-02-11T02:08:34.000000;3c148b1e-4538-439a-b281-61a8d49ac404;381.95;1.4;UNKNOWN
2016-02-11T02:08:51.000000;2016-02-11T02:08:51.000000;d4ce351d-de60-43b3-9869-eeaddfcdebba;381.95;0.1;UNKNOWN
2016-02-11T02:10:38.000000;2016-02-11T02:10:38.000000;9f2b19cd-c8b8-47af-88fc-037444e85339;381.81;0.019996;UNKNOWN
2016-02-11T02:13:57.000000;2016-02-11T02:13:57.000000;f290344c-2d4a-420e-81a7-b07cbfe8a9a2;381.99;0.01;UNKNOWN
2016-02-11T02:14:13.000000;2016-02-11T02:14:13.000000;4425a642-8cf9-45d1-becf-6bc9ff69b21a;381.99;0.5;UNKNOWN
2016-02-11T02:14:29.000000;2016-02-11T02:14:29.000000;aa011c8e-93da-43ee-a2c5-98d646415b07;382.0;0.01;UNKNOWN
2016-02-11T02:14:32.000000;2016-02-11T02:14:32.000000;d1fbd1bf-bd8c-4d40-9ba2-798e76fedb5f;381.99;0.01;UNKNOWN
2016-02-11T02:14:34.000000;2016-02-11T02:14:34.000000;509c3483-8728-4890-83a0-95fd74005f93;381.99;0.01;UNKNOWN
2016-02-11T02:14:36.000000;2016-02-11T02:14:36.000000;72978dfb-4b46-459e-9488-4cd805138f0f;382.0;0.01;UNKNOWN
2016-02-11T02:14:38.000000;2016-02-11T02:14:38.000000;7ae340d6-c522-41d7-b1a2-aaa97966427b;381.99;0.01;UNKNOWN
2016-02-11T02:15:10.000000;2016-02-11T02:15:10.000000;f3bbd329-e262-4e8c-afc1-719cb6c86ed6;382.0;18.4922;UNKNOWN
2016-02-11T02:15:10.000000;2016-02-11T02:15:10.000000;df11da79-a783-4318-834e-14eadb2487aa;381.99;6.5078;UNKNOWN
2016-02-11T02:15:22.000000;2016-02-11T02:15:22.000000;635f41e5-9b4f-46b5-8833-9ce07a821799;382.26;8.09;UNKNOWN
2016-02-11T02:15:22.000000;2016-02-11T02:15:22.000000;6f1f5ff9-327c-4ecd-aa9a-79b17117184a;382.12;15.4022;UNKNOWN
2016-02-11T02:15:22.000000;2016-02-11T02:15:22.000000;cb2285bb-cbe2-42be-89aa-ce6a4fbf4298;382.0;1.4878;UNKNOWN
2016-02-11T02:15:22.000000;2016-02-11T02:15:22.000000;99d75a03-3c02-4779-94c8-82cd2d9b8cde;382.0;0.02;UNKNOWN
2016-02-11T02:15:56.000000;2016-02-11T02:15:56.000000;35a93d59-9b25-46f1-9a70-f2dac06e97bc;382.35;5.0;UNKNOWN
2016-02-11T02:15:56.000000;2016-02-11T02:15:56.000000;9a8dfe20-f494-4573-8800-5434d6715f56;382.38;3.77249349;UNKNOWN
2016-02-11T02:15:56.000000;2016-02-11T02:15:56.000000;ce5bb974-abe6-4c57-9067-24a35fd8c2ad;382.38;16.22750651;UNKNOWN
2016-02-11T02:17:00.000000;2016-02-11T02:17:00.000000;119aef1b-51d6-4e9a-bba4-fac21733927d;382.43;3.77258837;UNKNOWN
2016-02-11T02:17:00.000000;2016-02-11T02:17:00.000000;fbb5312f-b455-422a-a7dd-05a29cb1a876;382.48;1.22741163;UNKNOWN
2016-02-11T02:17:05.000000;2016-02-11T02:17:05.000000;91dae97f-d103-40a3-97b5-1a1e4ce6e413;381.9;0.0796;UNKNOWN
2016-02-11T02:17:09.000000;2016-02-11T02:17:09.000000;2e6fc718-a383-4cd7-987a-0e9e1128577a;382.48;5.0;UNKNOWN
2016-02-11T02:18:05.000000;2016-02-11T02:18:05.000000;7391ba3b-d724-46fb-9a39-57793c45eafd;382.49;0.01;UNKNOWN
2016-02-11T02:18:10.000000;2016-02-11T02:18:10.000000;1aeed6e2-f37e-48cb-ac84-dbe8ce1c17f1;382.6;1.13840763;UNKNOWN
2016-02-11T02:18:10.000000;2016-02-11T02:18:10.000000;c35884b4-16b2-44d9-bcbc-2c5e42e79089;382.49;0.09;UNKNOWN
2016-02-11T02:18:10.000000;2016-02-11T02:18:10.000000;dd0c9872-05a1-4f84-99df-2348e96ebd83;382.6;3.77159237;UNKNOWN
2016-02-11T02:18:10.000000;2016-02-11T02:18:10.000000;3029175b-ac79-4a57-bb02-ac960e9153a7;382.5;20.0;UNKNOWN
2016-02-11T02:18:19.000000;2016-02-11T02:18:19.000000;2ba50b0f-2da0-42be-9126-b6c1b771a255;382.64;0.01;UNKNOWN
2016-02-11T02:18:21.000000;2016-02-11T02:18:21.000000;c4132032-ff4b-43a4-9324-641fa89b7353;382.33;0.05;UNKNOWN
2016-02-11T02:18:27.000000;2016-02-11T02:18:27.000000;70f80e8a-c42d-4e5f-98c4-389221165dad;382.64;0.01;UNKNOWN
2016-02-11T02:18:32.000000;2016-02-11T02:18:32.000000;6af14e90-1694-4cb1-a3d6-00288e6ef0a6;382.64;0.01;UNKNOWN
2016-02-11T02:18:39.000000;2016-02-11T02:18:39.000000;c2054ef3-9661-4e53-b5a4-39821f2d391e;382.64;3.74173462;UNKNOWN
2016-02-11T02:18:39.000000;2016-02-11T02:18:39.000000;b7fc0880-2f48-4af5-8a9d-6c130cba369f;382.74;6.58696538;UNKNOWN
2016-02-11T02:18:39.000000;2016-02-11T02:18:39.000000;afe558ae-47eb-4693-a8aa-e4ab561c5eb1;382.7;14.6713;UNKNOWN
2016-02-11T02:18:52.000000;2016-02-11T02:18:52.000000;fb9136af-681f-41d0-9328-741b14ae3fd4;382.78;0.01;UNKNOWN
2016-02-11T02:18:58.000000;2016-02-11T02:18:58.000000;ceedd69d-3b1e-4c59-8dfa-1f3a22d51677;382.86;11.24930833;UNKNOWN
2016-02-11T02:18:58.000000;2016-02-11T02:18:58.000000;163145bd-bcee-4b75-a10f-108f4671d201;382.78;9.98;UNKNOWN
2016-02-11T02:18:58.000000;2016-02-11T02:18:58.000000;41d96853-23e1-48a8-9a7a-f57be0ed09ee;382.78;0.01;UNKNOWN
2016-02-11T02:18:58.000000;2016-02-11T02:18:58.000000;651adac7-d304-4f4f-9184-0e0ff69bfceb;382.81;3.77069167;UNKNOWN
2016-02-11T02:19:16.000000;2016-02-11T02:19:16.000000;106d1492-c979-4a53-9170-1e882e242144;382.89;24.9;UNKNOWN
2016-02-11T02:19:16.000000;2016-02-11T02:19:16.000000;395c2ed3-bbad-41de-a99f-fe54cde96124;382.85;0.1;UNKNOWN
2016-02-11T02:19:22.000000;2016-02-11T02:19:22.000000;564093c3-8d3d-4e40-ba5b-23c06582ae34;382.89;0.01;UNKNOWN
2016-02-11T02:19:27.000000;2016-02-11T02:19:27.000000;a269c2f6-6366-49fc-a04c-292723c4dd35;382.85;0.1;UNKNOWN
2016-02-11T02:19:27.000000;2016-02-11T02:19:27.000000;7eee9ece-d345-470a-8a7f-12318ad4e6a2;382.89;24.9;UNKNOWN
2016-02-11T02:19:31.000000;2016-02-11T02:19:31.000000;45a0d616-b22c-4c85-81b0-a963a81855ae;382.89;0.01;UNKNOWN
2016-02-11T02:19:37.000000;2016-02-11T02:19:37.000000;d9d34edf-b720-41a9-90f1-3b062807053b;382.89;25.0;UNKNOWN
2016-02-11T02:19:39.000000;2016-02-11T02:19:39.000000;50c5f990-0685-4218-9821-99e690729a7d;382.86;0.01;UNKNOWN
2016-02-11T02:19:41.000000;2016-02-11T02:19:41.000000;c9b99265-25f2-4473-945f-0899837fcfaa;382.86;0.09;UNKNOWN
2016-02-11T02:19:41.000000;2016-02-11T02:19:41.000000;75e2080b-e0ef-4448-8d76-9c55613ebf2d;382.89;13.4475;UNKNOWN
2016-02-11T02:19:46.000000;2016-02-11T02:19:46.000000;0ac26006-5707-4243-898d-f3660cbdb6ce;382.89;0.01;UNKNOWN
2016-02-11T02:19:49.000000;2016-02-11T02:19:49.000000;93e66935-61b5-40c0-ade6-872c1af6130f;383.0;12.3775;UNKNOWN
2016-02-11T02:19:49.000000;2016-02-11T02:19:49.000000;5d2253d5-7d22-4985-bef8-e048dc3b37b9;382.9;0.9;UNKNOWN
2016-02-11T02:19:49.000000;2016-02-11T02:19:49.000000;e3f966d9-92c9-4ad2-a4ff-f421ddb0a1db;382.89;11.7225;UNKNOWN
2016-02-11T02:19:54.000000;2016-02-11T02:19:54.000000;ce48e101-86cc-49ed-96a9-63b6dc0dd94a;382.99;0.01;UNKNOWN
2016-02-11T02:19:55.000000;2016-02-11T02:19:55.000000;5227ed87-2bf3-4084-ba51-35b8fb354e70;382.99;14.33;UNKNOWN
2016-02-11T02:19:55.000000;2016-02-11T02:19:55.000000;42ed5d89-0ed5-43b4-95fb-3d04e24a041b;383.0;1.0581271;UNKNOWN
2016-02-11T02:19:55.000000;2016-02-11T02:19:55.000000;d1c252f3-40cc-4242-8ce8-0b2861a1ceff;383.0;9.6118729;UNKNOWN
2016-02-11T02:20:07.000000;2016-02-11T02:20:07.000000;b5edf698-3e5e-4e00-a851-2621d76c3a07;383.0;0.01;UNKNOWN
2016-02-11T02:20:09.000000;2016-02-11T02:20:09.000000;63ce7bc7-e82c-40bf-9960-290b3747650d;383.0;8.3781271;UNKNOWN
2016-02-11T02:20:09.000000;2016-02-11T02:20:09.000000;0adf83c7-0995-4053-b00f-2fbe7368ac0c;383.12;0.13318539;UNKNOWN
2016-02-11T02:20:09.000000;2016-02-11T02:20:09.000000;5c32d211-ee4a-4858-b6b8-f27449d8fe8d;383.23;1.72;UNKNOWN
2016-02-11T02:20:09.000000;2016-02-11T02:20:09.000000;e4f20b52-1337-403e-8c94-492a526b8442;383.15;7.21;UNKNOWN
2016-02-11T02:20:09.000000;2016-02-11T02:20:09.000000;f1d8f1fd-3db2-4e5b-b713-349be9b9ae35;383.2;3.76751896;UNKNOWN
2016-02-11T02:20:09.000000;2016-02-11T02:20:09.000000;ab399771-45c0-46ec-8e78-225a27559c22;383.17;1.72;UNKNOWN
2016-02-11T02:20:09.000000;2016-02-11T02:20:09.000000;ce28e5d6-e6ad-40a9-a9b6-37167dd6d23a;383.0;0.02;UNKNOWN
2016-02-11T02:20:09.000000;2016-02-11T02:20:09.000000;5f8027fa-fc05-4345-90fe-470216bf3edf;383.23;2.05116855;UNKNOWN
2016-02-11T02:20:17.000000;2016-02-11T02:20:17.000000;fe562c08-7494-406e-bbf1-86271a1ea31c;383.17;0.01;UNKNOWN
2016-02-11T02:20:24.000000;2016-02-11T02:20:24.000000;cff932d1-7d5b-4570-ac2e-21aecdf88151;383.0;0.27;UNKNOWN
2016-02-11T02:20:24.000000;2016-02-11T02:20:24.000000;92f0b8d0-c379-49d3-9aa4-872cd4251c3f;382.72;0.43115543;UNKNOWN
2016-02-11T02:20:25.000000;2016-02-11T02:20:25.000000;bc0a0157-16c3-4c70-8067-04e15c7c7f43;382.73;0.01571274;UNKNOWN
2016-02-11T02:20:26.000000;2016-02-11T02:20:26.000000;81da6acf-2202-41ac-92be-c7b9c19074ed;382.73;0.05;UNKNOWN
2016-02-11T02:20:33.000000;2016-02-11T02:20:33.000000;58922b85-12e7-4430-9af2-4101fbd4d8a8;382.77;0.01697637;UNKNOWN
2016-02-11T02:20:37.000000;2016-02-11T02:20:37.000000;38b93b8a-71c0-4fe6-9fae-328292e2431f;382.8;0.01254628;UNKNOWN
2016-02-11T02:20:42.000000;2016-02-11T02:20:42.000000;cb1e6c80-ad6e-4f70-a85a-ba5516a4b7ca;382.84;0.01726899;UNKNOWN
2016-02-11T02:20:46.000000;2016-02-11T02:20:46.000000;b2f31a22-9e8f-4c90-8579-78c165ed548a;382.88;0.01878662;UNKNOWN
2016-02-11T02:20:52.000000;2016-02-11T02:20:52.000000;223aa8ef-d295-468a-805b-28a2ac61e6b1;382.67;0.02308669;UNKNOWN
2016-02-11T02:21:01.000000;2016-02-11T02:21:01.000000;a5153aef-67f4-4d1f-b63a-7e18eed96a92;382.95;0.11299408;UNKNOWN
2016-02-11T02:21:05.000000;2016-02-11T02:21:05.000000;bf8e4565-b6f8-45c1-a04c-da11cc8cb4a2;382.68;1.7479316;UNKNOWN
2016-02-11T02:21:42.000000;2016-02-11T02:21:42.000000;8e7e8f37-cad0-47f8-91ae-9ee01ab62b40;383.0;0.0218414;UNKNOWN
2016-02-11T02:21:54.000000;2016-02-11T02:21:54.000000;b83bdd1a-42ab-473e-81a2-414324f672b2;382.65;0.01655509;UNKNOWN
2016-02-11T02:21:57.000000;2016-02-11T02:21:57.000000;057dcd9c-001d-4c44-aec0-18355213ae17;382.65;0.03323045;UNKNOWN
2016-02-11T02:22:01.000000;2016-02-11T02:22:01.000000;178344cc-c074-40cd-bc72-28852460bcd5;382.65;0.03175927;UNKNOWN
2016-02-11T02:22:06.000000;2016-02-11T02:22:06.000000;4194759c-ed3d-4cc0-bec0-5629cf076688;382.65;0.01615951;UNKNOWN
2016-02-11T02:22:10.000000;2016-02-11T02:22:10.000000;429bef43-bc47-4192-9b8b-06cdc897d5ef;382.65;0.01676165;UNKNOWN
2016-02-11T02:22:14.000000;2016-02-11T02:22:14.000000;c7be5eae-182f-441f-8870-09e8bc5de0ba;382.65;0.04206454;UNKNOWN
2016-02-11T02:22:22.000000;2016-02-11T02:22:22.000000;a764774e-384b-43fd-b661-c5262b550407;382.98;2.0;UNKNOWN
2016-02-11T02:22:24.000000;2016-02-11T02:22:24.000000;ce84cdf5-4c27-4e15-968d-5f7bcfbd7db2;382.97;2.0;UNKNOWN
2016-02-11T02:22:27.000000;2016-02-11T02:22:27.000000;9cf0d6de-31d7-4304-8479-cc39282ba103;382.98;2.0;UNKNOWN
2016-02-11T02:22:31.000000;2016-02-11T02:22:31.000000;500a46ab-d616-4d45-9fa0-270da6d38202;382.98;2.0;UNKNOWN
2016-02-11T02:22:49.000000;2016-02-11T02:22:49.000000;7b151689-b794-4077-9cc2-291ba41a07a4;382.98;1.0;UNKNOWN
2016-02-11T02:24:24.000000;2016-02-11T02:24:24.000000;00527848-b54c-451d-8e2f-25942a2f679e;382.67;0.01;UNKNOWN
2016-02-11T02:25:06.000000;2016-02-11T02:25:06.000000;790ca066-126e-4217-be3c-71f1bfe0cc44;382.7;0.99635544;UNKNOWN
2016-02-11T02:26:14.000000;2016-02-11T02:26:14.000000;307704b3-0939-45b6-ac29-d958f3603834;382.81;0.01;UNKNOWN
2016-02-11T02:26:20.000000;2016-02-11T02:26:20.000000;cea95a32-4a55-410f-b11c-d038d3cfb0ff;382.65;3.0;UNKNOWN
2016-02-11T02:26:55.000000;2016-02-11T02:26:55.000000;80d311f7-0c5a-41a5-a415-df89afa85569;382.86;1.837;UNKNOWN
2016-02-11T02:26:58.000000;2016-02-11T02:26:58.000000;463939cc-43bd-4d7f-a53b-6b0474f8a0ab;382.73;0.1247137;UNKNOWN
2016-02-11T02:27:06.000000;2016-02-11T02:27:06.000000;ea4b3d27-5141-47be-bb1a-1e2c1e4514ce;382.65;0.01454703;UNKNOWN
2016-02-11T02:27:11.000000;2016-02-11T02:27:11.000000;0f6faebc-1390-49ef-8b10-e0f80b38c039;382.65;0.06473062;UNKNOWN
2016-02-11T02:27:13.000000;2016-02-11T02:27:13.000000;4d7d2783-1b75-433e-9912-41558d298353;382.64;0.0110148;UNKNOWN
2016-02-11T02:27:16.000000;2016-02-11T02:27:16.000000;3a310111-19c9-4029-afe5-1c2e96425971;382.64;0.01339123;UNKNOWN
2016-02-11T02:27:38.000000;2016-02-11T02:27:38.000000;6bcf5d7f-69d9-4d9b-a4b2-65cf3593c133;382.69;0.13;UNKNOWN
2016-02-11T02:27:38.000000;2016-02-11T02:27:38.000000;f3416289-2a7c-495f-8111-dcf4500cd40c;382.69;2.87;UNKNOWN
2016-02-11T02:27:55.000000;2016-02-11T02:27:55.000000;e75dd757-a44f-4d7f-b241-939ec184b5a9;382.39;0.01;UNKNOWN
2016-02-11T02:28:04.000000;2016-02-11T02:28:04.000000;29b403f1-434c-4a7c-ad9f-d74744da1f72;381.9;0.27;UNKNOWN
2016-02-11T02:28:49.000000;2016-02-11T02:28:49.000000;03f276e7-754e-48cd-bc99-74b71064ff3d;382.13;0.25;UNKNOWN
2016-02-11T02:28:55.000000;2016-02-11T02:28:55.000000;d6bb9cc8-2ebc-43b9-a139-a81e830feba2;382.18;0.05;UNKNOWN
2016-02-11T02:29:53.000000;2016-02-11T02:29:53.000000;bdeaf806-b571-4e6d-95c8-eafc6b18b536;382.54;0.0132;UNKNOWN
2016-02-11T02:31:06.000000;2016-02-11T02:31:06.000000;0ded159b-5f40-4340-aaa5-ab2662985515;381.82;0.05;UNKNOWN
2016-02-11T02:33:51.000000;2016-02-11T02:33:51.000000;d2df15bc-22ec-4fd5-b328-6a0f75bfe615;382.11;0.05;UNKNOWN
2016-02-11T02:33:51.000000;2016-02-11T02:33:51.000000;2539132a-d507-49f9-8a11-aabecb680f25;382.11;2.4814;UNKNOWN
2016-02-11T02:33:51.000000;2016-02-11T02:33:51.000000;07bda1f1-e29a-42e7-8450-e0e616718820;382.11;6.4686;UNKNOWN
2016-02-11T02:34:18.000000;2016-02-11T02:34:18.000000;130cba30-b26e-4fb2-b5a4-c9c79c5fb155;382.09;1.0;UNKNOWN
2016-02-11T02:36:36.000000;2016-02-11T02:36:36.000000;48b6cff3-95b7-43a0-8418-ab0e6b3d544f;382.24;18.5174;UNKNOWN
2016-02-11T02:36:36.000000;2016-02-11T02:36:36.000000;51ecb62d-4f30-4970-b320-804add4b5ba1;382.24;6.4826;UNKNOWN
2016-02-11T02:37:54.000000;2016-02-11T02:37:54.000000;ebed33d3-28d5-4929-8061-19b1b83d9e26;382.29;0.5;UNKNOWN
2016-02-11T02:37:54.000000;2016-02-11T02:37:54.000000;8e437f76-7cfe-4166-8e40-3fc2232cec4f;382.28;4.52494437;UNKNOWN
2016-02-11T02:37:54.000000;2016-02-11T02:37:54.000000;bd9aa8a3-2914-44af-99aa-645a2a7cecb6;382.29;3.0;UNKNOWN
2016-02-11T02:39:06.000000;2016-02-11T02:39:06.000000;ce50bd52-95b0-4e20-8ceb-3cc8dbc17df4;382.09;1.49071473;UNKNOWN
2016-02-11T02:39:35.000000;2016-02-11T02:39:35.000000;a002acd1-3578-4f6c-a5a2-6ee3c20b4bfc;381.95;0.05;UNKNOWN
2016-02-11T02:41:13.000000;2016-02-11T02:41:13.000000;5e3c6b5a-0bbf-4dc9-8c0f-317ddd423bba;381.92;2.5413;UNKNOWN
2016-02-11T02:41:13.000000;2016-02-11T02:41:13.000000;9c6b3792-ed12-4998-81b7-f60f26334555;382.2;6.4587;UNKNOWN
2016-02-11T02:41:13.000000;2016-02-11T02:41:13.000000;8460658f-a13e-4007-af70-96ef2b8bf60c;382.21;6.0;UNKNOWN
2016-02-11T02:41:27.000000;2016-02-11T02:41:27.000000;dec0d263-64ff-465c-bb16-387e6736af20;382.19;0.879652;UNKNOWN
2016-02-11T02:41:27.000000;2016-02-11T02:41:27.000000;f5e33974-e26b-4625-857b-5cc2e1c23bd9;382.19;9.777348;UNKNOWN
2016-02-11T02:41:36.000000;2016-02-11T02:41:36.000000;cd983cad-d4c3-4f67-a105-fa3f55723fa2;381.83;0.05;UNKNOWN
2016-02-11T02:41:42.000000;2016-02-11T02:41:42.000000;0662ed01-62a5-4d22-9c68-e2b7d2569566;382.0;0.95;UNKNOWN
2016-02-11T02:41:50.000000;2016-02-11T02:41:50.000000;7e95d794-fa49-4c55-bc3e-198771a15482;382.0;1.0;UNKNOWN
2016-02-11T02:41:58.000000;2016-02-11T02:41:58.000000;984e66b4-96b5-456d-b637-9f180fe9ffce;382.0;1.0;UNKNOWN
2016-02-11T02:42:04.000000;2016-02-11T02:42:04.000000;78585d19-5be4-4725-afcc-935c9c01ea3a;382.0;1.0;UNKNOWN
2016-02-11T02:42:09.000000;2016-02-11T02:42:09.000000;3bc4eee0-4d34-4bd4-ad5c-4fa318112130;382.0;1.0;UNKNOWN
2016-02-11T02:42:15.000000;2016-02-11T02:42:15.000000;91a7db6e-151d-4392-88bd-dad3185a832f;381.99;0.75;UNKNOWN
2016-02-11T02:42:21.000000;2016-02-11T02:42:21.000000;9bd0fb43-e1bf-4e2b-9118-ab479c17644c;381.99;0.25;UNKNOWN
2016-02-11T02:42:31.000000;2016-02-11T02:42:31.000000;ce3ea2a5-e44c-49dc-8f0f-1d1ba9e38b10;381.99;1.08;UNKNOWN
2016-02-11T02:42:41.000000;2016-02-11T02:42:41.000000;b2ed60f9-994a-4fa1-932e-908db19f4be0;381.99;1.0;UNKNOWN
2016-02-11T02:42:50.000000;2016-02-11T02:42:50.000000;8f6ad3fb-8565-4dcb-b9e6-4511f89d33d6;381.99;1.0;UNKNOWN
2016-02-11T02:42:56.000000;2016-02-11T02:42:56.000000;ebcf6a4c-054f-477b-bd3f-48ae3710bb27;381.86;6.0;UNKNOWN
2016-02-11T02:42:56.000000;2016-02-11T02:42:56.000000;3f435319-3019-4896-8236-e6e6500ce772;381.86;0.41;UNKNOWN
2016-02-11T02:42:56.000000;2016-02-11T02:42:56.000000;08925c67-7549-4a40-b328-27e681590409;381.86;3.0;UNKNOWN
2016-02-11T02:42:56.000000;2016-02-11T02:42:56.000000;14159e2a-411d-44df-a039-efd39ac5b78d;382.0;1.0;UNKNOWN
2016-02-11T02:43:01.000000;2016-02-11T02:43:01.000000;820f1f34-0180-4082-8b98-13fadd7e2476;381.99;1.0;UNKNOWN
2016-02-11T02:43:07.000000;2016-02-11T02:43:07.000000;1a6d44eb-e588-4609-a2a6-8785eb469917;381.99;1.0;UNKNOWN
2016-02-11T02:43:13.000000;2016-02-11T02:43:13.000000;ee281b23-1e43-4125-be87-5c20228468e1;381.99;1.0;UNKNOWN
2016-02-11T02:44:38.000000;2016-02-11T02:44:38.000000;440abf18-ba98-4549-abd1-abcd0143349a;381.99;0.4404;UNKNOWN
2016-02-11T02:44:38.000000;2016-02-11T02:44:38.000000;3d9136d6-a2ff-4970-aeaa-b3646c24b3f6;381.99;3.4864;UNKNOWN
2016-02-11T02:48:08.000000;2016-02-11T02:48:08.000000;9f0b5adc-3b4d-44f9-8e27-20edeefced1e;381.82;5.0;UNKNOWN
2016-02-11T02:48:25.000000;2016-02-11T02:48:25.000000;cfae2376-2cbe-402a-b7de-8d857678b816;381.82;3.0;UNKNOWN
2016-02-11T02:49:07.000000;2016-02-11T02:49:07.000000;969eb392-33ce-473a-9a92-a94874341529;381.82;1.22996803;UNKNOWN
2016-02-11T02:51:10.000000;2016-02-11T02:51:10.000000;02f85b28-ea2b-4be1-bb3e-2e41f14d3fa9;381.81;0.01;UNKNOWN
2016-02-11T02:51:24.000000;2016-02-11T02:51:24.000000;dc062daf-4a24-4ec4-94d3-364c6dc25e4c;381.82;2.2723;UNKNOWN
2016-02-11T02:52:51.000000;2016-02-11T02:52:51.000000;77a26927-d165-425a-864e-82626beec309;381.82;0.4;UNKNOWN
2016-02-11T02:52:56.000000;2016-02-11T02:52:56.000000;bca67542-9532-4556-9a63-8ea1572d9489;381.96;1.4;UNKNOWN
2016-02-11T02:52:56.000000;2016-02-11T02:52:56.000000;d8728120-9cb6-4483-a46c-141902367672;381.97;2.6;UNKNOWN
2016-02-11T02:57:25.000000;2016-02-11T02:57:25.000000;fb454ed8-3953-465d-ace7-74e9d6d4e53a;381.82;0.01443037;UNKNOWN
2016-02-11T03:06:37.000000;2016-02-11T03:06:37.000000;43cd72ac-1373-4ac7-828d-8f716fb84888;381.82;0.18618424;UNKNOWN
2016-02-11T03:07:05.000000;2016-02-11T03:07:05.000000;3c179f6d-43ae-41d1-a8f7-3f1ec47ab9b8;381.83;2.18739007;UNKNOWN
2016-02-11T03:07:05.000000;2016-02-11T03:07:05.000000;db2be586-a58c-4347-b488-f5a376275514;381.83;0.05;UNKNOWN
2016-02-11T03:07:24.000000;2016-02-11T03:07:24.000000;4c6d5a6b-913e-4560-9063-8b1d85736e40;381.82;0.06903539;UNKNOWN
2016-02-11T03:07:24.000000;2016-02-11T03:07:24.000000;9b619026-8c1c-467b-8d57-c066db6ec3d1;381.82;0.014905;UNKNOWN
2016-02-11T03:07:27.000000;2016-02-11T03:07:27.000000;37a56fd4-b385-47e3-97dd-35ea2d5a28d5;381.83;6.2855;UNKNOWN
2016-02-11T03:07:47.000000;2016-02-11T03:07:47.000000;5f4a287c-c7cf-4b70-ab73-3bec22c83ea3;381.82;0.03784396;UNKNOWN
2016-02-11T03:11:40.000000;2016-02-11T03:11:40.000000;a4336c65-90b1-46dd-aab1-984ff92acff8;381.83;2.1266;UNKNOWN
2016-02-11T03:12:42.000000;2016-02-11T03:12:42.000000;9f2b9453-bffc-484a-a62b-a16f9fe995fa;381.83;0.1409951;UNKNOWN
2016-02-11T03:12:57.000000;2016-02-11T03:12:57.000000;491bcd20-14f9-426c-9311-a864fce86167;381.83;0.07049571;UNKNOWN
2016-02-11T03:14:05.000000;2016-02-11T03:14:05.000000;70431052-423a-4d60-9849-a8b63c2a6e5a;381.83;0.52257525;UNKNOWN
2016-02-11T03:14:10.000000;2016-02-11T03:14:10.000000;aec83cf0-c369-4ad2-a978-4870aff5fa1e;381.83;0.04878914;UNKNOWN
2016-02-11T03:14:27.000000;2016-02-11T03:14:27.000000;e0950ea3-f643-4e80-b584-456d3726b1c0;381.82;0.16026055;UNKNOWN
2016-02-11T03:14:27.000000;2016-02-11T03:14:27.000000;b53f3694-17ea-4aba-905c-e70980531916;381.82;0.38465104;UNKNOWN
2016-02-11T03:14:32.000000;2016-02-11T03:14:32.000000;38ac1eba-fd9d-4fd1-af05-65d362ce9dd7;381.83;0.02439393;UNKNOWN
2016-02-11T03:15:32.000000;2016-02-11T03:15:32.000000;5d919e1d-ae2b-4e5c-8d33-f4251ef8804a;381.83;1.5714;UNKNOWN
2016-02-11T03:15:37.000000;2016-02-11T03:15:37.000000;406a7389-901c-44f5-ae4e-abee65b61ec4;381.83;0.0217573;UNKNOWN
2016-02-11T03:24:05.000000;2016-02-11T03:24:05.000000;2d7464d4-13d2-4929-b586-7ba2f6111ca3;381.83;0.0001035;UNKNOWN
2016-02-11T03:24:05.000000;2016-02-11T03:24:05.000000;655316b3-0fab-4b4d-919b-c4d7f3df015e;381.83;0.17135522;UNKNOWN
2016-02-11T03:27:25.000000;2016-02-11T03:27:25.000000;c2390a9c-9d25-4e38-a2d7-119e506d828e;381.83;0.158401;UNKNOWN
2016-02-11T03:27:26.000000;2016-02-11T03:27:26.000000;e653dacd-9e37-4b67-817a-c2618812ef68;381.83;0.226367;UNKNOWN
2016-02-11T03:27:27.000000;2016-02-11T03:27:27.000000;b9bb1128-3349-4fa3-8d39-ea4fa0d0b2ea;381.83;1.566096;UNKNOWN
2016-02-11T03:27:28.000000;2016-02-11T03:27:28.000000;081ece43-bce7-42e7-968f-ba7adde4f147;381.83;3.133666;UNKNOWN
2016-02-11T03:27:29.000000;2016-02-11T03:27:29.000000;475f1a13-0246-43d4-a282-b251877435f1;381.83;0.350252;UNKNOWN
2016-02-11T03:27:29.000000;2016-02-11T03:27:29.000000;b9b88174-3435-47f6-a79b-dc0952ae99b2;381.83;3.062874;UNKNOWN
2016-02-11T03:27:30.000000;2016-02-11T03:27:30.000000;26e63820-2588-4a20-8b1f-70b38b154197;381.83;0.35902;UNKNOWN
2016-02-11T03:27:31.000000;2016-02-11T03:27:31.000000;ef3fba35-6d83-4aab-afe7-7d9a7b325e9d;381.83;3.086413;UNKNOWN
2016-02-11T03:27:32.000000;2016-02-11T03:27:32.000000;fe568512-0937-40fe-9fb6-4a7bf9a0608a;381.83;0.264;UNKNOWN
2016-02-11T03:27:32.000000;2016-02-11T03:27:32.000000;46fd1285-38e5-4127-8e5d-7291aa79c757;381.83;0.264;UNKNOWN
2016-02-11T03:27:32.000000;2016-02-11T03:27:32.000000;e1b855fb-8809-4f51-b3a0-32c72a20ded9;381.83;0.88555578;UNKNOWN
2016-02-11T03:27:32.000000;2016-02-11T03:27:32.000000;fb1dcb63-e589-41f7-b750-fec131bac780;381.83;0.08274622;UNKNOWN
2016-02-11T03:27:46.000000;2016-02-11T03:27:46.000000;f7f780f2-4ebc-452b-a973-3590ab3ce3c1;381.81;0.07;UNKNOWN
2016-02-11T03:28:22.000000;2016-02-11T03:28:22.000000;0c4fb7a0-c56f-4894-819e-c64b29aced5d;381.82;0.39;UNKNOWN
2016-02-11T03:31:07.000000;2016-02-11T03:31:07.000000;0365e0d2-ea00-42f4-a9a4-2535353cf0d1;381.81;0.05;UNKNOWN
2016-02-11T03:31:19.000000;2016-02-11T03:31:19.000000;1e286753-ee75-4940-a597-66613b77754c;381.82;0.1151;UNKNOWN
2016-02-11T03:31:19.000000;2016-02-11T03:31:19.000000;da8ae6a9-b122-4aa6-a200-1896b864205d;381.81;0.04;UNKNOWN
2016-02-11T03:31:30.000000;2016-02-11T03:31:30.000000;c7390532-1663-48e1-806e-d14eefdf51e6;381.82;0.02;UNKNOWN
2016-02-11T03:31:32.000000;2016-02-11T03:31:32.000000;1577e00d-39a9-483b-8cb4-ff7b3cf78456;381.81;0.13178094;UNKNOWN
2016-02-11T03:31:52.000000;2016-02-11T03:31:52.000000;9d72afbb-522f-412c-b6ec-32a108b8103e;381.81;0.02;UNKNOWN
2016-02-11T03:32:01.000000;2016-02-11T03:32:01.000000;2e91144e-6ba3-4834-ba9b-3fcde8be477c;381.82;0.04;UNKNOWN
2016-02-11T03:32:41.000000;2016-02-11T03:32:41.000000;fd227604-4878-4f78-9f8a-273c71dbd381;381.82;0.1785;UNKNOWN
2016-02-11T03:38:05.000000;2016-02-11T03:38:05.000000;76e3b20a-6ef7-4cc0-9e6b-27cbac27f667;381.61;1.83887694;UNKNOWN
2016-02-11T03:38:05.000000;2016-02-11T03:38:05.000000;af36d6cd-c382-4ecb-a4a3-7efaa8d1a0ae;381.81;2.65822306;UNKNOWN
2016-02-11T03:38:05.000000;2016-02-11T03:38:05.000000;4e58f9b4-fd0b-4574-9b24-9a86ab885dc7;381.76;6.4829;UNKNOWN
2016-02-11T03:38:05.000000;2016-02-11T03:38:05.000000;2b4bdd91-d37d-453e-a0af-f5633f8506c8;381.71;3.0;UNKNOWN
2016-02-11T03:38:05.000000;2016-02-11T03:38:05.000000;295dfa25-7537-4474-a1d5-b3b88863a33b;381.75;5.02;UNKNOWN
2016-02-11T03:41:05.000000;2016-02-11T03:41:05.000000;d7a2bc6d-2213-4506-ab6a-ab3a5a1c1163;381.66;0.03;UNKNOWN
2016-02-11T03:41:15.000000;2016-02-11T03:41:15.000000;7a7422a5-5e54-448c-8109-ce6316499470;381.66;0.2803;UNKNOWN
2016-02-11T03:41:15.000000;2016-02-11T03:41:15.000000;55d78e67-cbd6-4852-8f0c-0189b6997ae1;381.66;0.628;UNKNOWN
2016-02-11T03:44:23.000000;2016-02-11T03:44:23.000000;b866e93c-ef95-49c0-924e-067d641f3aa2;381.55;0.068517;UNKNOWN
2016-02-11T03:44:23.000000;2016-02-11T03:44:23.000000;164f0802-abcc-481f-b98d-e69a1c4f1a2b;381.61;1.16112306;UNKNOWN
2016-02-11T03:44:23.000000;2016-02-11T03:44:23.000000;ecc6e7c2-f2da-4a78-b3b4-80c70050a795;381.61;3.77035994;UNKNOWN
2016-02-11T03:44:57.000000;2016-02-11T03:44:57.000000;d79f0e13-c972-4eff-ad7f-60a5b5b26860;381.56;0.41556482;UNKNOWN
2016-02-11T03:44:57.000000;2016-02-11T03:44:57.000000;305daf9c-180b-4652-bfac-963e95be7a57;381.56;0.658;UNKNOWN
2016-02-11T03:44:57.000000;2016-02-11T03:44:57.000000;f20a403d-113a-4782-af96-0b3c5dad359e;381.56;0.658;UNKNOWN
2016-02-11T03:44:57.000000;2016-02-11T03:44:57.000000;e40c6074-fd65-414b-b13b-e8cbd3dea030;381.56;0.03143518;UNKNOWN
2016-02-11T03:44:57.000000;2016-02-11T03:44:57.000000;b2e0c6bd-f02c-4b09-abaa-f665ad03ff9d;381.56;0.263;UNKNOWN
2016-02-11T03:44:57.000000;2016-02-11T03:44:57.000000;152498fb-bf4e-4e6c-ab89-fd4a521b4040;381.56;0.658;UNKNOWN
2016-02-11T03:44:57.000000;2016-02-11T03:44:57.000000;cd40e2fb-f2d7-4c42-903a-d5f59d556302;381.56;0.658;UNKNOWN
2016-02-11T03:44:57.000000;2016-02-11T03:44:57.000000;aceced12-3289-4199-a7f7-0a2197cee69e;381.56;0.658;UNKNOWN
2016-02-11T03:46:24.000000;2016-02-11T03:46:24.000000;7d6a4eef-4059-4b6a-ad01-3358f37568ab;381.51;3.0;UNKNOWN
2016-02-11T03:46:24.000000;2016-02-11T03:46:24.000000;6a354c54-cd6f-4699-829f-56b87cb39650;381.53;2.0;UNKNOWN
2016-02-11T03:47:31.000000;2016-02-11T03:47:31.000000;384d2cb8-4954-4c9b-bddc-b2fbb8c605b7;381.45;0.0131;UNKNOWN
2016-02-11T03:49:03.000000;2016-02-11T03:49:03.000000;a3e1c6ef-72ae-4794-a664-df2bd2de7f8f;381.41;3.0;UNKNOWN
2016-02-11T03:49:03.000000;2016-02-11T03:49:03.000000;c63d56b0-e7c2-4c61-8650-d2769bacc573;381.41;3.77163978;UNKNOWN
2016-02-11T03:49:39.000000;2016-02-11T03:49:39.000000;6f0a5aca-3996-4e85-9c5b-d55488962a72;381.35;2.0;UNKNOWN
2016-02-11T03:50:48.000000;2016-02-11T03:50:48.000000;5087c18b-ce14-42f7-8abf-5a72780be522;381.35;10.0;UNKNOWN
2016-02-11T03:51:34.000000;2016-02-11T03:51:34.000000;42c3b0e2-5342-41cd-a63f-5e0b7692fc0d;381.32;4.3193;UNKNOWN
2016-02-11T03:51:34.000000;2016-02-11T03:51:34.000000;ef156b55-652b-467c-9838-8041a26871a7;381.34;0.6807;UNKNOWN
2016-02-11T03:51:47.000000;2016-02-11T03:51:47.000000;26c0a03c-0bc1-43ea-bfa5-f44853b39d37;381.36;0.264;UNKNOWN
2016-02-11T03:51:47.000000;2016-02-11T03:51:47.000000;5d568719-f867-48de-a62e-af9fe04846cb;381.39;0.23199999;UNKNOWN
2016-02-11T03:51:47.000000;2016-02-11T03:51:47.000000;258d8845-b214-444b-8972-d593b765187e;381.39;3.0;UNKNOWN
2016-02-11T03:51:47.000000;2016-02-11T03:51:47.000000;99341641-515a-4a77-bd57-27df7534c603;381.36;0.264;UNKNOWN
2016-02-11T03:51:47.000000;2016-02-11T03:51:47.000000;930eb573-b3ac-4279-8dd1-2623ca9962b8;381.36;0.264;UNKNOWN
2016-02-11T03:51:47.000000;2016-02-11T03:51:47.000000;0920530d-bf19-416a-b47b-0049ab28ea6f;381.36;0.44800001;UNKNOWN
2016-02-11T03:51:47.000000;2016-02-11T03:51:47.000000;9ae39091-01f8-48c2-9ea0-9d1f64246640;381.36;0.264;UNKNOWN
2016-02-11T03:51:47.000000;2016-02-11T03:51:47.000000;cd4ace7d-9172-4cc2-904e-5bef1a09d541;381.36;0.264;UNKNOWN
2016-02-11T03:51:58.000000;2016-02-11T03:51:58.000000;e925cd66-416e-4899-b32e-8c5fb85e94d4;381.14;3.77254093;UNKNOWN
2016-02-11T03:51:58.000000;2016-02-11T03:51:58.000000;7d102d09-1f35-46f1-8ae6-b07407ef8ee5;381.11;3.0;UNKNOWN
2016-02-11T03:51:58.000000;2016-02-11T03:51:58.000000;cfdd6722-6dc0-4901-904f-2cb4a88f17ef;381.31;3.0;UNKNOWN
2016-02-11T03:51:58.000000;2016-02-11T03:51:58.000000;c387bdad-5708-4a75-8133-21f86853f94e;381.26;3.77254093;UNKNOWN
2016-02-11T03:51:58.000000;2016-02-11T03:51:58.000000;a135ff37-fcaa-4f06-90ce-9d3c8ba39838;381.03;5.02;UNKNOWN
2016-02-11T03:51:58.000000;2016-02-11T03:51:58.000000;53defc03-8871-46ce-a2c2-7d55253346f3;381.15;6.4804;UNKNOWN
2016-02-11T03:51:58.000000;2016-02-11T03:51:58.000000;1abeee36-3d20-4407-8c75-43b5d43d76e5;381.02;15.61943628;UNKNOWN
2016-02-11T03:51:58.000000;2016-02-11T03:51:58.000000;e910e5c1-caeb-4c1f-b773-935108e21ef1;381.2;3.77254093;UNKNOWN
2016-02-11T03:51:58.000000;2016-02-11T03:51:58.000000;e62866e3-8438-4af5-a738-53d54424883c;381.21;3.0;UNKNOWN
2016-02-11T03:51:58.000000;2016-02-11T03:51:58.000000;ce00c07b-1942-4f8e-82ea-ba988fc76b27;381.33;11.79;UNKNOWN
2016-02-11T03:51:58.000000;2016-02-11T03:51:58.000000;1d32b408-b765-41ee-bd52-a8292e0adf67;381.08;3.77254093;UNKNOWN
2016-02-11T03:58:00.000000;2016-02-11T03:58:00.000000;b38b4624-5377-4816-8d1a-e13c73013942;381.02;6.0;UNKNOWN
2016-02-11T03:58:30.000000;2016-02-11T03:58:30.000000;c6cf9b6d-0446-43b8-a8ee-548c10e2596d;381.02;3.0;UNKNOWN
2016-02-11T04:00:58.000000;2016-02-11T04:00:58.000000;7219c329-0e02-4dfe-98c1-684cb087431b;381.03;5.0;UNKNOWN
2016-02-11T04:02:05.000000;2016-02-11T04:02:05.000000;cf710ad1-086b-4c76-a594-b41126587e3c;381.03;0.0261486;UNKNOWN
2016-02-11T04:02:32.000000;2016-02-11T04:02:32.000000;ec5fea98-c5c8-4268-bb16-1fc33ed06f16;381.02;0.51;UNKNOWN
2016-02-11T04:03:05.000000;2016-02-11T04:03:05.000000;1a092a94-a0cb-407b-99e9-629217a254d0;381.02;0.18125378;UNKNOWN
2016-02-11T04:03:06.000000;2016-02-11T04:03:06.000000;211c4169-fcd4-41d3-b5ec-c293f2fde9fa;381.02;0.24243518;UNKNOWN
2016-02-11T04:03:06.000000;2016-02-11T04:03:06.000000;58fe16ee-dd12-478d-96a8-99dca3b0ac95;381.02;1.12309028;UNKNOWN
2016-02-11T04:03:06.000000;2016-02-11T04:03:06.000000;05a33503-9d1c-4951-b1bc-54181fc48f88;381.02;0.3777;UNKNOWN
2016-02-11T04:05:16.000000;2016-02-11T04:05:16.000000;7e7186dd-4ea2-40d5-8698-e7968980d7ff;381.02;0.05;UNKNOWN
2016-02-11T04:05:16.000000;2016-02-11T04:05:16.000000;745ab300-d7d2-4739-8eca-508f98cd5b16;381.02;1.73224755;UNKNOWN
2016-02-11T04:05:16.000000;2016-02-11T04:05:16.000000;a8cee42a-8007-4b0f-a8cd-27ce8d82bdf5;381.02;1.21775245;UNKNOWN
2016-02-11T04:05:18.000000;2016-02-11T04:05:18.000000;eeb62e28-627e-4381-b09f-da342e1053c9;381.02;3.0;UNKNOWN
2016-02-11T04:05:25.000000;2016-02-11T04:05:25.000000;4a8d92f6-5650-46f7-a6fd-4acb5d7b2c4c;381.01;0.0334;UNKNOWN
2016-02-11T04:05:35.000000;2016-02-11T04:05:35.000000;3c4876d9-b889-4f03-9e3f-46d25b68b55b;381.01;2.9666;UNKNOWN
2016-02-11T04:05:35.000000;2016-02-11T04:05:35.000000;17a30649-c2de-42a4-b124-ab25af955115;381.0;0.0334;UNKNOWN
2016-02-11T04:06:06.000000;2016-02-11T04:06:06.000000;168db8e0-a1aa-41a1-aaa1-38d5f8d6c8b5;381.0;1.0498;UNKNOWN
2016-02-11T04:06:06.000000;2016-02-11T04:06:06.000000;7910a5cd-fc30-4b11-b8fe-bf5257bd4b75;381.0;0.5102;UNKNOWN
2016-02-11T04:06:06.000000;2016-02-11T04:06:06.000000;e3dd140a-c372-4bed-ba13-63273a59c8be;381.0;1.44;UNKNOWN
2016-02-11T04:07:08.000000;2016-02-11T04:07:08.000000;57eeb22b-a483-4115-923c-2f08b16f3f60;381.52;8.5872486;UNKNOWN
2016-02-11T04:07:08.000000;2016-02-11T04:07:08.000000;7e7b2422-409f-47a9-b35d-dadab36a08a4;381.36;16.2216;UNKNOWN
2016-02-11T04:07:08.000000;2016-02-11T04:07:08.000000;facc7b91-265a-402e-a8fd-ae58e72592a6;381.22;15.501;UNKNOWN
2016-02-11T04:07:08.000000;2016-02-11T04:07:08.000000;108058b5-282c-4dd2-9aa4-76aaf440e93e;381.14;6.4635;UNKNOWN
2016-02-11T04:07:08.000000;2016-02-11T04:07:08.000000;624c8288-6fb9-410c-8059-04b888d87398;381.34;11.0;UNKNOWN
2016-02-11T04:07:08.000000;2016-02-11T04:07:08.000000;32d2941b-031a-41e8-b1d6-744fbe0cde66;381.14;14.1978;UNKNOWN
2016-02-11T04:07:08.000000;2016-02-11T04:07:08.000000;263c201b-6abb-4d19-aa84-57321eb92c98;381.02;0.265;UNKNOWN
2016-02-11T04:07:08.000000;2016-02-11T04:07:08.000000;cfbc603b-d247-4f5e-9ca6-8009058a754c;381.03;3.9738514;UNKNOWN
2016-02-11T04:07:08.000000;2016-02-11T04:07:08.000000;b4ec1911-b79a-4620-9c60-e26cabfab6b8;381.03;23.79;UNKNOWN
2016-02-11T04:07:22.000000;2016-02-11T04:07:22.000000;ed800dbf-e5bd-4a69-9669-eedbad2f38fb;381.03;0.65066366;UNKNOWN
2016-02-11T04:08:10.000000;2016-02-11T04:08:10.000000;008dd1b2-f5b6-4e31-8323-d7306c690703;381.01;0.662;UNKNOWN
2016-02-11T04:09:13.000000;2016-02-11T04:09:13.000000;a4ac993a-b222-4dcf-8586-4086181237d7;381.0;8.9502;UNKNOWN
2016-02-11T04:09:25.000000;2016-02-11T04:09:25.000000;f03f37af-e39c-4fce-8cc7-fb17baba94ef;380.91;3.0;UNKNOWN
2016-02-11T04:09:51.000000;2016-02-11T04:09:51.000000;bbfcaa0e-739f-4975-a64d-3195bc6a658f;380.87;1.992;UNKNOWN
2016-02-11T04:09:51.000000;2016-02-11T04:09:51.000000;5ae51d98-130c-4916-9ca2-c7697df868ab;380.87;1.008;UNKNOWN
2016-02-11T04:09:54.000000;2016-02-11T04:09:54.000000;3b0213d1-6dcb-4218-8eee-598194060de6;380.73;6.4899;UNKNOWN
2016-02-11T04:09:58.000000;2016-02-11T04:09:58.000000;e6a3c75d-4b85-42f1-aa61-1c4694a2db17;380.72;0.0585;UNKNOWN
2016-02-11T04:11:00.000000;2016-02-11T04:11:00.000000;46c22e7c-d0f8-4cbe-afdc-04c96dd37c3f;380.72;3.77685311;UNKNOWN
2016-02-11T04:13:43.000000;2016-02-11T04:13:43.000000;5d840d1d-3430-4d52-b52b-aa49750c927d;380.73;2.638;UNKNOWN
2016-02-11T04:16:05.000000;2016-02-11T04:16:05.000000;707dbad5-55e9-42d4-95c2-37087f2d9240;380.73;1.5;UNKNOWN
2016-02-11T04:16:06.000000;2016-02-11T04:16:06.000000;8625fe32-880e-4024-919e-a73b8213a7fd;380.72;12.70106956;UNKNOWN
2016-02-11T04:16:53.000000;2016-02-11T04:16:53.000000;87b8dcbc-d657-44ce-a5ed-b7216a5118ee;380.73;1.0;UNKNOWN
2016-02-11T04:16:55.000000;2016-02-11T04:16:55.000000;06803cdc-5722-4bbf-94c7-88bf894b4d77;380.73;1.0;UNKNOWN
2016-02-11T04:16:56.000000;2016-02-11T04:16:56.000000;bf405505-887f-4ffb-87c5-c2d633b76b00;380.73;1.0;UNKNOWN
2016-02-11T04:16:57.000000;2016-02-11T04:16:57.000000;5041f42b-0499-4b75-977d-ee7e28ca8d39;380.73;1.0;UNKNOWN
2016-02-11T04:16:59.000000;2016-02-11T04:16:59.000000;167ca10e-1532-4a4e-8d7b-8f48941fd833;380.73;1.0;UNKNOWN
2016-02-11T04:17:01.000000;2016-02-11T04:17:01.000000;63251eb1-b3ad-4c48-89cc-4588ad034c37;380.73;1.0;UNKNOWN
2016-02-11T04:17:02.000000;2016-02-11T04:17:02.000000;27d18988-133a-429c-80f8-3499bc2ecdcd;380.73;1.0;UNKNOWN
2016-02-11T04:17:03.000000;2016-02-11T04:17:03.000000;65b92aa7-bc95-4fbb-85e2-5484d0277f0b;380.73;1.0;UNKNOWN
2016-02-11T04:17:04.000000;2016-02-11T04:17:04.000000;5dc59ec2-8db7-4845-a9f4-5cc1e0163cf9;380.73;1.0;UNKNOWN
2016-02-11T04:17:04.000000;2016-02-11T04:17:04.000000;a42f4952-6fd0-452a-adb1-d3bad315c46e;380.73;1.0;UNKNOWN
2016-02-11T04:17:08.000000;2016-02-11T04:17:08.000000;bb9550fe-1703-48c7-a980-9790f4c4740e;380.73;1.0;UNKNOWN
2016-02-11T04:17:08.000000;2016-02-11T04:17:08.000000;6016149b-4aa3-4837-8e53-bf70d53f3850;380.73;1.0;UNKNOWN
2016-02-11T04:17:09.000000;2016-02-11T04:17:09.000000;c8103603-0c1f-4a4a-a017-68f843965c55;380.73;1.0;UNKNOWN
2016-02-11T04:17:10.000000;2016-02-11T04:17:10.000000;785630cf-7f11-4709-8db5-146c85fd44b8;380.73;1.0;UNKNOWN
2016-02-11T04:17:10.000000;2016-02-11T04:17:10.000000;2ae28d18-87ee-4f01-9c0d-480fa049e4fe;380.73;1.0;UNKNOWN
2016-02-11T04:17:15.000000;2016-02-11T04:17:15.000000;0ff86e1f-a42e-4b8a-b08e-c3ff7e3db4c9;380.73;0.262;UNKNOWN
2016-02-11T04:18:39.000000;2016-02-11T04:18:39.000000;e115bad0-05bd-4d9b-b703-c38296144c3e;380.93;2.0;UNKNOWN
2016-02-11T04:19:55.000000;2016-02-11T04:19:55.000000;840423ed-7341-4393-8078-4137ebf4402f;380.9;0.25;UNKNOWN
2016-02-11T04:21:06.000000;2016-02-11T04:21:06.000000;48748a73-c56f-4e2b-b50b-0475cc0c1e44;380.89;0.01;UNKNOWN
2016-02-11T04:21:15.000000;2016-02-11T04:21:15.000000;2f227667-dc53-43a5-a014-b9c1d04c0a28;380.89;0.01;UNKNOWN
2016-02-11T04:21:40.000000;2016-02-11T04:21:40.000000;27d0f432-8033-467d-9218-ff71f50e3941;380.89;0.01;UNKNOWN
2016-02-11T04:23:05.000000;2016-02-11T04:23:05.000000;dc1ee711-9566-4acf-8684-0bbb954c8b3f;380.89;0.0228;UNKNOWN
2016-02-11T04:25:06.000000;2016-02-11T04:25:06.000000;43603366-a560-467f-a234-1aef2a1b736e;380.74;4.47616107;UNKNOWN
2016-02-11T04:26:05.000000;2016-02-11T04:26:05.000000;2ec083b6-e497-4634-8d39-f7fca8f381be;380.74;2.6369688;UNKNOWN
2016-02-11T04:26:05.000000;2016-02-11T04:26:05.000000;f4bc6ee1-f2c4-4deb-ae0e-07e354dbdc7c;380.74;3.77429704;UNKNOWN
2016-02-11T04:26:36.000000;2016-02-11T04:26:36.000000;4d8aaa37-b871-48b3-995f-f0cdbb6c1300;380.74;1.8793;UNKNOWN
2016-02-11T04:28:13.000000;2016-02-11T04:28:13.000000;d5ed3531-b14b-48e3-a430-a015f8370d1e;380.72;13.46357733;UNKNOWN
2016-02-11T04:28:13.000000;2016-02-11T04:28:13.000000;f67f4e4d-7cb4-4d1b-b753-389169ddbafc;380.68;3.77386973;UNKNOWN
2016-02-11T04:28:13.000000;2016-02-11T04:28:13.000000;2e3dee64-d93c-4ec9-b71b-b549279093b9;380.73;1.0;UNKNOWN
2016-02-11T04:28:13.000000;2016-02-11T04:28:13.000000;7ff1501b-6990-4be1-b960-f0d63f9c9a71;380.75;23.81;UNKNOWN
2016-02-11T04:28:13.000000;2016-02-11T04:28:13.000000;c9503de4-e0ac-4dd2-b23c-943e20cbe7ca;380.63;15.24471848;UNKNOWN
2016-02-11T04:28:13.000000;2016-02-11T04:28:13.000000;bba1d5ba-0375-491a-a23a-07c46c38cb3e;380.73;0.738;UNKNOWN
2016-02-11T04:28:13.000000;2016-02-11T04:28:13.000000;ca412d4b-d6d4-4ad8-9c9d-84900cce1329;380.74;3.77386973;UNKNOWN
2016-02-11T04:28:13.000000;2016-02-11T04:28:13.000000;a25d4317-44f2-4371-b533-c63ce9fc45bd;380.76;6.5199;UNKNOWN
2016-02-11T04:28:30.000000;2016-02-11T04:28:30.000000;a02a7216-3abe-4326-85d0-d95ec0953307;380.78;0.3533;UNKNOWN
2016-02-11T04:28:43.000000;2016-02-11T04:28:43.000000;80a09552-1a68-4292-9096-ec7b19c8351b;380.67;0.09142952;UNKNOWN
2016-02-11T04:28:44.000000;2016-02-11T04:28:44.000000;a826a614-749e-4990-8139-9426825bf66d;380.73;0.0665;UNKNOWN
2016-02-11T04:28:47.000000;2016-02-11T04:28:47.000000;a5e424aa-b428-4094-a49f-aec83e20995c;380.67;8.86832048;UNKNOWN
2016-02-11T04:28:47.000000;2016-02-11T04:28:47.000000;62c65581-3a8f-4de7-a0f6-05362b6777e1;380.43;0.87955538;UNKNOWN
2016-02-11T04:28:47.000000;2016-02-11T04:28:47.000000;be134d8d-ad96-47d4-b221-b1a58ed2208a;380.57;6.4781;UNKNOWN
2016-02-11T04:28:47.000000;2016-02-11T04:28:47.000000;dfd45965-b29d-4f2a-8d09-ac3665c10f73;380.56;3.77216145;UNKNOWN
2016-02-11T04:28:47.000000;2016-02-11T04:28:47.000000;0e77f612-b71b-48a3-9288-fe29ba634359;380.56;3.77353744;UNKNOWN
2016-02-11T04:28:47.000000;2016-02-11T04:28:47.000000;24181833-6260-4321-9daf-2ae07e2ea527;380.53;3.77353744;UNKNOWN
2016-02-11T04:29:01.000000;2016-02-11T04:29:01.000000;1b427041-6a56-411a-87f4-61e572f06014;380.67;0.068;UNKNOWN
2016-02-11T04:29:10.000000;2016-02-11T04:29:10.000000;13589685-f716-4867-a3f4-98e81d341d50;380.67;0.0324;UNKNOWN
2016-02-11T04:30:00.000000;2016-02-11T04:30:00.000000;4f6a82b5-d1e1-4ca8-968f-511f5bbeb816;380.45;0.08;UNKNOWN
2016-02-11T04:30:00.000000;2016-02-11T04:30:00.000000;b723bd07-74be-40fd-b3da-efcfa27e7c3c;380.45;0.01;UNKNOWN
2016-02-11T04:30:00.000000;2016-02-11T04:30:00.000000;89043c24-d877-49c2-955a-ae359d969ec2;380.46;0.42;UNKNOWN
2016-02-11T04:30:09.000000;2016-02-11T04:30:09.000000;c60ef99e-0c0e-44dc-b52e-f90e65446da3;380.64;1.777;UNKNOWN
2016-02-11T04:30:19.000000;2016-02-11T04:30:19.000000;1521ac45-0b00-4430-b44d-fcd6dab9b766;380.61;0.5;UNKNOWN
2016-02-11T04:30:19.000000;2016-02-11T04:30:19.000000;2fb22041-76c8-431c-9721-88537008913b;380.61;0.393;UNKNOWN
2016-02-11T04:30:27.000000;2016-02-11T04:30:27.000000;cf1f81bc-a662-47f4-a268-e06a763b5d4c;380.62;0.0335;UNKNOWN
2016-02-11T04:30:36.000000;2016-02-11T04:30:36.000000;92529e77-d6ce-45aa-8e92-ac50a5d0f9ad;380.62;0.1115;UNKNOWN
2016-02-11T04:30:44.000000;2016-02-11T04:30:44.000000;f92e117a-4a18-411b-95df-a429fb581aaa;380.62;0.2946;UNKNOWN
2016-02-11T04:30:52.000000;2016-02-11T04:30:52.000000;8bd597a1-1e88-4904-b19e-f3685a120c7e;380.62;0.5887;UNKNOWN
2016-02-11T04:32:31.000000;2016-02-11T04:32:31.000000;9384edb6-afd5-4119-ade9-25664ebcbd5b;380.56;0.1;UNKNOWN
2016-02-11T04:32:41.000000;2016-02-11T04:32:41.000000;b7808766-9507-4112-9f52-db19abe8bf5c;380.4;0.03;UNKNOWN
2016-02-11T04:32:41.000000;2016-02-11T04:32:41.000000;9c842f20-e4d3-423b-93cc-5048c85ded30;380.56;7.02885;UNKNOWN
2016-02-11T04:32:41.000000;2016-02-11T04:32:41.000000;5a33650b-2a2e-4707-ba36-5a018b9f5a82;380.33;2.99018794;UNKNOWN
2016-02-11T04:32:41.000000;2016-02-11T04:32:41.000000;1e9a3d21-15fe-4753-86d0-5d34b41e9e28;380.56;0.05;UNKNOWN
2016-02-11T04:32:41.000000;2016-02-11T04:32:41.000000;9d9ea853-9ce4-4229-9427-f7ac4da815c4;380.42;30.0;UNKNOWN
2016-02-11T04:32:44.000000;2016-02-11T04:32:44.000000;73090bf9-1a5d-44c1-99a3-c213d4cde5c8;380.33;0.01;UNKNOWN
2016-02-11T04:33:39.000000;2016-02-11T04:33:39.000000;7581a180-175d-4402-a635-4e4a8b1179f4;380.59;0.12431541;UNKNOWN
2016-02-11T04:34:38.000000;2016-02-11T04:34:38.000000;cb55412d-7a78-4ed4-afe7-b2aa0e515e93;380.58;0.05;UNKNOWN
2016-02-11T04:34:42.000000;2016-02-11T04:34:42.000000;d6f5bd57-46b9-4114-b91f-6db12d2828c9;380.55;0.05;UNKNOWN
2016-02-11T04:36:06.000000;2016-02-11T04:36:06.000000;6d3ee908-2f2d-4ca5-aa92-e2a306a9848b;380.55;1.4999259;UNKNOWN
2016-02-11T04:36:36.000000;2016-02-11T04:36:36.000000;249aae7f-2ec2-4a29-8d98-bf4e471b88d3;380.55;10.0;UNKNOWN
2016-02-11T04:36:41.000000;2016-02-11T04:36:41.000000;c799a35c-c347-4af9-b0c0-83051f78663d;380.44;1.0;UNKNOWN
2016-02-11T04:36:53.000000;2016-02-11T04:36:53.000000;cb0edfb3-ec36-49fc-a58b-1bac38cce895;380.55;10.0;UNKNOWN
2016-02-11T04:40:09.000000;2016-02-11T04:40:09.000000;ee4bc538-4364-467a-af15-6a6e175320f6;380.42;2.26;UNKNOWN
2016-02-11T04:40:12.000000;2016-02-11T04:40:12.000000;415e18e2-2d16-46a7-86c1-81a763d69053;380.43;1.13;UNKNOWN
2016-02-11T04:40:12.000000;2016-02-11T04:40:12.000000;fac79057-728f-427f-88cc-780f5ca7759a;380.43;0.667;UNKNOWN
2016-02-11T04:40:12.000000;2016-02-11T04:40:12.000000;b848057c-b934-4338-abff-52a79d6d6843;380.43;0.664;UNKNOWN
2016-02-11T04:42:00.000000;2016-02-11T04:42:00.000000;145d785f-db56-4ec3-8c54-83cc2e547051;380.33;0.77687269;UNKNOWN
2016-02-11T04:42:00.000000;2016-02-11T04:42:00.000000;b97b9596-4e95-478d-b9ba-ab739397e400;380.34;6.5683;UNKNOWN
2016-02-11T04:42:00.000000;2016-02-11T04:42:00.000000;11805b46-8831-403d-8c06-18111a921757;380.41;3.0;UNKNOWN
2016-02-11T04:42:00.000000;2016-02-11T04:42:00.000000;f37236bc-2ece-41e7-98a1-2e0bc4106b3f;380.41;3.77372731;UNKNOWN
2016-02-11T04:43:29.000000;2016-02-11T04:43:29.000000;6ac80cdc-9b45-4654-b1b5-2878e6fb76e1;380.52;0.0182;UNKNOWN
2016-02-11T04:43:39.000000;2016-02-11T04:43:39.000000;679bf50b-83a4-4cd3-81c4-f8801b2d9750;380.34;4.0;UNKNOWN
2016-02-11T04:44:06.000000;2016-02-11T04:44:06.000000;3b6d30b5-77d9-49c5-b2a2-5d21fb5a848c;380.52;0.0262;UNKNOWN
2016-02-11T04:44:23.000000;2016-02-11T04:44:23.000000;41c9a163-ca12-4546-b566-fa999176608b;380.52;0.339214;UNKNOWN
2016-02-11T04:44:23.000000;2016-02-11T04:44:23.000000;cb5094e3-3db9-447c-afcb-779ad58ad86a;380.52;0.0056;UNKNOWN
2016-02-11T04:45:00.000000;2016-02-11T04:45:00.000000;34852e58-7277-471d-8b1c-675f8bf8fa88;380.52;0.01;UNKNOWN
2016-02-11T04:45:05.000000;2016-02-11T04:45:05.000000;78ba00e2-5eff-45e7-b363-c5d4f03098b8;380.5;0.01;UNKNOWN
2016-02-11T04:45:07.000000;2016-02-11T04:45:07.000000;8bf4b0b1-87f3-4b12-b6b7-33b62ea1062f;380.41;1.64931298;UNKNOWN
2016-02-11T04:45:56.000000;2016-02-11T04:45:56.000000;eb93dd43-16da-415a-9efb-ceac2a3281ca;380.31;0.49236063;UNKNOWN
2016-02-11T04:45:56.000000;2016-02-11T04:45:56.000000;93df8a00-2238-424f-a7a0-1f139a2fc111;380.34;6.5097;UNKNOWN
2016-02-11T04:45:56.000000;2016-02-11T04:45:56.000000;bc049733-c0b6-44a5-ae35-d04c45e93b9c;380.33;5.22293937;UNKNOWN
2016-02-11T04:47:05.000000;2016-02-11T04:47:05.000000;1bae47cc-5c90-44d0-903c-7e074b8ed17d;380.37;6.34047724;UNKNOWN
2016-02-11T04:47:08.000000;2016-02-11T04:47:08.000000;b77663e5-cebc-485c-8d9b-69887346db07;380.47;0.01;UNKNOWN
2016-02-11T04:50:05.000000;2016-02-11T04:50:05.000000;1d17dddd-bed7-4907-bb1c-cf030004f286;380.4;10.0;UNKNOWN
2016-02-11T04:51:06.000000;2016-02-11T04:51:06.000000;21c0a11c-5619-49e9-9c98-7a8e4b740c81;380.4;3.0;UNKNOWN
2016-02-11T04:51:26.000000;2016-02-11T04:51:26.000000;f77671bf-902a-4cc6-80e5-05b092873e4e;380.4;7.0;UNKNOWN
2016-02-11T04:54:41.000000;2016-02-11T04:54:41.000000;beb88eba-161c-48a3-8a5e-992804e5a0c1;380.31;2.50763937;UNKNOWN
2016-02-11T04:54:47.000000;2016-02-11T04:54:47.000000;818d5e83-a2df-450c-ad82-b807dab30a74;380.24;0.01;UNKNOWN
2016-02-11T04:55:25.000000;2016-02-11T04:55:25.000000;bf2530db-e658-4470-ba74-47285bd03eff;380.22;4.485;UNKNOWN
2016-02-11T04:55:25.000000;2016-02-11T04:55:25.000000;a45b1a50-19fc-43b0-977b-c1ac5601fbae;380.24;3.515;UNKNOWN
2016-02-11T04:57:05.000000;2016-02-11T04:57:05.000000;c410b12b-0f1f-475b-9ab0-41bce0e0fc0b;380.29;0.47461;UNKNOWN
2016-02-11T04:57:05.000000;2016-02-11T04:57:05.000000;69f3ffb8-e818-4575-b8f6-8418305b74bc;380.28;0.5;UNKNOWN
2016-02-11T04:57:50.000000;2016-02-11T04:57:50.000000;bb9cfab8-b308-445e-8d5b-04e57f8ade07;380.22;23.83;UNKNOWN
2016-02-11T04:57:50.000000;2016-02-11T04:57:50.000000;87df3dad-8878-4e50-964f-8229924a8258;380.22;1.17;UNKNOWN
2016-02-11T04:57:54.000000;2016-02-11T04:57:54.000000;10487a93-d578-4311-8841-e33675dd9b1a;380.21;3.0;UNKNOWN
2016-02-11T04:58:00.000000;2016-02-11T04:58:00.000000;84e5503d-9aa5-4af0-a2bb-f1915a8cee04;380.11;0.01;UNKNOWN
2016-02-11T04:58:20.000000;2016-02-11T04:58:20.000000;e7bd67e5-7e16-4a93-9c0a-8b444b7ad99a;380.11;2.99;UNKNOWN
2016-02-11T04:58:20.000000;2016-02-11T04:58:20.000000;f368cfd8-f85a-4a80-9e50-1c185adbc937;380.09;0.01;UNKNOWN
2016-02-11T04:58:23.000000;2016-02-11T04:58:23.000000;8cb2a47a-a64b-47a2-b740-63c10cc2eb76;380.09;0.02836723;UNKNOWN
2016-02-11T04:58:24.000000;2016-02-11T04:58:24.000000;d11473a2-f5dc-4107-ba12-fee7b7178216;380.03;0.01;UNKNOWN
2016-02-11T04:58:36.000000;2016-02-11T04:58:36.000000;0664fb52-7c56-46c0-b4ec-e8739aeace24;380.02;11.5256;UNKNOWN
2016-02-11T04:58:36.000000;2016-02-11T04:58:36.000000;00acd36b-8edf-42c1-a7a4-9f5f1531e3c9;380.03;6.4744;UNKNOWN
2016-02-11T04:58:45.000000;2016-02-11T04:58:45.000000;c11bc490-8dd2-44e5-b971-dd50e326c35c;380.02;3.0;UNKNOWN
2016-02-11T04:58:48.000000;2016-02-11T04:58:48.000000;1efa127c-c8c2-40a7-8eb8-8b1b0256439f;380.02;3.0;UNKNOWN
2016-02-11T04:58:50.000000;2016-02-11T04:58:50.000000;fe9a0412-eb9b-4400-8436-a1b0edbb66d5;380.02;0.4881224;UNKNOWN
2016-02-11T04:58:52.000000;2016-02-11T04:58:52.000000;a90ae29f-d9c0-43bb-91cd-131440c5cc2a;380.02;3.0;UNKNOWN
2016-02-11T04:58:57.000000;2016-02-11T04:58:57.000000;674609da-a0d0-45cc-8942-fb2edd59eee9;380.05;0.01;UNKNOWN
2016-02-11T04:59:11.000000;2016-02-11T04:59:11.000000;189a2932-9019-466e-b823-e3ecda33e16f;380.05;0.01;UNKNOWN
2016-02-11T04:59:30.000000;2016-02-11T04:59:30.000000;d010a994-6fb1-4917-a0ed-ef6e7a5a549f;380.02;1.0;UNKNOWN
2016-02-11T05:00:24.000000;2016-02-11T05:00:24.000000;3c231d1d-7a49-4353-b5ee-5c2a7633b140;380.02;3.0;UNKNOWN
2016-02-11T05:00:26.000000;2016-02-11T05:00:26.000000;4e4693e0-77e5-4097-9826-98abdcef1a1e;380.02;3.0;UNKNOWN
2016-02-11T05:00:56.000000;2016-02-11T05:00:56.000000;93fef162-320c-4ebf-acd0-c92b3cb5603c;380.02;1.9862776;UNKNOWN
2016-02-11T05:00:56.000000;2016-02-11T05:00:56.000000;c229a140-2ba4-4c85-96c0-b52497cff1d4;380.02;1.0137224;UNKNOWN
2016-02-11T05:00:58.000000;2016-02-11T05:00:58.000000;365384e3-57a6-469b-bb48-6ac6082b22c1;380.02;3.0;UNKNOWN
2016-02-11T05:01:05.000000;2016-02-11T05:01:05.000000;366611db-7114-4813-84f9-575686119286;380.03;0.02;UNKNOWN
2016-02-11T05:01:22.000000;2016-02-11T05:01:22.000000;473f3d69-75a1-4325-b219-5917c845e56f;380.03;0.02;UNKNOWN
2016-02-11T05:02:34.000000;2016-02-11T05:02:34.000000;1f6696cc-e83a-4faa-ad00-399b9b0f1ee8;380.01;0.1;UNKNOWN
2016-02-11T05:04:53.000000;2016-02-11T05:04:53.000000;39298ffb-3f00-4240-8b4a-8f252f06bd4e;380.01;2.1;UNKNOWN
2016-02-11T05:04:53.000000;2016-02-11T05:04:53.000000;6b45f466-b18b-4a8c-83c0-ea052809c7b3;380.01;0.9;UNKNOWN
2016-02-11T05:04:56.000000;2016-02-11T05:04:56.000000;f2b4b03a-bcaa-47ee-a103-f4c87858ce15;380.01;0.9;UNKNOWN
2016-02-11T05:04:56.000000;2016-02-11T05:04:56.000000;caae5021-4c61-4a46-b4ea-8e7da17fecc1;380.01;2.1;UNKNOWN
2016-02-11T05:05:00.000000;2016-02-11T05:05:00.000000;17435419-ddcd-48bd-9fcf-704839df808e;380.0;2.0;UNKNOWN
2016-02-11T05:05:00.000000;2016-02-11T05:05:00.000000;f7817bfd-a55e-4282-ae21-ceb3c0f65a5a;380.0;0.015;UNKNOWN
2016-02-11T05:05:00.000000;2016-02-11T05:05:00.000000;c79e548a-5e0c-48a5-a091-eb3b5878c02b;380.0;3.0;UNKNOWN
2016-02-11T05:05:00.000000;2016-02-11T05:05:00.000000;e772f87c-9738-4fc8-8d77-b89b2be70019;380.0;0.985;UNKNOWN
2016-02-11T05:05:03.000000;2016-02-11T05:05:03.000000;e9be1b2f-9d37-4ed5-b842-2761435b6f9c;379.87;0.01;UNKNOWN
2016-02-11T05:05:03.000000;2016-02-11T05:05:03.000000;532acaef-b262-460f-bc34-8e662212c113;379.87;2.0;UNKNOWN
2016-02-11T05:05:03.000000;2016-02-11T05:05:03.000000;be34c17a-d804-4648-8233-416e1fee7b4a;379.87;0.01;UNKNOWN
2016-02-11T05:05:06.000000;2016-02-11T05:05:06.000000;74b52dcc-709e-4aba-aa98-e5e44360dc22;379.86;3.0;UNKNOWN
2016-02-11T05:05:08.000000;2016-02-11T05:05:08.000000;1d891d1e-724d-4d41-9176-03eabe0beeb6;379.86;3.0;UNKNOWN
2016-02-11T05:05:26.000000;2016-02-11T05:05:26.000000;409860f9-31fb-4357-8d5e-3aca5a9fa3cd;379.78;0.01;UNKNOWN
2016-02-11T05:06:05.000000;2016-02-11T05:06:05.000000;b1430ad9-1437-41ff-b8ca-03f3ce7b9e30;379.94;0.03001007;UNKNOWN
2016-02-11T05:07:31.000000;2016-02-11T05:07:31.000000;d23b1048-af40-4350-be90-332f5968cfe7;379.87;0.331;UNKNOWN
2016-02-11T05:07:31.000000;2016-02-11T05:07:31.000000;5c1acf3f-26d4-40c1-be6c-e29f5c92913e;379.87;0.669;UNKNOWN
2016-02-11T05:08:18.000000;2016-02-11T05:08:18.000000;4931992d-9b2c-457a-9f74-68a9a86330c4;379.87;0.06;UNKNOWN
2016-02-11T05:09:11.000000;2016-02-11T05:09:11.000000;5a34a08e-c556-4511-94eb-b5d16b2858c8;379.84;6.1;UNKNOWN
2016-02-11T05:09:59.000000;2016-02-11T05:09:59.000000;6ec2fb48-f059-41cb-b40d-48ff276da0cd;379.82;0.23399999;UNKNOWN
2016-02-11T05:10:06.000000;2016-02-11T05:10:06.000000;d4359591-3dcd-4c9f-a2d3-700c0637cc3f;379.85;0.5;UNKNOWN
2016-02-11T05:10:06.000000;2016-02-11T05:10:06.000000;23eedbb1-3dbf-42f0-983a-050fec7fe549;379.88;0.25;UNKNOWN
2016-02-11T05:10:33.000000;2016-02-11T05:10:33.000000;cb3b79b3-34b8-4961-8bfd-30d23d61b0e8;379.85;0.01;UNKNOWN
2016-02-11T05:10:42.000000;2016-02-11T05:10:42.000000;e0711eb7-1f74-48d3-b410-f7bbab042453;379.85;0.01;UNKNOWN
2016-02-11T05:11:08.000000;2016-02-11T05:11:08.000000;b917272e-a416-4a27-afc7-473b240aba81;379.84;0.01;UNKNOWN
2016-02-11T05:12:05.000000;2016-02-11T05:12:05.000000;63ec19a7-d4c8-4206-88cf-a8ad16957e6a;379.84;0.26261452;UNKNOWN
2016-02-11T05:14:22.000000;2016-02-11T05:14:22.000000;b435a326-1b4d-49dd-b2c1-9d5e3be9b969;379.83;0.672;UNKNOWN
2016-02-11T05:14:22.000000;2016-02-11T05:14:22.000000;8384b025-43a7-430d-8b1b-4c6e82af7f9d;379.83;3.0;UNKNOWN
2016-02-11T05:14:22.000000;2016-02-11T05:14:22.000000;4b264659-da67-474d-a046-a873719c55b6;379.83;0.84038547;UNKNOWN
2016-02-11T05:14:45.000000;2016-02-11T05:14:45.000000;8d4d999e-3f1c-457e-a4c0-ef26d6c3aebd;379.86;3.0;UNKNOWN
2016-02-11T05:15:06.000000;2016-02-11T05:15:06.000000;d6f72fb9-59b2-48fb-87bb-2b53c0d4ca04;379.86;3.0;UNKNOWN
2016-02-11T05:15:07.000000;2016-02-11T05:15:07.000000;5c259edb-6226-4da0-b807-d43871855a33;379.92;0.1;UNKNOWN
2016-02-11T05:15:08.000000;2016-02-11T05:15:08.000000;c84a912a-0fa3-4501-9a79-e158da9dcae6;379.86;3.0;UNKNOWN
2016-02-11T05:16:06.000000;2016-02-11T05:16:06.000000;8c845ca5-8e4b-44c6-a959-b950cb772735;379.87;0.3001483;UNKNOWN
2016-02-11T05:16:07.000000;2016-02-11T05:16:07.000000;b3770bad-d8d2-486a-bc3e-c262ad166d28;379.87;0.1998517;UNKNOWN
2016-02-11T05:16:07.000000;2016-02-11T05:16:07.000000;7c1badd1-192a-4078-869b-30819624ba79;379.88;0.0801483;UNKNOWN
2016-02-11T05:16:34.000000;2016-02-11T05:16:34.000000;62da8829-2377-47cf-874c-b93c77b172e3;379.83;1.0;UNKNOWN
2016-02-11T05:18:19.000000;2016-02-11T05:18:19.000000;9975ce4d-b39f-4ea0-aa86-d5f3f1bcdcbd;379.89;3.0;UNKNOWN
2016-02-11T05:18:37.000000;2016-02-11T05:18:37.000000;b273ff78-652b-4cc1-acdd-f44e9d9ea4dd;379.92;3.1726;UNKNOWN
2016-02-11T05:20:18.000000;2016-02-11T05:20:18.000000;15c44459-37d9-4d96-b079-ec281adbc1a2;379.94;0.5;UNKNOWN
2016-02-11T05:20:18.000000;2016-02-11T05:20:18.000000;0bded63b-876a-499d-9940-2dd76a7f5d08;379.94;3.9203;UNKNOWN
2016-02-11T05:23:08.000000;2016-02-11T05:23:08.000000;7750bef8-5da1-43b2-92a8-292170f881be;379.88;0.66800001;UNKNOWN
2016-02-11T05:23:12.000000;2016-02-11T05:23:12.000000;b573cb5b-1e43-4699-83d6-500c80aa5d1d;379.88;0.50588615;UNKNOWN
2016-02-11T05:23:12.000000;2016-02-11T05:23:12.000000;2f8dcdf1-4159-4f2b-84f4-13ff71bb37d3;379.88;1.138;UNKNOWN
2016-02-11T05:23:47.000000;2016-02-11T05:23:47.000000;8485bb7b-1cc0-4df8-aef8-99f2c242e3f2;379.89;1.0;UNKNOWN
2016-02-11T05:24:00.000000;2016-02-11T05:24:00.000000;3be0b7fb-d61a-449a-8f29-06d68862cf84;379.88;6.498;UNKNOWN
2016-02-11T05:26:27.000000;2016-02-11T05:26:27.000000;bc52c841-d490-4679-b50a-201c0d2dce99;379.92;0.01;UNKNOWN
2016-02-11T05:29:24.000000;2016-02-11T05:29:24.000000;f099f3c0-17c5-4fb4-8c5a-9df45a5ac9f0;379.9;1.0;UNKNOWN
2016-02-11T05:29:46.000000;2016-02-11T05:29:46.000000;74550867-67ca-4c83-86c8-9e02eb890996;379.91;0.111;UNKNOWN
2016-02-11T05:30:05.000000;2016-02-11T05:30:05.000000;fb11509c-79e3-4178-ad1f-7aca84ed8c4e;379.91;0.22482503;UNKNOWN
2016-02-11T05:38:17.000000;2016-02-11T05:38:17.000000;0eff229c-935f-48bf-8685-d6363d0b4868;379.97;0.06461083;UNKNOWN
2016-02-11T05:38:20.000000;2016-02-11T05:38:20.000000;54ec875b-7bd7-40a0-9484-612c8949ccb7;379.91;0.05;UNKNOWN
2016-02-11T05:38:20.000000;2016-02-11T05:38:20.000000;f74897c0-dbe7-4e51-875f-1f44ccb3deef;379.91;4.287;UNKNOWN
2016-02-11T05:38:40.000000;2016-02-11T05:38:40.000000;bab819ae-73a1-404c-901f-a50c4de3f7ee;379.97;0.01;UNKNOWN
2016-02-11T05:40:02.000000;2016-02-11T05:40:02.000000;4d58f14c-38c2-4ee1-969c-1c25bb5c61ea;379.91;0.01;UNKNOWN
2016-02-11T05:40:02.000000;2016-02-11T05:40:02.000000;f30023cb-cea4-4c52-8fad-dc2b72602eaf;379.96;0.05;UNKNOWN
2016-02-11T05:40:02.000000;2016-02-11T05:40:02.000000;cdeee128-7c97-4d8a-874e-0052911994d1;379.91;0.01;UNKNOWN
2016-02-11T05:40:02.000000;2016-02-11T05:40:02.000000;eee76b61-5121-4be5-8faa-b308046be908;379.91;0.01;UNKNOWN
2016-02-11T05:40:02.000000;2016-02-11T05:40:02.000000;7c35f9d4-f26e-4c25-b8bf-4125a7388493;379.91;0.01;UNKNOWN
2016-02-11T05:40:02.000000;2016-02-11T05:40:02.000000;d42d7a0e-5e69-4375-97e3-0d62b00845c3;379.91;0.01;UNKNOWN
2016-02-11T05:40:02.000000;2016-02-11T05:40:02.000000;19d50c03-20fd-403a-9eef-4f40e802e0ec;379.91;0.01;UNKNOWN
2016-02-11T05:40:02.000000;2016-02-11T05:40:02.000000;13bd9c41-96bf-4074-acf3-d22872a2344d;379.91;1.236;UNKNOWN
2016-02-11T05:40:02.000000;2016-02-11T05:40:02.000000;859abb2f-c349-4a83-b1b1-901b23b6e831;379.91;0.01;UNKNOWN
2016-02-11T05:40:02.000000;2016-02-11T05:40:02.000000;289a15df-38ac-4581-8488-16365583c923;379.91;0.01;UNKNOWN
2016-02-11T05:40:02.000000;2016-02-11T05:40:02.000000;c9bbece2-ffc5-4c56-bede-80e90956d2fa;379.91;0.111;UNKNOWN
2016-02-11T05:40:02.000000;2016-02-11T05:40:02.000000;e759c985-7073-4bec-a113-024a7768458b;379.91;0.01;UNKNOWN
2016-02-11T05:40:02.000000;2016-02-11T05:40:02.000000;937fd85d-1f67-4f2c-b79c-282902d372cb;379.91;1.413;UNKNOWN
2016-02-11T05:40:59.000000;2016-02-11T05:40:59.000000;ed4d5b53-2332-4278-a744-a1fa3f7f1671;379.9;0.34293805;UNKNOWN
2016-02-11T05:40:59.000000;2016-02-11T05:40:59.000000;8fe26945-23e8-4f68-8a92-9e7b496fb55b;379.96;0.05;UNKNOWN
2016-02-11T05:41:09.000000;2016-02-11T05:41:09.000000;a0bf442c-562c-4f16-ac9a-83e393d48ac9;379.95;0.13;UNKNOWN
2016-02-11T05:42:01.000000;2016-02-11T05:42:01.000000;1b9e4aec-97b2-4b68-bbd7-192ca0bd8ac8;379.95;0.01;UNKNOWN
2016-02-11T05:42:28.000000;2016-02-11T05:42:28.000000;785496a8-226b-4b60-aa10-7e32274a9c4a;379.95;0.01;UNKNOWN
2016-02-11T05:42:51.000000;2016-02-11T05:42:51.000000;b56af136-e695-465b-954d-a1b552eab966;379.95;0.01;UNKNOWN
2016-02-11T05:43:55.000000;2016-02-11T05:43:55.000000;30b0cbcb-4839-4234-8f73-2f03e8b71728;379.95;0.01;UNKNOWN
2016-02-11T05:44:05.000000;2016-02-11T05:44:05.000000;0f756308-8a26-4210-827f-9c2835b1bf25;379.95;0.15019655;UNKNOWN
2016-02-11T05:44:41.000000;2016-02-11T05:44:41.000000;64d8ebed-0e19-4c5b-8499-1abade99604c;379.95;0.11106434;UNKNOWN
2016-02-11T05:45:03.000000;2016-02-11T05:45:03.000000;0eaaf953-bfd1-4776-8774-a3922f4c41d2;379.95;0.01;UNKNOWN
2016-02-11T05:45:04.000000;2016-02-11T05:45:04.000000;8cbd1a0d-8f4c-4c5b-9360-8b605ddf33b7;379.94;0.05;UNKNOWN
2016-02-11T05:45:52.000000;2016-02-11T05:45:52.000000;2600b5fe-0714-425f-bec0-756ac9c49db9;379.91;0.5;UNKNOWN
2016-02-11T05:45:52.000000;2016-02-11T05:45:52.000000;650a466a-e69e-4cfe-a876-54c945a38af4;379.92;2.6459;UNKNOWN
2016-02-11T05:46:46.000000;2016-02-11T05:46:46.000000;ac48019c-0a1d-4eb4-bdf0-b9ffb4853264;379.9;0.05;UNKNOWN
2016-02-11T05:50:49.000000;2016-02-11T05:50:49.000000;942b0c05-2a60-47b6-b645-1d30103ca6ad;379.9;0.36306196;UNKNOWN
2016-02-11T05:50:49.000000;2016-02-11T05:50:49.000000;4f72549a-8b1d-4231-89d0-ee40b36d7df4;379.88;2.33334415;UNKNOWN
2016-02-11T05:51:08.000000;2016-02-11T05:51:08.000000;2fa39a4a-d419-4763-a4f5-a1eabdac23e3;379.55;0.1131;UNKNOWN
2016-02-11T05:51:08.000000;2016-02-11T05:51:08.000000;8938bfca-9014-4a69-ba9a-ec3c8fdfa809;379.88;38.85676969;UNKNOWN
2016-02-11T05:51:08.000000;2016-02-11T05:51:08.000000;4c20c3f1-2365-4676-a6a7-bf94b22e8e37;379.8;0.84;UNKNOWN
2016-02-11T05:51:08.000000;2016-02-11T05:51:08.000000;0b703c1b-f7b3-4e67-bce3-f485271bf6f0;379.77;10.0;UNKNOWN
2016-02-11T05:51:08.000000;2016-02-11T05:51:08.000000;c00a6ccd-2cfc-4c45-bf9b-442fda57dbbb;379.67;3.78214826;UNKNOWN
2016-02-11T05:51:08.000000;2016-02-11T05:51:08.000000;e43051c3-e3af-4a17-b1c1-c159c86cc15e;379.52;0.52698105;UNKNOWN
2016-02-11T05:51:08.000000;2016-02-11T05:51:08.000000;0d4aa92d-ddb7-4c1a-a1d3-4a8b2918de17;379.44;5.01;UNKNOWN
2016-02-11T05:51:08.000000;2016-02-11T05:51:08.000000;574616ad-e5c7-49fe-8300-8bfb5393f5c4;379.46;0.1;UNKNOWN
2016-02-11T05:51:08.000000;2016-02-11T05:51:08.000000;df25d862-567d-4bff-9152-d2100f99e4dc;379.56;14.6897;UNKNOWN
2016-02-11T05:51:08.000000;2016-02-11T05:51:08.000000;af1bc672-f1d1-4ee3-a8c1-f119fe12522a;379.82;0.03;UNKNOWN
2016-02-11T05:51:08.000000;2016-02-11T05:51:08.000000;7d4da292-18d2-49d8-815c-10dff7ee1eb9;379.75;25.01718743;UNKNOWN
2016-02-11T05:51:08.000000;2016-02-11T05:51:08.000000;c7f438a3-1f50-477e-939c-3821c126d3dc;379.78;6.5266;UNKNOWN
2016-02-11T05:51:08.000000;2016-02-11T05:51:08.000000;882d4589-b0b0-4c57-9e98-33d0c47acc93;379.44;19.50751357;UNKNOWN
2016-02-11T05:51:15.000000;2016-02-11T05:51:15.000000;0f61e1b1-dded-44ae-93e0-2bd766702361;379.29;0.5;UNKNOWN
2016-02-11T05:51:15.000000;2016-02-11T05:51:15.000000;df416613-acb0-4973-9d33-0dd420660e44;379.24;3.7838656;UNKNOWN
2016-02-11T05:51:15.000000;2016-02-11T05:51:15.000000;a94aaf20-bd0b-4aa1-9c41-eaece5e31778;379.2;7.0;UNKNOWN
2016-02-11T05:51:15.000000;2016-02-11T05:51:15.000000;91cbd11a-4a56-4d56-b881-c39ffc938cf4;379.2;0.34;UNKNOWN
2016-02-11T05:51:15.000000;2016-02-11T05:51:15.000000;4ab0b90c-6170-4f34-a09b-85b8209e1d34;379.29;1.2838656;UNKNOWN
2016-02-11T05:51:15.000000;2016-02-11T05:51:15.000000;d433a7af-4ea2-4549-a259-569c6c6d4f14;379.29;2.0;UNKNOWN
2016-02-11T05:51:15.000000;2016-02-11T05:51:15.000000;3802758a-f9d0-4acc-bca4-8a6e42602d60;379.2;10.0222637;UNKNOWN
2016-02-11T05:51:21.000000;2016-02-11T05:51:21.000000;7f47b353-8c14-4c32-a836-cedea184e022;379.14;0.5;UNKNOWN
2016-02-11T05:51:21.000000;2016-02-11T05:51:21.000000;c2962e7f-d876-4149-96d6-ea4e95278a2e;379.14;1.5;UNKNOWN
2016-02-11T05:51:52.000000;2016-02-11T05:51:52.000000;c0017ca8-5b47-4b19-a9b4-bd41967d8512;379.69;0.0201;UNKNOWN
2016-02-11T05:52:05.000000;2016-02-11T05:52:05.000000;aebb1be6-1b54-4df6-9374-dfbcb3895317;379.14;6.5324;UNKNOWN
2016-02-11T05:52:05.000000;2016-02-11T05:52:05.000000;7d5ab728-4025-4667-bb01-a80ad1dcfcc7;379.12;0.48192303;UNKNOWN
2016-02-11T05:52:05.000000;2016-02-11T05:52:05.000000;8509a41b-4f35-4af3-a0f9-181adc69da5f;379.14;0.01;UNKNOWN
2016-02-11T05:52:05.000000;2016-02-11T05:52:05.000000;b8e444a5-13f9-493e-814d-7ab4e74bae93;379.13;21.5716;UNKNOWN
2016-02-11T05:53:13.000000;2016-02-11T05:53:13.000000;b7733095-5386-49bf-8570-610d9ceb5979;379.14;0.01;UNKNOWN
2016-02-11T05:53:17.000000;2016-02-11T05:53:17.000000;e431620d-88fb-4941-bcc3-f2e3329af313;379.14;0.01;UNKNOWN
2016-02-11T05:53:20.000000;2016-02-11T05:53:20.000000;8577500e-16a5-4490-b6af-9d96e49c7e68;379.0;0.1;UNKNOWN
2016-02-11T05:53:20.000000;2016-02-11T05:53:20.000000;3a72e9ae-db30-4031-bfa6-0a75b3fffce4;379.07;0.5;UNKNOWN
2016-02-11T05:53:20.000000;2016-02-11T05:53:20.000000;0d1a9ff8-bdfd-4735-bbd8-1fa5820e243b;379.01;6.5395;UNKNOWN
2016-02-11T05:53:20.000000;2016-02-11T05:53:20.000000;3b9f5ccf-be6f-4ce5-acb5-99c8f1622cfa;379.0;2.0113;UNKNOWN
2016-02-11T05:53:20.000000;2016-02-11T05:53:20.000000;59cf8d90-c2da-40d6-800b-5d3f732196df;379.05;3.7849636;UNKNOWN
2016-02-11T05:53:20.000000;2016-02-11T05:53:20.000000;b188a95a-dd5a-428f-a556-994e99218a0f;379.07;3.0;UNKNOWN
2016-02-11T05:53:22.000000;2016-02-11T05:53:22.000000;f1327e61-f1ab-489e-98f6-ee9e70a85b76;379.0;2.97;UNKNOWN
2016-02-11T05:53:25.000000;2016-02-11T05:53:25.000000;f71e1dbc-6b81-4859-955f-91aa28c187de;379.0;0.01;UNKNOWN
2016-02-11T05:53:35.000000;2016-02-11T05:53:35.000000;5af90492-44bb-44e9-bff8-87b3a98136d3;379.0;0.01;UNKNOWN
2016-02-11T05:54:22.000000;2016-02-11T05:54:22.000000;8c793791-605f-40e9-98eb-ffa54917e315;378.99;0.05;UNKNOWN
2016-02-11T05:54:22.000000;2016-02-11T05:54:22.000000;1792350e-6531-4dcb-ac60-871cb2e2aa19;378.95;2.95;UNKNOWN
2016-02-11T05:54:33.000000;2016-02-11T05:54:33.000000;cd951f3d-5e5a-4442-bb7c-9904a93e792f;378.94;3.0;UNKNOWN
2016-02-11T05:54:39.000000;2016-02-11T05:54:39.000000;86a76836-41e7-41b6-9efa-ab72adea49a3;378.91;3.0;UNKNOWN
2016-02-11T05:54:46.000000;2016-02-11T05:54:46.000000;71aa59dc-bd3b-482b-ac92-aa1bb43c3289;378.91;3.0;UNKNOWN
2016-02-11T05:54:53.000000;2016-02-11T05:54:53.000000;633b13b8-f0da-4023-9b34-b755c72aa6fe;378.92;1.0;UNKNOWN
2016-02-11T05:55:10.000000;2016-02-11T05:55:10.000000;d4fbb661-2caa-40e3-a268-cda495506754;378.92;6.5444;UNKNOWN
2016-02-11T05:55:10.000000;2016-02-11T05:55:10.000000;96640b20-6d3d-4343-ac17-3651b02f4945;378.92;13.76049252;UNKNOWN
2016-02-11T05:55:10.000000;2016-02-11T05:55:10.000000;3286a6be-523d-4e13-9b31-943f95a006d0;378.92;10.39;UNKNOWN
2016-02-11T05:55:13.000000;2016-02-11T05:55:13.000000;16022744-3b98-479a-8c60-6daae98773aa;378.99;0.15;UNKNOWN
2016-02-11T05:55:20.000000;2016-02-11T05:55:20.000000;6acca8c0-d53d-4e7f-844b-7c95f3ef94d9;378.9;3.0;UNKNOWN
2016-02-11T05:55:41.000000;2016-02-11T05:55:41.000000;dec91d15-dbcd-4d3d-bbbd-f4e2d2fefafc;378.9;0.5;UNKNOWN
2016-02-11T05:56:01.000000;2016-02-11T05:56:01.000000;9e15cbb3-3d05-4fdc-85a8-f29c0253caba;378.93;0.98;UNKNOWN
2016-02-11T05:56:32.000000;2016-02-11T05:56:32.000000;88c75b09-7c9f-41a2-93ce-e5b4812c77bd;378.93;0.2;UNKNOWN
2016-02-11T05:58:32.000000;2016-02-11T05:58:32.000000;07b227bf-b887-490b-af21-939565e178d0;378.97;0.5;UNKNOWN
2016-02-11T05:59:42.000000;2016-02-11T05:59:42.000000;edff28ed-1f5b-4a3e-a451-43e4d7f28b66;379.0;6.5942364;UNKNOWN
2016-02-11T05:59:45.000000;2016-02-11T05:59:45.000000;194003b9-4428-45af-88c8-b0c6390f87f1;379.4;6.5607;UNKNOWN
2016-02-11T06:00:06.000000;2016-02-11T06:00:06.000000;8f370867-4b9c-4f83-b053-43eb6a13c824;379.59;6.553;UNKNOWN
2016-02-11T06:00:06.000000;2016-02-11T06:00:06.000000;6dfad585-e682-421d-ae33-f2366d5f57cc;379.58;3.0;UNKNOWN
2016-02-11T06:00:06.000000;2016-02-11T06:00:06.000000;41b74f4d-490a-41e4-a01e-afd3c6b7e8b8;380.01;0.1;UNKNOWN
2016-02-11T06:00:06.000000;2016-02-11T06:00:06.000000;de78bae5-e436-48cf-83e4-b37617400ec2;379.87;15.8725;UNKNOWN
2016-02-11T06:00:06.000000;2016-02-11T06:00:06.000000;343f6191-f4fa-472f-a547-b6706a05993a;379.6;15.0;UNKNOWN
2016-02-11T06:00:06.000000;2016-02-11T06:00:06.000000;4c7cd64a-5f2c-4d82-b649-6b05d9dfb5ba;379.58;0.5;UNKNOWN
2016-02-11T06:00:06.000000;2016-02-11T06:00:06.000000;36dc1b07-0509-4840-88fe-39eb2038abb4;380.01;12.79869;UNKNOWN
2016-02-11T06:00:06.000000;2016-02-11T06:00:06.000000;c962fbb3-1338-4f92-9fb5-cade5577db03;379.58;6.0;UNKNOWN
2016-02-11T06:00:17.000000;2016-02-11T06:00:17.000000;1f99ed8b-f853-43ed-a592-bb145b81ba3a;380.35;3.78630116;UNKNOWN
2016-02-11T06:00:17.000000;2016-02-11T06:00:17.000000;c3eebad0-9efc-4ead-b693-ee60e13a4df2;380.12;3.78682689;UNKNOWN
2016-02-11T06:00:17.000000;2016-02-11T06:00:17.000000;61662341-23b2-4e6a-82af-5c67496799a8;380.3;16.1353;UNKNOWN
2016-02-11T06:00:17.000000;2016-02-11T06:00:17.000000;7129e88c-f784-4f26-b51f-4a878386b750;380.02;3.9622138;UNKNOWN
2016-02-11T06:00:17.000000;2016-02-11T06:00:17.000000;b670fc0d-1493-4291-b3e2-a23f2f34409f;380.32;9.0;UNKNOWN
2016-02-11T06:00:17.000000;2016-02-11T06:00:17.000000;37381be0-e33b-4ce0-b69d-6d798b22e43c;380.23;6.0;UNKNOWN
2016-02-11T06:00:17.000000;2016-02-11T06:00:17.000000;2c21bec2-300d-437b-891a-dc4dba368768;380.3;3.78620559;UNKNOWN
2016-02-11T06:00:17.000000;2016-02-11T06:00:17.000000;b94b4d1c-1952-4071-a481-37e60c441791;380.41;7.14482307;UNKNOWN
2016-02-11T06:00:17.000000;2016-02-11T06:00:17.000000;f369d1a1-4670-4271-a89a-90c297ca4f67;380.06;3.78682689;UNKNOWN
2016-02-11T06:00:17.000000;2016-02-11T06:00:17.000000;b878f575-5475-4269-a4b4-d508208b0690;380.01;2.6115026;UNKNOWN
2016-02-11T06:00:48.000000;2016-02-11T06:00:48.000000;d1b040b9-6ce8-4f33-a70a-1c88436a5e3d;380.0;0.01;UNKNOWN
2016-02-11T06:01:07.000000;2016-02-11T06:01:07.000000;146daf79-2eeb-4eb1-badc-adbf4f65b559;380.29;6.5112;UNKNOWN
2016-02-11T06:01:07.000000;2016-02-11T06:01:07.000000;a37d0158-8277-4a62-8838-1c89a02845c2;380.3;14.5945636;UNKNOWN
2016-02-11T06:02:05.000000;2016-02-11T06:02:05.000000;a4e21a35-ab54-4a40-b80d-4f94455f56fc;379.74;1.9765;UNKNOWN
2016-02-11T06:02:23.000000;2016-02-11T06:02:23.000000;8685c914-559c-4382-a09a-9b59755140bb;380.27;1.0;UNKNOWN
2016-02-11T06:05:11.000000;2016-02-11T06:05:11.000000;a003a333-21ae-4e7b-b71a-15893aac1e51;379.63;0.24;UNKNOWN
2016-02-11T06:07:05.000000;2016-02-11T06:07:05.000000;7f25ba46-6f7d-4c96-8b0e-7e02ce1cc307;379.6;0.01;UNKNOWN
2016-02-11T06:07:05.000000;2016-02-11T06:07:05.000000;f683957e-c583-43c6-af43-2695c6611848;379.56;0.261;UNKNOWN
2016-02-11T06:12:05.000000;2016-02-11T06:12:05.000000;8a9e9fec-f4aa-4720-8505-515c6ff217a5;379.67;0.5;UNKNOWN
2016-02-11T06:12:05.000000;2016-02-11T06:12:05.000000;f9be8946-4288-49d3-a911-a3a3a8c90728;379.67;3.0;UNKNOWN
2016-02-11T06:12:05.000000;2016-02-11T06:12:05.000000;cc7eccb3-d2aa-4dd0-99f4-9a5a7a73505a;379.66;3.18582674;UNKNOWN
2016-02-11T06:12:58.000000;2016-02-11T06:12:58.000000;cb3d4b3f-d9cd-44d7-a210-2900f116acf8;379.56;6.5286;UNKNOWN
2016-02-11T06:12:58.000000;2016-02-11T06:12:58.000000;03bd1151-4d60-42cf-a2d9-3ebb68cef966;379.56;7.4714;UNKNOWN
2016-02-11T06:14:29.000000;2016-02-11T06:14:29.000000;bd0572f3-45a8-4a23-9d1c-44372a1a7ce6;379.88;0.01;UNKNOWN
2016-02-11T06:15:04.000000;2016-02-11T06:15:04.000000;6dd38f42-9d6a-4c98-8834-6da5fec715d3;379.88;0.1;UNKNOWN
2016-02-11T06:15:16.000000;2016-02-11T06:15:16.000000;2e3adf39-3c0c-4fae-b3f7-895be9950dd7;379.88;0.01;UNKNOWN
2016-02-11T06:15:27.000000;2016-02-11T06:15:27.000000;f4d9e815-b604-437f-9676-df8d35794107;379.88;0.01;UNKNOWN
2016-02-11T06:18:41.000000;2016-02-11T06:18:41.000000;0e2ebe47-803d-4c52-a1c6-76b3954e129a;379.89;0.01;UNKNOWN
2016-02-11T06:19:00.000000;2016-02-11T06:19:00.000000;8c2eed0c-77d9-4e28-bf42-d6b9e40715e4;379.89;1.99;UNKNOWN
2016-02-11T06:20:12.000000;2016-02-11T06:20:12.000000;d7aab3aa-56f1-42d2-b748-8981315bcde1;380.25;0.5615;UNKNOWN
2016-02-11T06:20:17.000000;2016-02-11T06:20:17.000000;a0a631c2-ff04-4647-acd9-c4ea95eea751;380.25;0.01;UNKNOWN
2016-02-11T06:20:45.000000;2016-02-11T06:20:45.000000;facd4edd-bbd8-4471-a0f0-5a6c5fc569b2;380.25;10.7906;UNKNOWN
2016-02-11T06:21:05.000000;2016-02-11T06:21:05.000000;76a97ec6-1d94-459a-bfec-7b179c243785;380.21;0.12358063;UNKNOWN
2016-02-11T06:21:05.000000;2016-02-11T06:21:05.000000;7f1a6e20-8388-4d6f-b96f-ee87d0038002;380.24;0.05;UNKNOWN
2016-02-11T06:22:32.000000;2016-02-11T06:22:32.000000;6f5adc9c-1815-470a-93c8-f17a345dad9c;380.23;0.0645585;UNKNOWN
2016-02-11T06:23:15.000000;2016-02-11T06:23:15.000000;be52e9aa-f368-45cd-9ae3-0230fbac8f52;380.18;0.06456884;UNKNOWN
2016-02-11T06:24:36.000000;2016-02-11T06:24:36.000000;87f410ef-8f8c-47ad-ad99-d69afe4682a8;380.16;0.4;UNKNOWN
2016-02-11T06:28:28.000000;2016-02-11T06:28:28.000000;4af8a114-e3f1-4f37-a00c-a733cd5f84e6;380.2;0.01404;UNKNOWN
2016-02-11T06:28:36.000000;2016-02-11T06:28:36.000000;28eb2d5a-b0ed-4d6a-b076-ce45624351b1;380.19;0.67500008;UNKNOWN
2016-02-11T06:31:05.000000;2016-02-11T06:31:05.000000;e8433e61-7898-4322-9d32-5ce4e0081cc9;380.14;0.1;UNKNOWN
2016-02-11T06:31:57.000000;2016-02-11T06:31:57.000000;fc133ba4-e3a9-4668-a6d9-d005bbabc731;380.19;0.011094;UNKNOWN
2016-02-11T06:32:16.000000;2016-02-11T06:32:16.000000;09645bd6-6ec0-4547-ab84-b925c685fe10;380.13;0.05;UNKNOWN
2016-02-11T06:32:16.000000;2016-02-11T06:32:16.000000;12c8704c-d5e6-4d00-af48-4b9907229dd1;380.13;0.05;UNKNOWN
2016-02-11T06:32:32.000000;2016-02-11T06:32:32.000000;166e6587-296c-437b-b30b-1ef3978fba30;380.12;0.05;UNKNOWN
2016-02-11T06:32:33.000000;2016-02-11T06:32:33.000000;0d37b88f-23dc-467e-a694-6be9f335f29d;380.18;1.03;UNKNOWN
2016-02-11T06:32:33.000000;2016-02-11T06:32:33.000000;b80faec3-2706-4c25-af3b-4d6fe830bc69;380.12;1.35;UNKNOWN
2016-02-11T06:34:05.000000;2016-02-11T06:34:05.000000;a9672639-a92b-4376-991a-342d7a39db2a;380.19;1.50292883;UNKNOWN
2016-02-11T06:35:35.000000;2016-02-11T06:35:35.000000;1c5f8644-5c84-4b50-9022-dd581ec9af23;380.2;0.03658;UNKNOWN
2016-02-11T06:36:51.000000;2016-02-11T06:36:51.000000;161bea6a-d695-49b2-a648-64709164d332;380.2;0.06;UNKNOWN
2016-02-11T06:37:07.000000;2016-02-11T06:37:07.000000;7a41d968-094c-452c-bbfe-56c2a133fd9f;380.2;0.01;UNKNOWN
2016-02-11T06:37:37.000000;2016-02-11T06:37:37.000000;4234e716-d74b-46ba-af3c-1d8a7f935295;380.19;0.01;UNKNOWN
2016-02-11T06:37:40.000000;2016-02-11T06:37:40.000000;6d8949c9-26da-437b-8ed7-e6c710dc47b8;380.19;0.01;UNKNOWN
2016-02-11T06:37:47.000000;2016-02-11T06:37:47.000000;b2706dd9-04d2-4a2f-afa2-b4512bce697a;380.19;0.06007438;UNKNOWN
2016-02-11T06:38:13.000000;2016-02-11T06:38:13.000000;a8cfc17d-8979-444b-a12e-b4f92704c22c;380.1;1.14500001;UNKNOWN
2016-02-11T06:38:14.000000;2016-02-11T06:38:14.000000;ba84662a-a8a6-4ffc-bbee-94086f7fc422;380.1;0.672;UNKNOWN
2016-02-11T06:38:16.000000;2016-02-11T06:38:16.000000;32d06d93-34fc-425d-b372-d7346f0a75f6;380.1;0.265;UNKNOWN
2016-02-11T06:39:20.000000;2016-02-11T06:39:20.000000;ff379a61-afdd-4e69-b830-60a46860f024;380.1;0.249;UNKNOWN
2016-02-11T06:40:51.000000;2016-02-11T06:40:51.000000;9622aafc-8406-4961-a7b4-0e83c67dfc97;380.1;0.509;UNKNOWN
2016-02-11T06:40:51.000000;2016-02-11T06:40:51.000000;7816ff4f-1932-4bc6-857a-d61d8b363849;380.1;0.428;UNKNOWN
