time_exchange;time_coinpai;guid;price;base_amount;taker_side
2016-02-11T00:00:01.733000;2016-02-11T00:00:01.737000;c96c5b04-458f-4e3e-bc2e-c8000cddf553;378.49;0.58773;BUY
2016-02-11T00:00:14.977000;2016-02-11T00:00:14.973000;a248e2f6-d723-4a8b-9133-5e888e2845bf;378.49;0.0345;BUY
2016-02-11T00:00:14.980000;2016-02-11T00:00:14.987000;3a1d0d5c-a2f4-4497-be23-669d59fc8b84;378.49;0.0322;BUY
2016-02-11T00:00:15.000000;2016-02-11T00:00:15.003000;36eaef6d-e15d-4c1c-b10d-46e70daca8f7;378.49;0.2678;BUY
2016-02-11T00:00:15.003000;2016-02-11T00:00:15.003000;197ac774-ba17-4a5d-a414-89eac5c6eefe;378.49;0.06494912;BUY
2016-02-11T00:00:15.023000;2016-02-11T00:00:15.033000;f920a3fd-bd54-4ffd-a127-1493945f4d9d;378.49;0.60749;BUY
2016-02-11T00:00:15.050000;2016-02-11T00:00:15.067000;bf07220f-2345-4c4e-b1f5-d946b9b5f9b4;378.49;0.02177027;BUY
2016-02-11T00:00:15.060000;2016-02-11T00:00:15.067000;8ffe41a2-c7e5-4d81-b65c-4bc1d95b3435;378.49;0.27829061;BUY
2016-02-11T00:00:15.060000;2016-02-11T00:00:15.067000;81bb7196-502b-4d91-a369-af7e48e6354d;378.5;0.01;BUY
2016-02-11T00:00:15.060000;2016-02-11T00:00:15.067000;a220f557-c417-4558-a246-50baf905f77f;378.5;0.01;BUY
2016-02-11T00:00:15.060000;2016-02-11T00:00:15.083000;5c648bc6-1126-499c-8c08-dafbfb6edf60;378.5;1.03531012;BUY
2016-02-11T00:00:31.767000;2016-02-11T00:00:31.783000;3035041c-9f61-4069-97d6-bcd0cdb641b5;378.5;1.63732;BUY
2016-02-11T00:01:01.947000;2016-02-11T00:01:01.940000;22528150-73c9-4fd7-a8af-68491fe1719c;378.49;0.09837;SELL
2016-02-11T00:02:01.800000;2016-02-11T00:02:01.800000;65286a68-dbad-4277-9efe-db644cb98b88;378.51;0.01;BUY
2016-02-11T00:02:01.800000;2016-02-11T00:02:01.817000;7bac7d81-cfc2-40bf-a1f0-d61719844112;378.51;0.01;BUY
2016-02-11T00:02:01.800000;2016-02-11T00:02:01.817000;52a04170-0fd6-457e-a583-20678dff1d1e;378.51;0.01;BUY
2016-02-11T00:02:01.800000;2016-02-11T00:02:01.817000;d2b6c6fd-49c9-46d1-8e0e-df0c93e92cf6;378.51;0.01;BUY
2016-02-11T00:02:01.800000;2016-02-11T00:02:01.817000;d25cb2ab-18d3-4794-aef5-fb971b71308d;378.51;0.01;BUY
2016-02-11T00:02:01.800000;2016-02-11T00:02:01.817000;b68a14ae-f7a4-4f94-997d-22bc714fb83a;378.52;0.0203777;BUY
2016-02-11T00:02:01.800000;2016-02-11T00:02:01.910000;2feb4b88-67d6-4fa4-a91c-d70501892936;378.53;0.01;BUY
2016-02-11T00:02:01.800000;2016-02-11T00:02:01.910000;e99b1cfc-2f31-467a-a08e-cc025f72c496;378.54;0.04392541;BUY
2016-02-11T00:02:01.800000;2016-02-11T00:02:01.910000;fbe0cf9b-0a23-479a-b46f-73015a45d7e2;378.56;0.0247144;BUY
2016-02-11T00:02:01.800000;2016-02-11T00:02:01.910000;67901e48-7f04-4446-85a3-e159e25818bd;378.57;0.036;BUY
2016-02-11T00:02:01.800000;2016-02-11T00:02:01.910000;c3ad0c76-3b22-4720-aa21-da3a5c9606d6;378.58;0.04097;BUY
2016-02-11T00:02:01.800000;2016-02-11T00:02:01.910000;d6ff3248-8630-4182-a9e1-a67735dec26d;378.59;0.019;BUY
2016-02-11T00:02:01.803000;2016-02-11T00:02:01.910000;d80294f7-8edc-4633-801a-a52ce8de44bc;378.6;0.01;BUY
2016-02-11T00:02:01.803000;2016-02-11T00:02:01.910000;8dbf8a57-34fc-4048-8fae-453caaddf9ca;378.62;0.04;BUY
2016-02-11T00:02:01.803000;2016-02-11T00:02:01.910000;43872c12-9191-4d99-8f7e-999156ebef2c;378.62;0.1;BUY
2016-02-11T00:02:01.803000;2016-02-11T00:02:01.910000;bc45236b-919b-432e-87e1-28dada1fd4b5;378.63;0.02197;BUY
2016-02-11T00:02:01.803000;2016-02-11T00:02:01.910000;65a61e39-ad4f-4e82-8983-6a049cf7a371;378.64;0.01;BUY
2016-02-11T00:02:01.803000;2016-02-11T00:02:01.910000;95a22d40-ca1a-42c6-b204-783287a6aa1d;378.64;0.09;BUY
2016-02-11T00:02:01.803000;2016-02-11T00:02:01.910000;bcde5cd2-e2db-4875-997c-4173065fbade;378.67;0.08;BUY
2016-02-11T00:02:01.803000;2016-02-11T00:02:01.910000;0073a5ad-8dc1-428b-876d-b36254919680;378.7;0.115;BUY
2016-02-11T00:02:01.803000;2016-02-11T00:02:01.910000;a4513eeb-b45a-4b71-aab0-19b1fbcbbfb3;378.73;0.085;BUY
2016-02-11T00:02:01.803000;2016-02-11T00:02:01.910000;27c6c769-8eb3-4c1a-958b-d2bcfa40a2ab;378.75;0.08699249;BUY
2016-02-11T00:02:31.420000;2016-02-11T00:02:31.410000;9b2099c9-b02d-4969-940b-954c62c51d68;378.72;0.46;SELL
2016-02-11T00:02:31.420000;2016-02-11T00:02:31.410000;d33795ca-a7a6-4747-ab54-cf0f971ad26f;378.71;1.18127908;SELL
2016-02-11T00:02:31.420000;2016-02-11T00:02:31.440000;070bdec5-11c7-4a78-8f33-35a78fe623bb;378.71;0.14967839;SELL
2016-02-11T00:02:31.420000;2016-02-11T00:02:31.440000;5e82ac51-7bbb-42ad-9b8d-f9dd7050ece1;378.71;0.04522123;SELL
2016-02-11T00:02:31.420000;2016-02-11T00:02:31.440000;8d728bf6-9bf0-484b-8df0-23d65fd32d42;378.68;0.46;SELL
2016-02-11T00:02:31.420000;2016-02-11T00:02:31.440000;e7da85be-cb36-41a4-890b-71bda61c581f;378.65;0.4;SELL
2016-02-11T00:02:31.420000;2016-02-11T00:02:31.440000;4ad7e639-3009-4761-ba05-f6f908d3b1eb;378.65;0.44;SELL
2016-02-11T00:02:31.420000;2016-02-11T00:02:31.457000;e13b7ce4-ea61-4873-bf3c-106d026034d1;378.63;0.414;SELL
2016-02-11T00:02:31.420000;2016-02-11T00:02:31.457000;f9a65a4a-ca2c-49ae-a324-36489f528a46;378.6;0.456;SELL
2016-02-11T00:02:31.423000;2016-02-11T00:02:31.457000;a6f00096-016c-4791-9eea-312fe5025476;378.53;1.84;SELL
2016-02-11T00:02:31.423000;2016-02-11T00:02:31.457000;81da8c16-eebf-4da8-ae5c-0166d8e8bc62;378.52;0.01;SELL
2016-02-11T00:02:31.423000;2016-02-11T00:02:31.457000;78a11b41-ea67-40d4-b4c5-5e19a2287765;378.52;0.01;SELL
2016-02-11T00:02:31.423000;2016-02-11T00:02:31.457000;0e55c975-e2e9-439e-b166-235ce390663e;378.52;2.3;SELL
2016-02-11T00:02:31.423000;2016-02-11T00:02:31.473000;2a2006d1-1fb8-4453-a497-5dec3b14a6bd;378.51;0.01;SELL
2016-02-11T00:02:31.423000;2016-02-11T00:02:31.503000;3da48a4e-2612-4d07-a2db-539730e5b1c7;378.51;2.99;SELL
2016-02-11T00:02:31.423000;2016-02-11T00:02:31.503000;519407ff-f0bd-4c9a-bcb2-a0cce9ee2204;378.5;0.896;SELL
2016-02-11T00:02:31.423000;2016-02-11T00:02:31.503000;97379241-a276-4ebe-b00f-e84574c8a3f6;378.5;2.07;SELL
2016-02-11T00:02:31.423000;2016-02-11T00:02:31.503000;f43374f1-28cc-4861-9311-03ab838acdf0;378.49;2.122;SELL
2016-02-11T00:02:31.423000;2016-02-11T00:02:31.503000;69f6f25b-68d0-4285-aac0-faee3d657c58;378.48;0.69;SELL
2016-02-11T00:02:31.423000;2016-02-11T00:02:31.503000;8f6ecb30-e841-41de-847f-f90f9532129a;378.47;0.0558213;SELL
2016-02-11T00:02:34.007000;2016-02-11T00:02:34.003000;f469357a-9558-4a65-80b4-03717647ec8e;378.73;0.01;BUY
2016-02-11T00:02:34.007000;2016-02-11T00:02:34.033000;8c5c9da3-9074-4ccf-b231-469b1b21dbec;378.73;0.39;BUY
2016-02-11T00:02:34.010000;2016-02-11T00:02:34.033000;d039a82b-e111-41e6-a5a6-43c52c9afb2a;378.73;0.01;BUY
2016-02-11T00:02:34.010000;2016-02-11T00:02:34.033000;c8958fcf-8fd3-4389-96f8-1996054af184;378.74;0.0358926;BUY
2016-02-11T00:02:34.010000;2016-02-11T00:02:34.033000;4c34d041-ceba-4d7b-97d2-5a038fef374f;378.75;0.01;BUY
2016-02-11T00:02:34.010000;2016-02-11T00:02:34.033000;33d00447-89ec-4270-b5fd-c10dc468f8eb;378.75;0.49;BUY
2016-02-11T00:02:34.010000;2016-02-11T00:02:34.033000;007e2a83-2ca6-4d29-92a7-f4af2932c349;378.76;0.121;BUY
2016-02-11T00:02:34.010000;2016-02-11T00:02:34.033000;0be0f613-e3bc-4ea5-8235-db0aa78d6744;378.77;0.02584836;BUY
2016-02-11T00:02:34.010000;2016-02-11T00:02:34.050000;c31e263f-b4be-4c7a-a1ae-876b501e8ba5;378.78;0.04045962;BUY
2016-02-11T00:02:34.010000;2016-02-11T00:02:34.050000;bda62b26-de3e-4070-b594-24c5641a6ed9;378.79;0.08166942;BUY
2016-02-11T00:03:06.237000;2016-02-11T00:03:06.237000;5dbddec8-ef0d-4537-9538-2671afe09e74;378.74;0.158;BUY
2016-02-11T00:03:06.237000;2016-02-11T00:03:06.237000;1e53e2cb-c60c-4684-9645-134a9bd7a939;378.75;0.0196;BUY
2016-02-11T00:03:06.237000;2016-02-11T00:03:06.253000;49e57dea-eb24-4373-a44f-a5e085b97499;378.76;0.23;BUY
2016-02-11T00:03:06.237000;2016-02-11T00:03:06.253000;5f5ec379-7486-42db-b7dc-3df64edca90c;378.77;0.141;BUY
2016-02-11T00:03:06.240000;2016-02-11T00:03:06.253000;69ecf39d-ee09-4ac5-a48c-07b4babb68a3;378.78;0.01664;BUY
2016-02-11T00:03:35.410000;2016-02-11T00:03:35.393000;a2b7969b-6014-490d-9c8b-59f876026448;378.65;0.01;SELL
2016-02-11T00:03:35.410000;2016-02-11T00:03:35.410000;924f26ca-5f5f-4e10-915b-7f647f94dfb3;378.65;0.30607;SELL
2016-02-11T00:04:01.940000;2016-02-11T00:04:01.973000;adcc7aba-5830-4beb-a988-366c078c33a5;378.67;0.18461;BUY
2016-02-11T00:04:31.870000;2016-02-11T00:04:31.897000;7d48bd88-c729-4eec-889f-3b953b363402;378.65;0.02953;BUY
2016-02-11T00:05:02.183000;2016-02-11T00:05:02.223000;a7effcef-599e-488a-b565-bad64f12819b;378.65;0.101;BUY
2016-02-11T00:05:02.183000;2016-02-11T00:05:02.223000;26fe7183-7247-43ad-94e4-f7d5236f4a82;378.66;0.142;BUY
2016-02-11T00:05:02.183000;2016-02-11T00:05:02.223000;2f632f83-98c9-4fc4-8472-4907ec831cf5;378.67;0.124;BUY
2016-02-11T00:05:02.183000;2016-02-11T00:05:02.303000;ce814180-1c69-4ebf-99a4-c1634f4c26b4;378.68;0.187;BUY
2016-02-11T00:05:02.183000;2016-02-11T00:05:02.303000;62cfd9b0-c74e-4cf5-8a34-c7c7f14f4d40;378.69;0.137;BUY
2016-02-11T00:05:02.183000;2016-02-11T00:05:02.303000;dca3a151-edd1-45f7-a058-2ea7945eda7e;378.7;0.115;BUY
2016-02-11T00:05:02.183000;2016-02-11T00:05:02.303000;9e36c4c6-e4b1-4a42-8572-3c4d44809d1f;378.71;0.127;BUY
2016-02-11T00:05:02.187000;2016-02-11T00:05:02.303000;511ecb68-18eb-4307-98bd-e50b04b24f8f;378.72;0.195;BUY
2016-02-11T00:05:02.187000;2016-02-11T00:05:02.303000;1b79ea29-55c1-4013-bc75-878aa821fe24;378.73;0.277;BUY
2016-02-11T00:05:02.187000;2016-02-11T00:05:02.303000;9732b703-7e4f-48fd-a15e-fe5d8aed466e;378.74;0.464;BUY
2016-02-11T00:05:02.187000;2016-02-11T00:05:02.303000;169106c6-b83c-4f32-a215-169f05ef32bc;378.75;0.297;BUY
2016-02-11T00:05:02.187000;2016-02-11T00:05:02.303000;239f5d43-6f8c-4f88-9ac9-a163dc39de46;378.76;0.258;BUY
2016-02-11T00:05:02.187000;2016-02-11T00:05:02.303000;5d6b44b4-925f-4e46-89db-8df052d79ddc;378.77;0.333;BUY
2016-02-11T00:05:02.187000;2016-02-11T00:05:02.303000;34b368b3-4eed-4bd2-951d-94b06706684e;378.77;0.23;BUY
2016-02-11T00:05:02.187000;2016-02-11T00:05:02.303000;65fd7677-0d67-4a04-94d6-66b1704aeb8a;378.78;0.156;BUY
2016-02-11T00:05:02.187000;2016-02-11T00:05:02.303000;b56ab147-c315-441e-9496-4d45849d8d55;378.78;0.46;BUY
2016-02-11T00:05:02.187000;2016-02-11T00:05:02.303000;91ba5193-bf7b-4b3e-bb9a-ea0abfcba6bc;378.79;0.04882221;BUY
2016-02-11T00:05:02.187000;2016-02-11T00:05:02.303000;27aa59b1-63d5-4cca-a348-29c137743582;378.79;0.19156779;BUY
2016-02-11T00:06:02.383000;2016-02-11T00:06:02.413000;62852191-163f-4d99-a530-a70ff56b110a;378.69;0.23;BUY
2016-02-11T00:06:02.383000;2016-02-11T00:06:02.427000;a9b4c39c-18d0-458a-abb7-b285ca0364d4;378.7;0.02966007;BUY
2016-02-11T00:06:02.383000;2016-02-11T00:06:02.427000;5a02f3ca-6e62-4271-8487-2365fc83ce16;378.7;0.121;BUY
2016-02-11T00:06:02.383000;2016-02-11T00:06:02.427000;cf12180a-bfd0-4688-892c-99d15e0ef4b4;378.71;0.021972;BUY
2016-02-11T00:06:02.383000;2016-02-11T00:06:02.427000;8cc8c84f-e176-49b8-a227-b5485a8a7554;378.72;0.024015;BUY
2016-02-11T00:06:02.383000;2016-02-11T00:06:02.537000;461f6b62-ba0f-41fd-91f5-97f00cc3d79d;378.73;0.03909606;BUY
2016-02-11T00:06:02.383000;2016-02-11T00:06:02.537000;e47c0bf7-366d-4572-9611-392225fc295e;378.73;0.134;BUY
2016-02-11T00:06:02.383000;2016-02-11T00:06:02.537000;db74de94-2fb2-465d-ad47-f73d050680ec;378.76;0.23;BUY
2016-02-11T00:06:02.387000;2016-02-11T00:06:02.537000;6487b864-775c-40e3-80ea-aae6ed5555f1;378.76;0.081;BUY
2016-02-11T00:06:02.387000;2016-02-11T00:06:02.537000;7c683f0c-d392-478c-9580-bea6cfe296cf;378.77;0.04162;BUY
2016-02-11T00:06:02.387000;2016-02-11T00:06:02.537000;5e621d46-7d5b-4f37-a7e2-09d7ea9ed418;378.78;0.69;BUY
2016-02-11T00:06:02.387000;2016-02-11T00:06:02.537000;439c66a0-216c-4881-b54d-606fd4f337f3;378.79;0.46;BUY
2016-02-11T00:06:02.387000;2016-02-11T00:06:02.537000;406ff3fe-286e-4919-b3a5-228873d52b57;378.79;0.113;BUY
2016-02-11T00:06:02.387000;2016-02-11T00:06:02.537000;d6bc30a9-cb57-4441-892a-93ab24840a78;378.8;0.072;BUY
2016-02-11T00:06:02.387000;2016-02-11T00:06:02.537000;89ef84a7-dd58-4fef-84df-a66a4378d0d7;378.81;0.69;BUY
2016-02-11T00:06:02.387000;2016-02-11T00:06:02.537000;882bcee1-6c4f-496f-9aaa-032610108e1d;378.82;0.03280687;BUY
2016-02-11T00:06:31.927000;2016-02-11T00:06:31.960000;c94d16cb-5730-4556-afe5-b95e9a3e199a;378.67;0.01;SELL
2016-02-11T00:06:31.927000;2016-02-11T00:06:31.973000;8cac3d8c-6742-4798-8d4d-4ee445b2da7c;378.65;0.01;SELL
2016-02-11T00:06:31.927000;2016-02-11T00:06:31.973000;24069e2c-189c-49e5-91db-6340dfdc06a1;378.65;0.01;SELL
2016-02-11T00:06:31.927000;2016-02-11T00:06:31.973000;b6b749e4-c733-4cca-9d58-05da4836ba58;378.63;0.01;SELL
2016-02-11T00:06:31.927000;2016-02-11T00:06:31.973000;f2575878-2886-48a8-989a-c59abc533c99;378.62;0.28;SELL
2016-02-11T00:06:31.927000;2016-02-11T00:06:32.067000;b11cc80d-1e36-4a26-8473-cb4399547a41;378.57;0.01;SELL
2016-02-11T00:06:31.927000;2016-02-11T00:06:32.067000;59491d84-63ad-40e4-ba91-571a7da3d565;378.57;0.01;SELL
2016-02-11T00:06:31.927000;2016-02-11T00:06:32.067000;3735b618-3966-433d-969f-be90a2565dbc;378.56;0.08424;SELL
2016-02-11T00:07:02.323000;2016-02-11T00:07:02.367000;ab04a321-fc0b-4761-ac6b-acbee2048483;378.58;0.01;SELL
2016-02-11T00:07:02.323000;2016-02-11T00:07:02.380000;1dbafc22-301e-4ce8-94df-a6463fa1f045;378.57;0.01;SELL
2016-02-11T00:07:02.323000;2016-02-11T00:07:02.380000;a5511167-0a6f-45c7-a359-35a47caff1fa;378.55;0.01;SELL
2016-02-11T00:07:02.327000;2016-02-11T00:07:02.380000;dbc74bbf-b1da-4baf-97ba-d59bfd6c4f24;378.51;0.107;SELL
2016-02-11T00:07:02.327000;2016-02-11T00:07:02.380000;d8ab4613-e4d5-45d0-9c11-f989e7bd0c51;378.5;0.01;SELL
2016-02-11T00:07:02.327000;2016-02-11T00:07:02.380000;4970e646-e60f-4309-83d7-4913d699d7e3;378.5;0.0115;SELL
2016-02-11T00:07:02.327000;2016-02-11T00:07:02.397000;4941ad4f-02e7-4c8a-8a42-6beb3c1aaf38;378.49;0.01;SELL
2016-02-11T00:07:02.327000;2016-02-11T00:07:02.397000;09ab9a24-9d71-4551-b85c-5f6a961549a2;378.48;0.087;SELL
2016-02-11T00:07:02.327000;2016-02-11T00:07:02.397000;3fa8df25-b1b1-49e2-ad18-9d16fdc829e9;378.45;0.00331;SELL
2016-02-11T00:07:17.463000;2016-02-11T00:07:17.490000;ae8cf1c7-2047-4d49-982d-2bee21b02313;378.54;0.37;BUY
2016-02-11T00:07:32.180000;2016-02-11T00:07:32.223000;e151e749-83a2-4482-a22c-5110d6ff63bf;378.49;0.01;SELL
2016-02-11T00:07:32.183000;2016-02-11T00:07:32.223000;40f05c59-0143-41fd-87a5-eaac9acc873b;378.49;0.01;SELL
2016-02-11T00:07:32.183000;2016-02-11T00:07:32.223000;2ad41d3f-ccde-475d-9082-c2c6a2f76f49;378.47;0.01;SELL
2016-02-11T00:07:32.183000;2016-02-11T00:07:32.240000;55505842-2741-463e-938d-acd1f815e6cc;378.47;0.01;SELL
2016-02-11T00:07:32.183000;2016-02-11T00:07:32.240000;d14c36cc-7a1b-4335-9709-ec4d7c6f1a2b;378.47;0.125;SELL
2016-02-11T00:07:32.183000;2016-02-11T00:07:32.240000;66e2653f-8845-4c56-90ed-a211f8f246d9;378.44;0.081;SELL
2016-02-11T00:07:32.183000;2016-02-11T00:07:32.240000;19d110c7-d072-4fd2-8631-fac7195d07cd;378.41;0.01;SELL
2016-02-11T00:07:32.183000;2016-02-11T00:07:32.240000;aec8ab6f-742f-4515-91fc-469019e8ea22;378.41;0.129;SELL
2016-02-11T00:07:32.183000;2016-02-11T00:07:32.240000;c5cdee4d-df0d-4189-bf1c-4481ace507f8;378.4;0.05;SELL
2016-02-11T00:07:32.183000;2016-02-11T00:07:32.240000;0aea69a7-3049-424c-8b45-59e2e27345c1;378.39;0.01;SELL
2016-02-11T00:07:32.183000;2016-02-11T00:07:32.257000;8fa9c8e2-1245-4144-a479-ff150a7db6bf;378.38;0.127;SELL
2016-02-11T00:07:32.183000;2016-02-11T00:07:32.257000;7fd6b259-f2c2-494a-a366-9d7031b880e0;378.36;0.01;SELL
2016-02-11T00:07:32.183000;2016-02-11T00:07:32.257000;344a58de-448d-4fce-8e92-41c3d2040ff4;378.35;0.101;SELL
2016-02-11T00:07:32.183000;2016-02-11T00:07:32.257000;d9f501a8-d9bb-4873-bd32-b7d38b107214;378.34;0.01;SELL
2016-02-11T00:07:32.183000;2016-02-11T00:07:32.257000;8261b22c-62da-49e4-bf33-a5b79cb5a620;378.32;0.01;SELL
2016-02-11T00:07:32.183000;2016-02-11T00:07:32.257000;0e270f8f-33fe-4c3e-a631-5749b0e7af39;378.32;0.01;SELL
2016-02-11T00:07:32.187000;2016-02-11T00:07:32.270000;f26b9c40-7c48-4d4a-8b3c-efc995abc871;378.32;0.01;SELL
2016-02-11T00:07:32.187000;2016-02-11T00:07:32.270000;24768796-13b8-4030-bf8e-b20959905985;378.32;0.108;SELL
2016-02-11T00:07:32.187000;2016-02-11T00:07:32.287000;7d2a338f-cc6f-4c7d-9fbd-c09ebea1712b;378.3;0.01;SELL
2016-02-11T00:07:32.187000;2016-02-11T00:07:32.287000;a72292f7-0a48-4375-9c09-402ae67304fd;378.29;0.096;SELL
2016-02-11T00:07:32.187000;2016-02-11T00:07:32.287000;c9fe7427-c06f-477a-b0e7-51d53135e563;378.28;0.01;SELL
2016-02-11T00:07:32.187000;2016-02-11T00:07:32.287000;1ddc888a-b574-45b3-b3c8-d92399934d42;378.26;0.01;SELL
2016-02-11T00:07:32.187000;2016-02-11T00:07:32.287000;24e04e90-d718-4d19-a6cb-c7efacbadc36;378.26;0.01;SELL
2016-02-11T00:07:32.187000;2016-02-11T00:07:32.287000;726cd831-1330-4e79-b73a-58a98203c3a6;378.26;0.086;SELL
2016-02-11T00:07:32.187000;2016-02-11T00:07:32.303000;a4119090-e7f7-442a-8346-9320e2c3c4b0;378.24;0.01;SELL
2016-02-11T00:07:32.187000;2016-02-11T00:07:32.303000;daa7899e-aded-48c2-b747-1aa2109bd1da;378.24;0.01;SELL
2016-02-11T00:07:32.187000;2016-02-11T00:07:32.303000;a1860924-ea01-4402-a539-d7be82f739c8;378.23;0.116;SELL
2016-02-11T00:07:32.187000;2016-02-11T00:07:32.303000;aefd04c4-5034-4652-bd62-156151a47928;378.22;0.01;SELL
2016-02-11T00:07:32.187000;2016-02-11T00:07:32.303000;9365431f-d04d-42b4-8c80-8bd0dfa9b329;378.21;0.01;SELL
2016-02-11T00:07:32.187000;2016-02-11T00:07:32.303000;34b6beb5-18f9-4438-8de8-b15e8c8f0836;378.2;0.079;SELL
2016-02-11T00:07:32.187000;2016-02-11T00:07:32.303000;940f96cf-4d49-4d16-a032-5ea53200c6fa;378.2;0.46;SELL
2016-02-11T00:07:32.187000;2016-02-11T00:07:32.303000;67c19e40-4062-4b20-8e1e-8101eca0ad99;378.19;0.04121815;SELL
2016-02-11T00:07:32.187000;2016-02-11T00:07:32.303000;3f6b7be3-3a35-449f-81e4-23982671213d;378.18;0.28761185;SELL
2016-02-11T00:07:56.790000;2016-02-11T00:07:56.820000;1919fbb9-0d41-45cd-b55c-727079dcd3cf;378.4;0.01;BUY
2016-02-11T00:07:56.790000;2016-02-11T00:07:56.833000;7e9089b0-b56f-4901-a15c-f1b0d64eb592;378.4;0.00318057;BUY
2016-02-11T00:07:57.690000;2016-02-11T00:07:57.723000;1c23b39b-1d0e-4fd8-b238-6dfe58239b39;378.4;0.00681943;BUY
2016-02-11T00:07:57.690000;2016-02-11T00:07:57.740000;9144b944-412e-4e1d-a3cb-44acb9354b6b;378.41;0.02083;BUY
2016-02-11T00:07:57.690000;2016-02-11T00:07:57.740000;521c4c8d-7354-41c6-a08d-9aa117cb1858;378.42;0.01;BUY
2016-02-11T00:07:57.690000;2016-02-11T00:07:57.740000;d1a62ccf-0890-4a18-8cb3-f61a759e6930;378.42;0.01;BUY
2016-02-11T00:07:57.693000;2016-02-11T00:07:57.757000;f6a34758-d0fd-43bf-b812-a61e43f40572;378.43;0.0230882;BUY
2016-02-11T00:07:57.693000;2016-02-11T00:07:57.757000;7a35f9cd-ef67-4299-b5e0-8d849f8a89e0;378.44;0.01;BUY
2016-02-11T00:07:57.693000;2016-02-11T00:07:57.757000;78ad408e-51d0-459a-889e-e6e791e5dfef;378.44;0.01;BUY
2016-02-11T00:07:57.693000;2016-02-11T00:07:57.757000;f7121741-2e27-4cb2-a927-4358f944b61c;378.45;0.03361038;BUY
2016-02-11T00:07:57.693000;2016-02-11T00:07:57.757000;a332e0de-0a44-41b4-bc13-eab53f2ce1cb;378.46;0.01;BUY
2016-02-11T00:07:57.693000;2016-02-11T00:07:57.770000;03e0fc55-e9a3-4f52-88fa-6d8b9d449543;378.46;0.01;BUY
2016-02-11T00:07:57.693000;2016-02-11T00:07:57.770000;0b496b16-2665-46d1-8066-96ac413252fe;378.47;0.23;BUY
2016-02-11T00:07:57.693000;2016-02-11T00:07:57.770000;eb40b561-2b77-491b-8ca9-318d02aff2ca;378.48;0.01;BUY
2016-02-11T00:07:57.693000;2016-02-11T00:07:57.770000;2eb68b3e-deec-4393-8499-01ed7d585c9b;378.48;0.01;BUY
2016-02-11T00:07:57.693000;2016-02-11T00:07:57.770000;b8c22845-ff86-4b53-8f83-8299a6db3099;378.5;0.01;BUY
2016-02-11T00:07:57.693000;2016-02-11T00:07:57.787000;34f3beba-d748-4d8e-b9bd-630ed9a858f1;378.5;0.01;BUY
2016-02-11T00:07:57.693000;2016-02-11T00:07:57.787000;080ff0b4-f411-40f4-ba91-8639aa390249;378.5;0.01;BUY
2016-02-11T00:07:57.693000;2016-02-11T00:07:57.803000;3330ef32-b813-4b85-9027-8668841eecc8;378.5;0.23;BUY
2016-02-11T00:07:57.693000;2016-02-11T00:07:57.803000;918c28af-8e15-41af-a8fa-6e9877e3f395;378.51;0.23;BUY
2016-02-11T00:07:57.693000;2016-02-11T00:07:57.803000;f129595c-b726-4ec5-b946-dcea3d967979;378.51;0.087;BUY
2016-02-11T00:07:57.693000;2016-02-11T00:07:57.803000;0d577d2d-101d-411a-90de-0c77f8b545d3;378.52;0.01;BUY
2016-02-11T00:07:57.693000;2016-02-11T00:07:57.803000;47040c1c-0ffe-4624-897e-61df1ca7d8b3;378.52;0.01;BUY
2016-02-11T00:07:57.697000;2016-02-11T00:07:57.820000;b2aa79fe-b77a-4515-bf2d-fd409a8928ac;378.52;0.46;BUY
2016-02-11T00:07:57.697000;2016-02-11T00:07:57.820000;43c5b398-5403-4015-8dc9-251fcb1258eb;378.53;0.082;BUY
2016-02-11T00:07:57.697000;2016-02-11T00:07:57.820000;0a5a5a4b-dfd7-415e-b898-45dc567214db;378.54;0.69;BUY
2016-02-11T00:07:57.697000;2016-02-11T00:07:57.820000;435123ba-21f6-46ee-8068-079c6112e12e;378.55;0.01;BUY
2016-02-11T00:07:57.697000;2016-02-11T00:07:57.820000;02e32d49-ec3f-4a42-9788-27321ab1e587;378.55;0.01;BUY
2016-02-11T00:07:57.697000;2016-02-11T00:07:57.820000;10722ed8-70fd-4dc2-9b9b-df1c13bfce27;378.55;0.4973509;BUY
2016-02-11T00:08:01.833000;2016-02-11T00:08:01.880000;30fd0e63-03b1-4b34-b0f6-00ca67b6906e;378.39;0.01;SELL
2016-02-11T00:08:01.833000;2016-02-11T00:08:01.897000;07df24b4-ad93-458b-bb14-c1b57518d4c3;378.37;0.01;SELL
2016-02-11T00:08:01.833000;2016-02-11T00:08:01.897000;3383f76c-bce9-4931-9d1d-675124bffa9e;378.35;0.081;SELL
2016-02-11T00:08:01.833000;2016-02-11T00:08:01.897000;4f82eb61-c923-4d1b-a890-18670cabd6e0;378.34;0.01;SELL
2016-02-11T00:08:01.833000;2016-02-11T00:08:01.897000;ac3672ec-88d5-4796-bf00-c49845501c92;378.34;0.01;SELL
2016-02-11T00:08:01.833000;2016-02-11T00:08:01.973000;850d2e85-c91f-481d-b9ba-cb68363c5a02;378.32;0.01;SELL
2016-02-11T00:08:01.833000;2016-02-11T00:08:01.973000;d6c6f15b-a925-41e1-a4db-3fd4bb7c650f;378.32;0.01;SELL
2016-02-11T00:08:01.833000;2016-02-11T00:08:01.973000;338f7efd-fe06-4b20-8474-175f4bc417ef;378.32;0.124;SELL
2016-02-11T00:08:01.833000;2016-02-11T00:08:01.973000;ffcb2275-4b58-49ac-8f0a-6d29f9855774;378.3;0.01;SELL
2016-02-11T00:08:01.833000;2016-02-11T00:08:01.973000;9ee503b3-e301-46f7-a0e6-ed556cd8db16;378.3;0.01;SELL
2016-02-11T00:08:01.833000;2016-02-11T00:08:01.973000;8813e51a-16d5-4950-ba2d-4fb0473b842e;378.29;0.104;SELL
2016-02-11T00:08:01.833000;2016-02-11T00:08:01.973000;683333bc-000a-4bbf-ba0a-144dfe563c9b;378.28;0.01;SELL
2016-02-11T00:08:01.833000;2016-02-11T00:08:01.973000;b36af672-a195-4878-bdb5-7e8ed61dfbae;378.28;0.01;SELL
2016-02-11T00:08:01.833000;2016-02-11T00:08:01.973000;4a6f1392-e6c9-4239-b7a2-fb7d6b13d59e;378.26;0.01;SELL
2016-02-11T00:08:01.833000;2016-02-11T00:08:01.973000;b755d721-7a28-4bd3-85c1-3a13c237ea93;378.26;0.01;SELL
2016-02-11T00:08:01.833000;2016-02-11T00:08:01.973000;ce550024-519f-438d-b7e4-4f2e825a7d77;378.26;0.118;SELL
2016-02-11T00:08:01.833000;2016-02-11T00:08:01.990000;ee0030cc-775a-4720-992d-b3b9997986b1;378.24;0.01;SELL
2016-02-11T00:08:01.837000;2016-02-11T00:08:01.990000;f096e8e7-35d0-4a48-9890-becd390a4a8e;378.24;0.01;SELL
2016-02-11T00:08:01.837000;2016-02-11T00:08:01.990000;32d1d65f-ac32-4ae5-9c8b-89f1f6bcccee;378.23;0.078;SELL
2016-02-11T00:08:01.837000;2016-02-11T00:08:01.990000;8c0144ae-ee78-4fbf-852e-4c4000b2b2d0;378.22;0.01;SELL
2016-02-11T00:08:01.837000;2016-02-11T00:08:02.007000;d3fc4739-eb1e-4fe7-8524-147bea232aa2;378.2;0.01;SELL
2016-02-11T00:08:01.837000;2016-02-11T00:08:02.007000;a04c31ff-3f7e-4543-b377-c5f9081572e9;378.2;0.122;SELL
2016-02-11T00:08:01.837000;2016-02-11T00:08:02.007000;6356534d-56e0-4563-8b25-543b5b405990;378.18;0.04121815;SELL
2016-02-11T00:08:01.837000;2016-02-11T00:08:02.007000;88f8b9ee-1408-4eee-b80f-da528a2f4a04;378.18;0.69;SELL
2016-02-11T00:08:01.837000;2016-02-11T00:08:02.007000;bcbdfa74-99d4-4496-b41b-ef7d2e2729ff;378.17;0.01;SELL
2016-02-11T00:08:01.837000;2016-02-11T00:08:02.007000;65000ae8-cd34-4f08-9a5c-def716880d01;378.17;0.01;SELL
2016-02-11T00:08:01.837000;2016-02-11T00:08:02.007000;23a6dbab-91e3-4680-8b57-bb4851fbbb93;378.17;0.01;SELL
2016-02-11T00:08:01.837000;2016-02-11T00:08:02.007000;30d23617-03eb-474d-bda3-e93a11ebbe11;378.17;0.01;SELL
2016-02-11T00:08:01.837000;2016-02-11T00:08:02.007000;06b8c9fc-be57-4c2d-9886-9954c8c68966;378.17;0.01;SELL
2016-02-11T00:08:01.837000;2016-02-11T00:08:02.007000;a4095fca-3c16-4190-af64-886ba0cd2554;378.17;0.01;SELL
2016-02-11T00:08:01.837000;2016-02-11T00:08:02.007000;2544163d-e93d-4da8-9070-578df886f782;378.17;0.01;SELL
2016-02-11T00:08:01.837000;2016-02-11T00:08:02.007000;e169d7ab-78c8-4952-aed5-2335a00af933;378.17;0.01;SELL
2016-02-11T00:08:01.837000;2016-02-11T00:08:02.007000;84a91fc3-5eef-41ce-906d-a8df69895059;378.17;0.01;SELL
2016-02-11T00:08:01.837000;2016-02-11T00:08:02.007000;ad9d0bf5-40cc-469c-86d5-19fea88eab42;378.17;0.01;SELL
2016-02-11T00:08:01.837000;2016-02-11T00:08:02.007000;837e6516-ffa7-48be-9fbd-cfa9b8df7bb4;378.17;0.01;SELL
2016-02-11T00:08:01.840000;2016-02-11T00:08:02.007000;567bfe5a-013c-4d4e-b42c-54499a7b60c0;378.17;0.01;SELL
2016-02-11T00:08:01.840000;2016-02-11T00:08:02.007000;bce27a8b-0d1a-488e-a0c0-aeacb747e33e;378.17;0.01;SELL
2016-02-11T00:08:01.840000;2016-02-11T00:08:02.007000;b5c321e9-cbc6-42d5-80ae-e009566441ff;378.17;0.01;SELL
2016-02-11T00:08:01.840000;2016-02-11T00:08:02.007000;df4fa5ff-7405-4410-bf71-84c3dbdccf4f;378.17;0.01;SELL
2016-02-11T00:08:01.840000;2016-02-11T00:08:02.053000;c1b5586d-d00e-4987-a8da-736f5b5914d9;378.17;0.105;SELL
2016-02-11T00:08:01.840000;2016-02-11T00:08:02.070000;0a1f038f-59ce-4b6f-8e26-522381cd11e4;378.16;1.15;SELL
2016-02-11T00:08:01.840000;2016-02-11T00:08:02.070000;77deeb41-f8e9-4361-a0a1-e0764bd5554c;378.15;0.01116;SELL
2016-02-11T00:08:01.840000;2016-02-11T00:08:02.070000;bf4113f1-3829-47bf-bf95-7d5e489862ff;378.15;1.84;SELL
2016-02-11T00:08:01.840000;2016-02-11T00:08:02.070000;2580442a-82e0-48b3-9c38-5c063f0735a5;378.14;0.01;SELL
2016-02-11T00:08:01.840000;2016-02-11T00:08:02.070000;b1b7d3d7-5ec6-4f09-993b-c5b9b7145888;378.14;0.01;SELL
2016-02-11T00:08:01.840000;2016-02-11T00:08:02.070000;e5d43120-271e-4daa-ad0c-94b520952e8d;378.14;0.01;SELL
2016-02-11T00:08:01.840000;2016-02-11T00:08:02.070000;eab6780b-8528-4ef4-a0d0-bbb15e063b41;378.14;0.01;SELL
2016-02-11T00:08:01.840000;2016-02-11T00:08:02.070000;5593960e-300d-4495-8395-68142c2b5d6b;378.14;0.112;SELL
2016-02-11T00:08:01.840000;2016-02-11T00:08:02.070000;1e4a34c4-02bd-422d-adcf-ea78805cfb07;378.14;2.3;SELL
2016-02-11T00:08:01.840000;2016-02-11T00:08:02.070000;235c4627-4685-4cd4-ab33-b2ce3db4eef6;378.13;0.01;SELL
2016-02-11T00:08:01.840000;2016-02-11T00:08:02.070000;b6449eb2-6147-47ef-870e-472e60a24460;378.13;0.01;SELL
2016-02-11T00:08:01.843000;2016-02-11T00:08:02.070000;624e782d-4eb7-400b-8222-8f766eee0357;378.13;0.01;SELL
2016-02-11T00:08:01.843000;2016-02-11T00:08:02.070000;c4b92516-bf3a-49e5-ad32-618b71a7c0a0;378.13;0.01;SELL
2016-02-11T00:08:01.843000;2016-02-11T00:08:02.070000;20af8422-a38a-4288-8891-5db89967a685;378.13;0.01;SELL
2016-02-11T00:08:01.843000;2016-02-11T00:08:02.070000;5cf119f1-00c4-4977-96f2-b45c5e33c767;378.13;0.01;SELL
2016-02-11T00:08:01.843000;2016-02-11T00:08:02.070000;a97aa64a-7071-4e48-b812-0b81bba6bee0;378.13;0.01;SELL
2016-02-11T00:08:01.843000;2016-02-11T00:08:02.070000;174f0009-7676-46b3-8c7d-ee33b6687fbe;378.13;0.01;SELL
2016-02-11T00:08:01.843000;2016-02-11T00:08:02.070000;17b71c77-a0d1-4e12-a7ba-f8efb43af435;378.13;0.01;SELL
2016-02-11T00:08:01.843000;2016-02-11T00:08:02.070000;6b0291fb-0250-44a7-a47b-9adc16aaf8e0;378.13;0.01;SELL
2016-02-11T00:08:01.843000;2016-02-11T00:08:02.083000;3b0c58ef-e948-42fb-bb4d-38184f02077e;378.13;0.01;SELL
2016-02-11T00:08:01.843000;2016-02-11T00:08:02.083000;b2bdb9f4-8f30-4383-bd35-781f20ef029b;378.13;0.01;SELL
2016-02-11T00:08:01.843000;2016-02-11T00:08:02.083000;1dee14d6-9fe8-44bf-b8fc-e60e2a81c899;378.13;0.01;SELL
2016-02-11T00:08:01.843000;2016-02-11T00:08:02.083000;8adbf3a9-60ca-4782-b010-44a3e21dd5c9;378.13;0.01;SELL
2016-02-11T00:08:01.843000;2016-02-11T00:08:02.083000;faa1a24b-5d85-4b14-be6d-e6e6136300a8;378.13;3.972;SELL
2016-02-11T00:08:01.843000;2016-02-11T00:08:02.083000;42218884-fe39-4421-a712-cdc11f6cf774;378.11;0.077;SELL
2016-02-11T00:08:01.843000;2016-02-11T00:08:02.083000;763dd650-ee7b-4dd6-b2cc-aab579669725;378.1;0.71289;SELL
2016-02-11T00:08:01.843000;2016-02-11T00:08:02.083000;1a76691a-459d-4444-91de-aad17f71e137;378.1;0.01;SELL
2016-02-11T00:08:01.843000;2016-02-11T00:08:02.083000;4ec41954-91bf-4a68-a557-9daaf9b4d763;378.09;2.07;SELL
2016-02-11T00:08:01.847000;2016-02-11T00:08:02.083000;89f47b62-1419-4e9d-ac33-004b93c9ef65;378.08;0.126;SELL
2016-02-11T00:08:01.847000;2016-02-11T00:08:02.083000;a38fcd43-69ed-4841-b2ec-cc03b1dbcc93;378.06;2.76;SELL
2016-02-11T00:08:01.847000;2016-02-11T00:08:02.083000;8fbabef9-349d-430e-9f3e-ac8c9ed6dbfe;378.05;0.111;SELL
2016-02-11T00:08:01.847000;2016-02-11T00:08:02.083000;d88e8e6c-6317-423a-b308-8a9e5d81dd04;378.03;4.6;SELL
2016-02-11T00:08:01.847000;2016-02-11T00:08:02.083000;d6cc9723-9c53-427a-91ed-d6e30139c42d;378.02;0.073;SELL
2016-02-11T00:08:01.847000;2016-02-11T00:08:02.100000;4caec263-781f-40e2-b6c0-04e9a079f696;378.01;8.05;SELL
2016-02-11T00:08:01.847000;2016-02-11T00:08:02.147000;91fc8bb6-0f83-4088-b408-b75651d16de0;378.0;10.6555;SELL
2016-02-11T00:08:01.847000;2016-02-11T00:08:02.163000;a3f6bba4-d002-4280-ac9b-f004bc8506ec;378.0;0.0115;SELL
2016-02-11T00:08:01.847000;2016-02-11T00:08:02.163000;399ac620-aa55-4b90-a021-161a8b8a4fdd;378.0;0.02;SELL
2016-02-11T00:08:01.847000;2016-02-11T00:08:02.163000;de0d175f-b685-4cad-9827-ec1dd534b9c3;377.99;0.078;SELL
2016-02-11T00:08:01.847000;2016-02-11T00:08:02.163000;123a98d6-6113-4c5e-813a-0a7d0c59b113;377.96;0.088;SELL
2016-02-11T00:08:01.847000;2016-02-11T00:08:02.163000;726ceee9-a472-4550-8624-a794f68f10fd;377.95;4.395;SELL
2016-02-11T00:08:01.847000;2016-02-11T00:08:02.163000;a000d2d8-e173-42c2-975e-b8384fae1b9d;377.93;0.125;SELL
2016-02-11T00:08:01.847000;2016-02-11T00:08:02.163000;d0f1f12b-cc2b-4021-9dce-c84788ded064;377.9;0.089;SELL
2016-02-11T00:08:01.847000;2016-02-11T00:08:02.163000;78d2d7fa-1102-421d-af66-b3896659c224;377.89;0.01;SELL
2016-02-11T00:08:01.847000;2016-02-11T00:08:02.163000;00ccd931-054b-4538-b975-f2c9a25079c1;377.79;0.92;SELL
2016-02-11T00:08:01.847000;2016-02-11T00:08:02.163000;e231e7ca-8034-41d9-8c7d-acf974b34e5e;377.78;3.137;SELL
2016-02-11T00:08:01.847000;2016-02-11T00:08:02.163000;25e72b27-1d46-4437-908b-aa9dce5a289f;377.73;0.01;SELL
2016-02-11T00:08:01.850000;2016-02-11T00:08:02.163000;531c7b1b-f714-44a7-ac77-e8c086b71f67;377.72;0.02;SELL
2016-02-11T00:08:01.850000;2016-02-11T00:08:02.177000;88fb6f5f-ae56-4d5f-bcaf-243c34a09efb;377.59;0.51273185;SELL
2016-02-11T00:08:23.447000;2016-02-11T00:08:23.473000;774b1d4e-1bba-453e-bf33-2d48268a1e72;378.37;0.046;BUY
2016-02-11T00:08:23.460000;2016-02-11T00:08:23.507000;1f1c6e76-4a21-46fd-871a-3698ed66fc7b;378.37;0.0437;BUY
2016-02-11T00:08:23.477000;2016-02-11T00:08:23.507000;1d4de08b-a512-4534-9d0d-95412d5cc8c6;378.37;0.0203;BUY
2016-02-11T00:08:28.497000;2016-02-11T00:08:28.520000;701a3940-0f95-4b6a-9f27-ed5a5d2620b1;378.36;0.01248;BUY
2016-02-11T00:08:28.520000;2016-02-11T00:08:28.553000;3869e827-2281-4719-91f4-57a411b8a095;378.36;0.01469;BUY
2016-02-11T00:08:28.527000;2016-02-11T00:08:28.570000;aa73b2bd-36c0-4319-89de-430d1d128d60;378.36;0.01852;BUY
2016-02-11T00:08:28.533000;2016-02-11T00:08:28.570000;e2e6834b-b057-491f-b79d-f6f168e40f17;378.36;0.01391;BUY
2016-02-11T00:08:31.043000;2016-02-11T00:08:31.070000;3cee6840-6c63-4ec4-a738-fe6fd89b7732;378.36;0.0151329;BUY
2016-02-11T00:08:31.953000;2016-02-11T00:08:32.007000;af7877b0-6739-433f-82bd-5164bc7c09a0;378.34;0.01;SELL
2016-02-11T00:08:31.953000;2016-02-11T00:08:32.037000;c673997d-7139-4996-a8cf-a33272dc5c8c;378.32;0.01;SELL
2016-02-11T00:08:31.953000;2016-02-11T00:08:32.037000;7428c0d9-9a10-41a1-9b26-e658793e1272;378.32;0.01;SELL
2016-02-11T00:08:31.953000;2016-02-11T00:08:32.037000;7c98ceb6-05a8-4ba4-a549-dea339b96eb2;378.3;0.01;SELL
2016-02-11T00:08:31.953000;2016-02-11T00:08:32.037000;8d6d9d83-7027-42c8-8e11-27c019faf533;378.3;0.01;SELL
2016-02-11T00:08:31.953000;2016-02-11T00:08:32.070000;febd4ef3-03d5-4bdd-82ff-8af7dc709f09;378.29;0.115;SELL
2016-02-11T00:08:31.957000;2016-02-11T00:08:32.070000;c2be3f36-3c96-4fce-b31b-e8371bbe24a2;378.28;0.01;SELL
2016-02-11T00:08:31.957000;2016-02-11T00:08:32.070000;0bdb490c-117f-430d-962d-e58ddf6dd63e;378.25;0.126;SELL
2016-02-11T00:08:31.957000;2016-02-11T00:08:32.070000;edc9917a-6434-4304-b4bf-d901dda3ed98;378.22;0.085;SELL
2016-02-11T00:08:31.957000;2016-02-11T00:08:32.070000;fd071f61-490f-4aa7-a27a-3f37ef575913;378.19;0.121;SELL
2016-02-11T00:08:31.957000;2016-02-11T00:08:32.070000;0f021630-61eb-4663-a3cc-44f7d5044542;378.16;0.099;SELL
2016-02-11T00:08:31.957000;2016-02-11T00:08:32.070000;36352d89-6b64-4a8b-97f2-92b1d1648c40;378.15;0.01;SELL
2016-02-11T00:08:31.957000;2016-02-11T00:08:32.070000;3cf800e2-a698-410b-96ef-d78953896604;378.13;0.01;SELL
2016-02-11T00:08:31.957000;2016-02-11T00:08:32.070000;6ccc47fb-9083-462a-921a-29f202dc22da;378.13;0.085;SELL
2016-02-11T00:08:31.957000;2016-02-11T00:08:32.070000;ae805167-dc6a-4dc9-9297-a9cab7dc2374;378.1;0.091;SELL
2016-02-11T00:08:31.957000;2016-02-11T00:08:32.070000;2afe0efe-5c70-4a82-aac6-7dd2c483c1a9;378.07;0.112;SELL
2016-02-11T00:08:31.957000;2016-02-11T00:08:32.070000;321c157f-4b8a-489f-9a7f-5bbca630b7cc;378.04;0.074;SELL
2016-02-11T00:08:31.957000;2016-02-11T00:08:32.070000;b775c8b8-bc7f-4c14-82e0-918c819ca2cb;378.04;0.01;SELL
2016-02-11T00:08:31.957000;2016-02-11T00:08:32.070000;d434bc7b-3a1e-4876-8ce0-018e62fe2040;378.04;0.01;SELL
2016-02-11T00:08:31.957000;2016-02-11T00:08:32.070000;3b71b35b-eb48-47e2-8312-0108472d5ebc;378.02;0.01;SELL
2016-02-11T00:08:31.957000;2016-02-11T00:08:32.070000;fa971f7e-8992-4c81-a2bc-b710372ba765;378.01;0.102;SELL
2016-02-11T00:08:31.957000;2016-02-11T00:08:32.083000;f65b7aa0-556a-4e58-a0c8-286b01713ae7;377.96;2.456;SELL
2016-02-11T00:08:31.957000;2016-02-11T00:08:32.083000;0fe9f2b4-6b26-4403-8ed3-e773c2f0ac76;377.87;0.01;SELL
2016-02-11T00:08:31.957000;2016-02-11T00:08:32.100000;50bcd613-1398-402f-8e82-3ddad225ab1f;377.77;1.09;SELL
2016-02-11T00:08:31.957000;2016-02-11T00:08:32.100000;dea23ac1-0b0b-49a1-8889-e7e1b7d23d51;377.75;0.01;SELL
2016-02-11T00:08:31.957000;2016-02-11T00:08:32.100000;34be7662-8cd3-4684-b119-8f1a0916f7e8;377.61;0.23;SELL
2016-02-11T00:08:31.957000;2016-02-11T00:08:32.100000;9a493b07-bbe4-4ca8-a174-e4cc538474b4;377.6;0.04121815;SELL
2016-02-11T00:08:31.957000;2016-02-11T00:08:32.100000;609464b9-b3b2-464c-a5c8-49b685a8b7a7;377.6;0.23;SELL
2016-02-11T00:08:31.957000;2016-02-11T00:08:32.100000;2d9b1c51-2be4-4129-a901-0337d2e482af;377.59;0.91926815;SELL
2016-02-11T00:08:31.960000;2016-02-11T00:08:32.100000;47927b1b-5ed8-4f4f-b219-a905bb0aa2da;377.59;0.01;SELL
2016-02-11T00:08:31.960000;2016-02-11T00:08:32.100000;a415b0d3-b9f5-46b6-9808-d22446c65fc8;377.58;0.01;SELL
2016-02-11T00:08:31.960000;2016-02-11T00:08:32.100000;306eca9b-b174-4b27-98f8-939f00b40e16;377.58;0.23;SELL
2016-02-11T00:08:31.960000;2016-02-11T00:08:32.100000;e958f807-8a0b-49e1-8456-485ebc324f1e;377.57;0.01;SELL
2016-02-11T00:08:31.960000;2016-02-11T00:08:32.117000;a10889fa-9102-4d28-8b6a-9a280e3649d8;377.56;0.01;SELL
2016-02-11T00:08:31.960000;2016-02-11T00:08:32.117000;25edf1f1-63f6-4310-90a4-56eaadec00ee;377.56;0.27;SELL
2016-02-11T00:08:31.960000;2016-02-11T00:08:32.117000;36b59197-9e0b-4add-9517-76a1affdbb77;377.55;0.01;SELL
2016-02-11T00:08:31.960000;2016-02-11T00:08:32.117000;fc9f5796-8f36-4c5e-a9f4-601ac9751537;377.55;0.01;SELL
2016-02-11T00:08:31.960000;2016-02-11T00:08:32.117000;710058f2-76fa-4f71-9596-33077fc09277;377.55;0.01;SELL
2016-02-11T00:08:31.960000;2016-02-11T00:08:32.130000;19effa79-d703-48fc-a3ad-31002e3bea4a;377.55;0.01;SELL
2016-02-11T00:08:31.960000;2016-02-11T00:08:32.130000;d4102155-55ca-4460-b581-c6578e4814b5;377.55;0.01;SELL
2016-02-11T00:08:31.960000;2016-02-11T00:08:32.130000;c741ca58-7208-4255-b8a9-56f8557b361d;377.55;0.01;SELL
2016-02-11T00:08:31.960000;2016-02-11T00:08:32.130000;eb16c7ef-3779-4170-be9a-ecd92d26dca0;377.55;0.69;SELL
2016-02-11T00:08:31.960000;2016-02-11T00:08:32.130000;fb128b1b-2a55-4ba0-a1ca-8738d894754a;377.54;0.01;SELL
2016-02-11T00:08:31.960000;2016-02-11T00:08:32.130000;c49252de-3d09-4637-8288-89d30519eee1;377.54;0.92;SELL
2016-02-11T00:08:31.960000;2016-02-11T00:08:32.147000;833b7b3d-e7a8-4613-a446-0a813fd8f392;377.53;0.01;SELL
2016-02-11T00:08:31.960000;2016-02-11T00:08:32.163000;27792304-c79c-4c2d-bd21-6bdbf79e0b6d;377.53;0.01;SELL
2016-02-11T00:08:31.960000;2016-02-11T00:08:32.163000;f1c23921-0781-46f5-81e0-a9f75d487656;377.53;0.01;SELL
2016-02-11T00:08:31.960000;2016-02-11T00:08:32.163000;4c3d783e-316c-4c1f-95c2-c6545c384dba;377.53;0.01;SELL
2016-02-11T00:08:31.960000;2016-02-11T00:08:32.163000;f8bda7be-b55a-40ff-9d09-2d2f90c9b530;377.53;0.01;SELL
2016-02-11T00:08:31.960000;2016-02-11T00:08:32.163000;c898542f-b28a-4525-96e5-c8cdac376b94;377.53;0.92;SELL
2016-02-11T00:08:31.960000;2016-02-11T00:08:32.163000;9dca5a59-a372-4be6-b541-49cc447cf32b;377.52;0.01;SELL
2016-02-11T00:08:31.963000;2016-02-11T00:08:32.163000;fb8c32f0-c4fd-4c4e-b51e-33212eac9347;377.52;1.15;SELL
2016-02-11T00:08:31.963000;2016-02-11T00:08:32.163000;fb4f3f75-2519-49ee-92b5-c39d07fb0337;377.51;0.01;SELL
2016-02-11T00:08:31.963000;2016-02-11T00:08:32.163000;c56d88cd-f5cc-42dc-a2fa-0cc19559fdfa;377.51;0.01;SELL
2016-02-11T00:08:31.963000;2016-02-11T00:08:32.177000;82e77922-53cc-4e0f-b950-87108fac89dc;377.51;0.01;SELL
2016-02-11T00:08:31.963000;2016-02-11T00:08:32.177000;63d76350-a20c-4134-9aca-cb4443b6d123;377.51;1.15;SELL
2016-02-11T00:08:31.963000;2016-02-11T00:08:32.177000;d0185f41-4cdb-4055-b079-7067a8e310a9;377.5;0.01;SELL
2016-02-11T00:08:31.963000;2016-02-11T00:08:32.177000;bf372144-6c6e-4924-bda2-68d867c9e525;377.5;1.0;SELL
2016-02-11T00:08:31.963000;2016-02-11T00:08:32.177000;5ff960cf-eb2d-4173-8ad5-2b05db35d46d;377.5;0.01;SELL
2016-02-11T00:08:31.963000;2016-02-11T00:08:32.177000;f299aeb1-dafb-464f-865c-d3a01527ce1a;377.5;0.69;SELL
2016-02-11T00:08:31.963000;2016-02-11T00:08:32.177000;8646a153-46de-4c3d-9fe9-922db2cfa7ef;377.49;0.01;SELL
2016-02-11T00:08:31.963000;2016-02-11T00:08:32.177000;a7ab07bf-53fb-44c2-a165-7131c416d9a1;377.49;0.01;SELL
2016-02-11T00:08:31.963000;2016-02-11T00:08:32.177000;3c010a01-f739-43da-8182-1148ea3ac279;377.49;0.01;SELL
2016-02-11T00:08:31.963000;2016-02-11T00:08:32.177000;fdd46812-50a4-430f-9d2d-94c66f30fdb6;377.49;0.69;SELL
2016-02-11T00:08:31.963000;2016-02-11T00:08:32.193000;f26c354d-6639-4496-afb8-06754f59a77f;377.48;0.01;SELL
2016-02-11T00:08:31.963000;2016-02-11T00:08:32.210000;d6c4d7e0-bac3-4b4a-a662-149081fab90f;377.48;1.15;SELL
2016-02-11T00:08:31.963000;2016-02-11T00:08:32.210000;173567b5-8d12-4125-a178-c72557b805b2;377.47;0.01;SELL
2016-02-11T00:08:31.963000;2016-02-11T00:08:32.223000;d0ecd01b-e93c-4b1f-a9c1-f047d75c6870;377.47;1.15;SELL
2016-02-11T00:08:31.963000;2016-02-11T00:08:32.223000;1564166c-229b-42bd-b671-e9e430570d53;377.46;0.01;SELL
2016-02-11T00:08:31.963000;2016-02-11T00:08:32.223000;96c39f0d-28b9-45aa-b396-de311ced30e1;377.46;0.01;SELL
2016-02-11T00:08:31.963000;2016-02-11T00:08:32.223000;73e89632-2847-4d29-a1e5-b6cea9103873;377.46;1.38;SELL
2016-02-11T00:08:31.963000;2016-02-11T00:08:32.223000;672d1237-cf03-4c2c-9657-05374d7dfe39;377.45;0.01;SELL
2016-02-11T00:08:31.963000;2016-02-11T00:08:32.223000;ce525cdd-ce6e-4a9c-98fe-c9ce40fb404a;377.45;0.01;SELL
2016-02-11T00:08:31.967000;2016-02-11T00:08:32.223000;199a852c-168e-4d15-a2b4-fe1e02ff7d66;377.45;1.84;SELL
2016-02-11T00:08:31.967000;2016-02-11T00:08:32.223000;2ccb588e-4545-492b-9db5-11606d86b695;377.44;0.01;SELL
2016-02-11T00:08:31.967000;2016-02-11T00:08:32.240000;3768b3eb-d82e-4c3e-8e92-e391a4bea514;377.44;2.07;SELL
2016-02-11T00:08:31.967000;2016-02-11T00:08:32.240000;f54c1824-38da-4d1d-b279-3c51df78bd79;377.43;0.01;SELL
2016-02-11T00:08:31.967000;2016-02-11T00:08:32.240000;89f836ac-f6db-4393-ba2b-d75a4c53c075;377.43;0.01;SELL
2016-02-11T00:08:31.967000;2016-02-11T00:08:32.240000;fec4cb34-b829-492f-a4bb-2c46732537a0;377.43;0.01;SELL
2016-02-11T00:08:31.967000;2016-02-11T00:08:32.240000;4c7b9e20-1783-4bc0-aa00-39680a6c1a55;377.43;2.07;SELL
2016-02-11T00:08:31.967000;2016-02-11T00:08:32.240000;ff6679b6-1997-4f9a-bd67-57f81402944b;377.42;4.716;SELL
2016-02-11T00:08:31.967000;2016-02-11T00:08:32.240000;9ce678c8-bc49-461b-949b-f60687e04637;377.42;0.01;SELL
2016-02-11T00:08:31.967000;2016-02-11T00:08:32.240000;e4ba8411-409b-46ee-8042-d2752c5bc7ed;377.42;0.01;SELL
2016-02-11T00:08:31.967000;2016-02-11T00:08:32.240000;cdf6c1b7-15a9-42ca-8f0c-7f6617aa016a;377.42;0.01;SELL
2016-02-11T00:08:31.967000;2016-02-11T00:08:32.257000;92804f54-a2ed-4afc-af9a-8770c0c29b9a;377.42;0.01;SELL
2016-02-11T00:08:31.967000;2016-02-11T00:08:32.270000;1f256f74-1795-4eae-ac0d-48eff93da083;377.41;0.01;SELL
2016-02-11T00:08:31.967000;2016-02-11T00:08:32.270000;dd672ed6-3c8f-4e91-a578-ae4d3e75bd1d;377.41;0.01;SELL
2016-02-11T00:08:31.967000;2016-02-11T00:08:32.270000;abaa45de-6895-40c0-95c2-2e64983c0765;377.41;0.01;SELL
2016-02-11T00:08:31.967000;2016-02-11T00:08:32.270000;d1db9759-cc64-42d4-bc75-5c6fa4fb9295;377.41;0.01;SELL
2016-02-11T00:08:31.967000;2016-02-11T00:08:32.270000;5d393235-e767-476b-9631-432c42b8e985;377.41;0.01;SELL
2016-02-11T00:08:31.967000;2016-02-11T00:08:32.270000;969371c5-96b0-4f99-9853-99fa5065a924;377.4;0.01;SELL
2016-02-11T00:08:31.967000;2016-02-11T00:08:32.270000;8f62e431-dd94-41da-9416-8adaa9a749a0;377.4;0.01;SELL
2016-02-11T00:08:31.967000;2016-02-11T00:08:32.270000;a393da55-7992-4872-aac3-c5e148bcc0e8;377.39;0.01;SELL
2016-02-11T00:08:31.967000;2016-02-11T00:08:32.270000;6bde9c99-2cee-48f5-8770-8e6a7882472f;377.39;0.01;SELL
2016-02-11T00:08:31.967000;2016-02-11T00:08:32.270000;98e30a54-7d01-4298-8987-1865b2ec9337;377.39;0.01;SELL
2016-02-11T00:08:31.967000;2016-02-11T00:08:32.270000;47983da8-68a9-44b8-b66c-fff9ac9b642e;377.39;0.01;SELL
2016-02-11T00:08:31.970000;2016-02-11T00:08:32.270000;fb9c4856-cd76-48d9-8270-449f5ba545f3;377.38;0.01;SELL
2016-02-11T00:08:31.970000;2016-02-11T00:08:32.287000;12b3810b-d509-49ba-81fd-6856c6988cda;377.38;0.01;SELL
2016-02-11T00:08:31.970000;2016-02-11T00:08:32.303000;876961a6-e2a0-4e15-9dd2-68cd2595e326;377.38;0.01;SELL
2016-02-11T00:08:31.970000;2016-02-11T00:08:32.303000;e4361d44-cf68-4a46-8933-e23202b0493f;377.38;0.01;SELL
2016-02-11T00:08:31.970000;2016-02-11T00:08:32.303000;eca03dc7-ba7d-4527-b1f3-0b432c8ef9be;377.37;0.01;SELL
2016-02-11T00:08:31.970000;2016-02-11T00:08:32.303000;71357749-3637-4c15-846f-8b49cc0a030c;377.37;0.01;SELL
2016-02-11T00:08:31.970000;2016-02-11T00:08:32.303000;e4c7507d-a6f8-4a2c-af18-06a2f5532409;377.36;0.01;SELL
2016-02-11T00:08:31.970000;2016-02-11T00:08:32.303000;44bc49d4-99c6-499a-8eb7-63a09eed4e73;377.36;0.01;SELL
2016-02-11T00:08:31.970000;2016-02-11T00:08:32.303000;4baf6582-70b7-4168-95c9-83c74d59d13a;377.36;0.01;SELL
2016-02-11T00:08:31.970000;2016-02-11T00:08:32.303000;eaf82520-b75a-4de2-981d-09c2eaa94a91;377.36;0.01;SELL
2016-02-11T00:08:31.970000;2016-02-11T00:08:32.303000;4d2d1841-2dd1-4f5c-8b67-924e370a0d97;377.36;0.01;SELL
2016-02-11T00:08:31.970000;2016-02-11T00:08:32.303000;b58fb599-a1e1-418b-9057-5666613d2183;377.35;0.01;SELL
2016-02-11T00:08:31.970000;2016-02-11T00:08:32.303000;7a3c48b7-d644-4cc0-85fc-a07066d65d7a;377.35;0.01;SELL
2016-02-11T00:08:31.970000;2016-02-11T00:08:32.303000;6854c778-d964-4e3e-a55c-dda1cf03c2d8;377.34;0.01;SELL
2016-02-11T00:08:31.970000;2016-02-11T00:08:32.303000;d8562bd9-c6e1-457c-9a37-8aa487b76530;377.33;0.01;SELL
2016-02-11T00:08:31.970000;2016-02-11T00:08:32.303000;3650af98-d2ce-4b58-b437-a81a6db3e4d8;377.33;0.02;SELL
2016-02-11T00:08:31.970000;2016-02-11T00:08:32.333000;d82f23cc-1e54-4199-ba9d-fc842b1501f0;377.31;0.01;SELL
2016-02-11T00:08:31.970000;2016-02-11T00:08:32.333000;6645e5c4-5929-4277-9116-864f27e39562;377.3;0.01;SELL
2016-02-11T00:08:31.970000;2016-02-11T00:08:32.333000;4b54ad44-fcce-48a1-88b1-fe9e8626a26e;377.29;0.01;SELL
2016-02-11T00:08:31.970000;2016-02-11T00:08:32.333000;e7eae627-152b-4fcb-8149-ea1cb4b24fc9;377.28;0.01;SELL
2016-02-11T00:08:31.970000;2016-02-11T00:08:32.333000;74f252aa-8d6d-4c96-b3b2-9ae07d1a6eab;377.24;0.23;SELL
2016-02-11T00:08:31.970000;2016-02-11T00:08:32.333000;81575413-fe37-4154-a036-ea939811236d;377.23;3.055;SELL
2016-02-11T00:08:31.970000;2016-02-11T00:08:32.333000;77f769b7-204b-47d6-8cb5-890913d50a73;377.23;0.01;SELL
2016-02-11T00:08:31.970000;2016-02-11T00:08:32.333000;8e54b29f-ec31-4204-94f3-61a42eadbf75;377.17;0.01;SELL
2016-02-11T00:08:31.973000;2016-02-11T00:08:32.333000;80f8c00e-a6ba-4472-b8b9-0661fe1d601e;377.17;0.01;SELL
2016-02-11T00:08:31.973000;2016-02-11T00:08:32.333000;33f7baa6-a9cb-4ae3-8852-19ef4d6e5396;377.15;0.01;SELL
2016-02-11T00:08:31.973000;2016-02-11T00:08:32.350000;c28ce7c5-d58c-4034-a924-b7844765fdef;377.13;0.01;SELL
2016-02-11T00:08:31.973000;2016-02-11T00:08:32.350000;575ec681-a559-419f-8368-9b95d357b0fc;377.12;0.01;SELL
2016-02-11T00:08:31.973000;2016-02-11T00:08:32.350000;f38ae2f8-12e4-40a4-93e4-ceae23f4223d;377.12;0.01;SELL
2016-02-11T00:08:31.973000;2016-02-11T00:08:32.350000;1ce3cc73-27ed-4653-986a-f9056d7dc0f0;377.1;0.01;SELL
2016-02-11T00:08:31.973000;2016-02-11T00:08:32.350000;16eaa3d5-6967-4fdc-8241-64e0cb0b0006;377.1;0.5025;SELL
2016-02-11T00:08:31.973000;2016-02-11T00:08:32.350000;e4d344d4-b255-45bb-93c3-adba736a5c89;377.1;0.01;SELL
2016-02-11T00:08:31.973000;2016-02-11T00:08:32.350000;802105d9-9416-4b1f-88fb-b2e1a3f423f9;377.09;0.0944;SELL
2016-02-11T00:08:31.973000;2016-02-11T00:08:32.350000;65f2d204-dcdf-4f25-8b57-1821b66277cd;377.08;0.01;SELL
2016-02-11T00:08:31.973000;2016-02-11T00:08:32.350000;b27d5d1b-3ce0-4c38-9c63-df11b159999a;377.07;0.01;SELL
2016-02-11T00:08:31.973000;2016-02-11T00:08:32.350000;8300f2f2-1167-43a4-878a-1f010658598b;377.05;4.35;SELL
2016-02-11T00:08:31.973000;2016-02-11T00:08:32.367000;406887f2-0395-475a-8b3f-3b5a21023a49;377.03;0.5;SELL
2016-02-11T00:08:31.973000;2016-02-11T00:08:32.367000;401e5399-d1a7-4fba-a284-87a4b14bb44a;377.02;0.02;SELL
2016-02-11T00:08:31.973000;2016-02-11T00:08:32.367000;bf033e77-29e3-4866-b93f-36251a4566ea;377.01;7.0599;SELL
2016-02-11T00:08:31.973000;2016-02-11T00:08:32.367000;0d4224b0-7698-4ab8-b45b-9bbac8d78a71;377.0;5.1757137;SELL
2016-02-11T00:08:49.113000;2016-02-11T00:08:49.147000;f6a6f8a6-d0a3-4f0e-b6e6-d6a0b50ce891;378.07;0.01;SELL
2016-02-11T00:08:51.077000;2016-02-11T00:08:51.100000;84acd21e-3ad7-45f8-b472-64daa2f04867;378.08;0.025;BUY
2016-02-11T00:08:51.133000;2016-02-11T00:08:51.163000;b7b1f6f9-b705-4a3e-99f9-927938b105d9;378.08;0.092;BUY
2016-02-11T00:08:51.137000;2016-02-11T00:08:51.177000;47669ec0-5977-46c9-83ad-d560db1a6877;378.08;0.0506;BUY
2016-02-11T00:08:51.140000;2016-02-11T00:08:51.177000;240878ef-66ae-4d95-8fc5-c9af1e3eef52;378.08;0.035;BUY
2016-02-11T00:08:51.160000;2016-02-11T00:08:51.193000;ae0bbcb3-aa09-477f-b565-43d92781eadd;378.08;0.0299;BUY
2016-02-11T00:08:51.170000;2016-02-11T00:08:51.193000;9882e575-39c3-41bd-a6b6-3c1334d675cd;378.08;0.0175;BUY
2016-02-11T00:08:51.170000;2016-02-11T00:08:51.223000;7e29563a-8987-461d-a6d2-6e7e656b348f;378.11;0.0791;BUY
2016-02-11T00:08:51.213000;2016-02-11T00:08:51.257000;a1fa7d09-ebde-47e8-b5a7-e46404e59db5;378.11;0.1288;BUY
2016-02-11T00:08:51.220000;2016-02-11T00:08:51.257000;81c6d2a4-58e3-4b93-bfa4-8c335c3948a6;378.11;0.0221;BUY
2016-02-11T00:08:51.220000;2016-02-11T00:08:51.270000;7e4bb7f2-6309-4eed-9543-55562a67dcef;378.12;0.01;BUY
2016-02-11T00:08:51.220000;2016-02-11T00:08:51.270000;7cff6320-2764-4783-98ad-237fc7b12dba;378.12;0.0139;BUY
2016-02-11T00:09:01.913000;2016-02-11T00:09:01.943000;ae976e89-aa72-4585-b3e9-8bf1f74ed5d5;378.07;0.03121815;SELL
2016-02-11T00:09:01.917000;2016-02-11T00:09:01.960000;82af69d7-0d78-447f-b850-d933a62c328d;378.07;0.119;SELL
2016-02-11T00:09:01.917000;2016-02-11T00:09:01.960000;5e119f67-d23f-4244-9bea-0d6b8d647d77;378.06;0.01;SELL
2016-02-11T00:09:01.917000;2016-02-11T00:09:01.960000;44de004c-0906-4bb8-b3db-2ed0707da1e8;378.05;0.01;SELL
2016-02-11T00:09:01.917000;2016-02-11T00:09:01.960000;a845211f-6c9d-4e42-81a6-c5f2dde70623;378.04;0.01;SELL
2016-02-11T00:09:01.917000;2016-02-11T00:09:02.053000;c93cf65e-8b99-4e06-b4e9-b1c93f31e4a8;378.04;0.111;SELL
2016-02-11T00:09:01.917000;2016-02-11T00:09:02.053000;b3bd36b5-6e65-4b03-aa16-d61b6ff33fd8;378.01;0.075;SELL
2016-02-11T00:09:01.917000;2016-02-11T00:09:02.053000;6521e843-a529-40bd-b81d-68503b0f573a;378.01;0.01;SELL
2016-02-11T00:09:01.917000;2016-02-11T00:09:02.053000;95356b4b-2c24-4498-9fd6-3106bfe0971f;378.0;0.01;SELL
2016-02-11T00:09:01.917000;2016-02-11T00:09:02.053000;00301e5a-047a-40e9-8186-1e485c29407c;377.98;0.119;SELL
2016-02-11T00:09:01.917000;2016-02-11T00:09:02.053000;446201ef-36dd-423e-a889-4da8acedd418;377.97;0.01;SELL
2016-02-11T00:09:01.917000;2016-02-11T00:09:02.053000;00dffc3b-139c-4f6e-8f5a-f800abaa02dc;377.95;0.076;SELL
2016-02-11T00:09:01.917000;2016-02-11T00:09:02.053000;7b614dea-f4d1-4af0-bff6-2aafb94d8aee;377.92;0.089;SELL
2016-02-11T00:09:01.917000;2016-02-11T00:09:02.053000;351db90e-2e57-429f-9d47-cb3585d9e20e;377.91;0.01;SELL
2016-02-11T00:09:01.917000;2016-02-11T00:09:02.053000;faaa35ae-b396-47e1-8a7f-0b1095dc7117;377.91;0.01;SELL
2016-02-11T00:09:01.917000;2016-02-11T00:09:02.053000;bf2907dd-0da0-412b-be99-fafc651816b8;377.89;0.01;SELL
2016-02-11T00:09:01.917000;2016-02-11T00:09:02.053000;54f2b1ea-3257-4e17-b3ad-78ba6f69fbe9;377.89;0.072;SELL
2016-02-11T00:09:01.917000;2016-02-11T00:09:02.053000;c3ea73d9-9c9d-47d4-95fa-9eda676fe584;377.86;0.076;SELL
2016-02-11T00:09:01.920000;2016-02-11T00:09:02.053000;6d948576-8d8a-4bb9-a069-62664f8c8d88;377.83;0.089;SELL
2016-02-11T00:09:01.920000;2016-02-11T00:09:02.053000;d7c8ae72-4af6-4127-b1c0-54838b40b15c;377.8;0.113;SELL
2016-02-11T00:09:01.920000;2016-02-11T00:09:02.053000;8d9921f6-d77d-47bc-946d-6c1297553dab;377.77;0.087;SELL
2016-02-11T00:09:01.920000;2016-02-11T00:09:02.053000;4a8982b8-8bfe-4703-a733-50b49507cb09;377.75;0.03;SELL
2016-02-11T00:09:01.920000;2016-02-11T00:09:02.053000;37586dd7-5fa0-4e98-8d44-be4c724c5598;377.74;0.084;SELL
2016-02-11T00:09:01.920000;2016-02-11T00:09:02.053000;38ecf01e-b4c9-4c50-9b70-6baaa57a3199;377.71;0.103;SELL
2016-02-11T00:09:01.920000;2016-02-11T00:09:02.083000;54a54185-b90f-42c4-adec-298ea043e57c;377.68;0.108;SELL
2016-02-11T00:09:01.920000;2016-02-11T00:09:02.083000;ea629f94-f042-4e80-b49a-4cd8358c1fce;377.67;0.01;SELL
2016-02-11T00:09:01.920000;2016-02-11T00:09:02.083000;772e5329-f750-4168-bd49-5654bb99a2ab;377.65;0.108;SELL
2016-02-11T00:09:01.920000;2016-02-11T00:09:02.083000;21f82655-45ee-4544-a3d2-a6d0a8363232;377.62;0.094;SELL
2016-02-11T00:09:01.920000;2016-02-11T00:09:02.083000;07d6bcbe-30cc-49f7-b852-f569f26b31c0;377.59;0.01;SELL
2016-02-11T00:09:01.920000;2016-02-11T00:09:02.083000;a3395166-421d-44e8-abe4-fc7a01150f38;377.55;0.01;SELL
2016-02-11T00:09:01.920000;2016-02-11T00:09:02.083000;f741df1d-e1af-4579-b17e-9041aae725d9;377.3;1.71;SELL
2016-02-11T00:09:01.920000;2016-02-11T00:09:02.083000;610d5123-5e2e-4ae4-9eff-6011d244c240;377.29;0.01;SELL
2016-02-11T00:09:01.920000;2016-02-11T00:09:02.083000;cf74fd6e-b2fa-453b-94ac-2bf4819f5b57;377.13;3.35;SELL
2016-02-11T00:09:01.920000;2016-02-11T00:09:02.083000;53a83dda-1429-45b1-be1d-5f738fd7c5e2;377.12;0.01;SELL
2016-02-11T00:09:01.920000;2016-02-11T00:09:02.083000;1386dd90-b99c-4637-8671-35d72daf503b;377.01;0.94349185;SELL
2016-02-11T00:09:06.350000;2016-02-11T00:09:06.380000;e2e020eb-9fc6-413a-91b9-69bcf6f17c89;377.93;0.01;BUY
2016-02-11T00:09:31.573000;2016-02-11T00:09:31.600000;a41cbe34-2fad-4c3a-a69f-84fe982b41f6;377.71;0.11083;BUY
2016-02-11T00:10:21.473000;2016-02-11T00:10:21.490000;039032bb-69b5-4bcd-9667-9f8f6fd173a0;377.72;0.23;BUY
2016-02-11T00:10:32.753000;2016-02-11T00:10:32.787000;07d930a8-e8ef-40a6-976b-96062b6e7562;377.73;0.01;BUY
2016-02-11T00:10:32.753000;2016-02-11T00:10:32.787000;51cf6b49-8cc7-44a8-b902-af2bd4c8bfb6;377.74;0.23;BUY
2016-02-11T00:10:32.753000;2016-02-11T00:10:32.787000;4a90c883-8969-4aa9-a4f1-d01c17f00179;377.75;0.01;BUY
2016-02-11T00:10:32.753000;2016-02-11T00:10:32.787000;a05dc48c-70e2-425e-890b-3e3fe4a8e40f;377.76;0.23;BUY
2016-02-11T00:10:32.753000;2016-02-11T00:10:32.787000;81910726-223a-4df0-8339-1b4d1f4742e0;377.77;0.01;BUY
2016-02-11T00:10:32.757000;2016-02-11T00:10:32.787000;744d252a-6dd1-4785-9a27-23ab5fc9b66f;377.77;0.01;BUY
2016-02-11T00:10:32.757000;2016-02-11T00:10:32.803000;7356877e-040e-4fc2-a59d-25089041dd42;377.78;0.23;BUY
2016-02-11T00:10:32.757000;2016-02-11T00:10:32.803000;58094916-24be-46a3-87e9-b1ba53dc2f81;377.79;0.01;BUY
2016-02-11T00:10:32.757000;2016-02-11T00:10:32.803000;f9f92e40-945e-427b-b453-4f037216000c;377.79;0.01;BUY
2016-02-11T00:10:32.757000;2016-02-11T00:10:32.820000;f7f65db0-4efe-4c1e-a38f-588691f7a4f6;377.84;0.46;BUY
2016-02-11T00:10:32.757000;2016-02-11T00:10:32.820000;faefd38d-3f61-433e-ad58-7d46e70a7b5a;377.85;0.01;BUY
2016-02-11T00:10:32.757000;2016-02-11T00:10:32.820000;14354eb5-2823-480a-861a-3fe5951b7af1;377.87;0.46;BUY
2016-02-11T00:10:32.757000;2016-02-11T00:10:32.820000;43cde131-d9f8-4ba5-ba11-c80214b0b236;377.88;0.23939;BUY
2016-02-11T00:11:31.553000;2016-02-11T00:11:31.570000;cc3b5692-d66e-4eaf-a315-4e2141612c89;377.83;0.04219;SELL
2016-02-11T00:11:53.950000;2016-02-11T00:11:53.973000;7da89ea2-afba-46e3-945e-b2b086c0dc38;377.83;0.52506271;SELL
2016-02-11T00:11:53.950000;2016-02-11T00:11:53.990000;78068730-82bc-4efe-ae45-d9fa1dc4718e;377.83;0.50558144;SELL
2016-02-11T00:11:53.950000;2016-02-11T00:11:53.990000;5354fe13-eb1b-4e59-aa7a-1a291409bdec;377.83;0.02;SELL
2016-02-11T00:11:53.953000;2016-02-11T00:11:53.990000;6f1b387a-b020-4cf9-9932-e3d5ef34e170;377.83;0.253;SELL
2016-02-11T00:11:53.953000;2016-02-11T00:11:53.990000;90e80c80-2d7a-46d1-a151-ad8437cbda80;377.82;0.2;SELL
2016-02-11T00:11:53.953000;2016-02-11T00:11:53.990000;294f1455-f66b-41d4-9a50-b5d32f8a7408;377.81;0.25;SELL
2016-02-11T00:11:53.953000;2016-02-11T00:11:53.990000;f6fb2f98-82ae-4ecd-8ce0-5c2a8097ff2b;377.8;0.1628813;SELL
2016-02-11T00:11:53.953000;2016-02-11T00:11:54.007000;3f70bb02-d014-48eb-9eb0-da98b6e3555e;377.8;0.282;SELL
2016-02-11T00:11:53.953000;2016-02-11T00:11:54.007000;553d0c04-a5c2-4f36-9e67-9a84c5a3c6d1;377.79;0.08868;SELL
2016-02-11T00:11:53.953000;2016-02-11T00:11:54.007000;18f2b286-dd16-4597-9b5b-6267dc6f51ba;377.78;0.01;SELL
2016-02-11T00:11:53.953000;2016-02-11T00:11:54.037000;181fdaff-fa24-41ee-a2fc-9902925686d2;377.77;0.259;SELL
2016-02-11T00:11:53.953000;2016-02-11T00:11:54.037000;427d13d6-f238-4c6e-b561-9e2892cf8710;377.76;0.01;SELL
2016-02-11T00:11:53.953000;2016-02-11T00:11:54.037000;731a5199-6f32-4ee9-ba40-3ad6658a9d04;377.76;0.01;SELL
2016-02-11T00:11:53.953000;2016-02-11T00:11:54.037000;95a886b9-1cbf-47e7-a989-f7feadffd1a4;377.75;0.06292587;SELL
2016-02-11T00:11:53.953000;2016-02-11T00:11:54.037000;e0201acc-e6ef-4afd-9b59-1354d20ab004;377.74;0.01;SELL
2016-02-11T00:11:53.953000;2016-02-11T00:11:54.037000;7a9f29d9-f0cf-45a3-a29d-373d6defa323;377.74;0.01;SELL
2016-02-11T00:11:53.953000;2016-02-11T00:11:54.037000;1959fd67-0390-4bb2-8a34-8f3832ce71e8;377.74;0.343;SELL
2016-02-11T00:11:53.953000;2016-02-11T00:11:54.037000;e70a64e4-dcad-419d-98b9-1d0f6b9d564e;377.73;0.368802;SELL
2016-02-11T00:11:53.953000;2016-02-11T00:11:54.037000;10cb3373-2ad2-40e5-b9b5-708a606e53a5;377.71;0.01;SELL
2016-02-11T00:11:53.957000;2016-02-11T00:11:54.053000;834698f3-428d-484f-ad60-46a1b32bf9b3;377.71;0.288;SELL
2016-02-11T00:11:53.957000;2016-02-11T00:11:54.083000;54bdb4ca-6df5-4ccd-8d6b-5d802d62838e;377.7;0.05;SELL
2016-02-11T00:11:53.957000;2016-02-11T00:11:54.083000;6a06ddd3-150f-47c4-bb59-39138586a539;377.68;0.04567136;SELL
2016-02-11T00:11:53.957000;2016-02-11T00:11:54.083000;0a8af1f1-592d-419e-88a7-e018b827939c;377.68;0.281;SELL
2016-02-11T00:11:53.957000;2016-02-11T00:11:54.083000;0e8fd808-25b4-4d9d-b58f-28e7db0cba2e;377.67;0.01;SELL
2016-02-11T00:11:53.957000;2016-02-11T00:11:54.083000;1e6bad47-d35d-4343-ae41-c20d0c6c6df7;377.67;0.01;SELL
2016-02-11T00:11:53.957000;2016-02-11T00:11:54.083000;452c5ed4-e0c0-422f-826f-df00b04e3893;377.66;0.22015462;SELL
2016-02-11T00:11:53.957000;2016-02-11T00:11:54.083000;b01777dc-f67c-45d6-beba-332042da5c84;377.65;0.01;SELL
2016-02-11T00:11:53.957000;2016-02-11T00:11:54.083000;4c1ab1c7-e2b1-4b49-b12b-d597695f54ee;377.65;0.01;SELL
2016-02-11T00:11:53.957000;2016-02-11T00:11:54.083000;72499139-1344-4080-8b75-cf2e78204c2b;377.65;0.301;SELL
2016-02-11T00:11:53.957000;2016-02-11T00:11:54.083000;ba937ea0-db25-47cb-a213-33ffa007e9cc;377.63;0.01;SELL
2016-02-11T00:11:53.957000;2016-02-11T00:11:54.100000;f4e96083-c1f5-4d70-abc1-41da1ad86284;377.63;0.01;SELL
2016-02-11T00:11:53.957000;2016-02-11T00:11:54.100000;57666ced-e8d3-4057-b472-7c2b8813c3ec;377.62;0.296;SELL
2016-02-11T00:11:53.957000;2016-02-11T00:11:54.100000;ecc082fe-1c95-4998-b640-865b28ac7664;377.59;0.255;SELL
2016-02-11T00:11:53.957000;2016-02-11T00:11:54.100000;2c67e0a4-9455-437a-b89e-289dd372da14;377.56;0.263;SELL
2016-02-11T00:11:53.957000;2016-02-11T00:11:54.100000;59c94b07-79ab-4f58-b49d-031d250e8667;377.53;0.263;SELL
2016-02-11T00:11:53.957000;2016-02-11T00:11:54.100000;b827b0bc-b893-4ccd-ac44-40219871e67a;377.51;0.01;SELL
2016-02-11T00:11:53.957000;2016-02-11T00:11:54.100000;60abd040-ef16-470b-b816-e8b2bb4c13db;377.5;0.0115;SELL
2016-02-11T00:11:53.960000;2016-02-11T00:11:54.100000;2fd78dc5-127c-4804-8ee2-36c56c63d68d;377.5;0.264;SELL
2016-02-11T00:11:53.960000;2016-02-11T00:11:54.100000;d91ae38b-8041-4504-a220-74fdaa236ad8;377.49;0.01;SELL
2016-02-11T00:11:53.960000;2016-02-11T00:11:54.100000;2de1dbfc-195a-41f2-8f31-343c7f737bad;377.47;0.01;SELL
2016-02-11T00:11:53.960000;2016-02-11T00:11:54.100000;d538bdba-43b0-4c93-a993-0877dde0ae3d;377.47;0.267;SELL
2016-02-11T00:11:53.960000;2016-02-11T00:11:54.100000;ed71d51d-378e-4d90-a90c-0fbaf8cebeec;377.44;0.01;SELL
2016-02-11T00:11:53.960000;2016-02-11T00:11:54.100000;53a3349d-1bae-4101-8618-e32bd7935458;377.44;0.26;SELL
2016-02-11T00:11:53.960000;2016-02-11T00:11:54.100000;f5671411-d11a-4f06-bbbf-6d015c7a7ac1;377.42;0.01;SELL
2016-02-11T00:11:53.960000;2016-02-11T00:11:54.100000;3dfa7f1c-00d8-4229-8ff8-67333f4aef41;377.42;0.01;SELL
2016-02-11T00:11:53.960000;2016-02-11T00:11:54.100000;5ad9eaac-2baf-4281-aeb3-1fadf94d6bae;377.41;0.301;SELL
2016-02-11T00:11:53.960000;2016-02-11T00:11:54.100000;2f2d6dfb-5a18-48b3-a073-e042f4d4bd4e;377.4;0.01;SELL
2016-02-11T00:11:53.960000;2016-02-11T00:11:54.100000;05dbf58b-4195-403b-b96d-079ebea898db;377.38;0.01;SELL
2016-02-11T00:11:53.960000;2016-02-11T00:11:54.100000;47b3a2a5-0b48-4175-9d3e-81b832e30c1f;377.38;0.01;SELL
2016-02-11T00:11:53.960000;2016-02-11T00:11:54.117000;712dbd3a-398b-4d26-82a2-7e3ba7fc1999;377.38;0.294;SELL
2016-02-11T00:11:53.960000;2016-02-11T00:11:54.117000;643303c3-3ac9-43c6-b7d5-a97caa1dfebe;377.36;0.01;SELL
2016-02-11T00:11:53.960000;2016-02-11T00:11:54.117000;9bd28da2-348a-49ec-87d6-0f21ed2bde70;377.36;0.01;SELL
2016-02-11T00:11:53.960000;2016-02-11T00:11:54.117000;94b7f4e4-d606-4174-90ce-f533fe39d4c9;377.35;0.276;SELL
2016-02-11T00:11:53.960000;2016-02-11T00:11:54.117000;9e2d59fa-34c8-4802-8229-1029db885c0a;377.34;0.01;SELL
2016-02-11T00:11:53.963000;2016-02-11T00:11:54.117000;7d57968d-0977-4ee3-a28f-5829676f6f0e;377.34;0.01;SELL
2016-02-11T00:11:53.963000;2016-02-11T00:11:54.117000;417254b2-7c51-421e-b336-c11fa44e9e50;377.32;0.01;SELL
2016-02-11T00:11:53.963000;2016-02-11T00:11:54.130000;a335df94-d3ec-4c9e-8b70-7e412b59cdef;377.32;0.291;SELL
2016-02-11T00:11:53.963000;2016-02-11T00:11:54.130000;a032ac15-f2c5-4907-bca4-c406119cc0c5;377.29;0.294;SELL
2016-02-11T00:11:53.963000;2016-02-11T00:11:54.130000;906591ca-f078-4083-b475-4265ba97ae29;377.27;0.01;SELL
2016-02-11T00:11:53.963000;2016-02-11T00:11:54.130000;28a6d885-2096-4ecb-909b-b3a48f4f3783;377.26;0.311;SELL
2016-02-11T00:11:53.963000;2016-02-11T00:11:54.163000;892f0de3-dff8-43a6-885d-46d379c0b7ca;377.17;0.23;SELL
2016-02-11T00:11:53.963000;2016-02-11T00:11:54.163000;b4837784-fcde-4051-92c5-db6699720aa6;377.16;0.01;SELL
2016-02-11T00:11:53.963000;2016-02-11T00:11:54.163000;b2c7501f-4dda-446d-a206-7d37af8878e7;377.04;3.68;SELL
2016-02-11T00:11:53.963000;2016-02-11T00:11:54.163000;49208e2c-c9fe-4f95-b701-b98792ccab6a;377.03;0.01;SELL
2016-02-11T00:11:53.963000;2016-02-11T00:11:54.163000;7b5a414e-4a57-495c-b17f-1badae0fdfe6;377.03;0.5;SELL
2016-02-11T00:11:53.963000;2016-02-11T00:11:54.163000;d6dcfa96-8606-4fe4-aa3c-a147e51a3f35;377.01;3.68;SELL
2016-02-11T00:11:53.963000;2016-02-11T00:11:54.163000;6c7d9220-0b8a-4933-b3da-fb6482cea532;377.0;2.4667407;SELL
2016-02-11T00:12:01.750000;2016-02-11T00:12:01.787000;af9c088f-29aa-40a4-ae61-bfd2b8272264;377.65;0.25;BUY
2016-02-11T00:12:01.750000;2016-02-11T00:12:01.787000;9dc489ec-2382-42ba-afe9-feae0638ad4a;377.66;1.697;BUY
2016-02-11T00:12:01.750000;2016-02-11T00:12:01.787000;f5950fad-a7ba-46ac-80e9-eecdcffc0808;377.67;0.67153;BUY
2016-02-11T00:12:03.687000;2016-02-11T00:12:03.710000;338af9a5-a413-4d98-8a42-5ee03d3f8d5a;377.63;0.11;BUY
2016-02-11T00:13:01.357000;2016-02-11T00:13:01.367000;bcb29217-747e-49e4-b565-ae756a6672f5;377.52;0.166;SELL
2016-02-11T00:13:01.357000;2016-02-11T00:13:01.380000;f5c756bc-f7c9-4c8a-a47d-a20328321da2;377.52;0.02848;SELL
2016-02-11T00:13:31.670000;2016-02-11T00:13:31.677000;b0cf0723-24f7-40c1-bc24-ee399ea9cb04;377.53;0.25;BUY
2016-02-11T00:13:31.670000;2016-02-11T00:13:31.693000;50b59f36-b1ab-4999-9727-7d6422bbcf01;377.64;0.21264;BUY
2016-02-11T00:13:39.797000;2016-02-11T00:13:39.820000;88913ea9-dc5b-435a-bcd1-1ed4176e70e7;377.55;0.25;BUY
2016-02-11T00:14:01.590000;2016-02-11T00:14:01.600000;c73790bb-0c4d-4278-9a6f-622b879f6bb5;377.59;0.25;BUY
2016-02-11T00:14:01.590000;2016-02-11T00:14:01.600000;bd2d97f2-d4c2-4473-90ff-2e7635314b44;377.62;0.23;BUY
2016-02-11T00:14:01.590000;2016-02-11T00:14:01.617000;f63d6de4-de97-4712-82d8-dcb90a52e971;377.63;0.01;BUY
2016-02-11T00:14:01.590000;2016-02-11T00:14:01.617000;2d0d88b8-6767-4a14-9d5e-b9a5b421e5ae;377.64;0.23;BUY
2016-02-11T00:14:01.590000;2016-02-11T00:14:01.617000;9f5857a2-fada-47eb-bc8b-11278f6fb4d6;377.65;0.01;BUY
2016-02-11T00:14:01.593000;2016-02-11T00:14:01.677000;d4489974-eba7-467e-8fbe-e12dab3b70ca;377.65;0.23;BUY
2016-02-11T00:14:01.593000;2016-02-11T00:14:01.677000;84b5f0c0-83fc-43f7-b171-ab605a8c9791;377.66;0.01;BUY
2016-02-11T00:14:01.593000;2016-02-11T00:14:01.677000;d9f174d8-ea5c-4d35-a4df-6e736d3aa676;377.71;0.35553;BUY
2016-02-11T00:14:27.173000;2016-02-11T00:14:27.177000;06d7d3db-4fd9-4814-b7ea-20e5c3eef5b5;377.63;0.11;BUY
2016-02-11T00:14:31.510000;2016-02-11T00:14:31.523000;33f311b1-0408-4188-8bc4-40b7f958fef7;377.63;0.14;BUY
2016-02-11T00:14:31.510000;2016-02-11T00:14:31.537000;62595a3a-2651-4d6f-972a-3bce9a870f7a;377.67;0.01;BUY
2016-02-11T00:14:31.513000;2016-02-11T00:14:31.537000;5dfe0117-a342-449b-a171-cf5b2bb775a7;377.68;0.01;BUY
2016-02-11T00:14:31.513000;2016-02-11T00:14:31.537000;d9d8ab28-234e-4def-a5f3-2e191bc5fa8a;377.69;0.01;BUY
2016-02-11T00:14:31.513000;2016-02-11T00:14:31.553000;444f8e77-9383-4a75-9839-3902c9123d97;377.74;0.23;BUY
2016-02-11T00:14:31.513000;2016-02-11T00:14:31.553000;4bdb0f61-048a-417e-8ad7-e1b68afb9068;377.75;0.01;BUY
2016-02-11T00:14:31.513000;2016-02-11T00:14:31.553000;d8dc5fd6-b5bd-4b35-995f-5d801890230b;377.77;0.23;BUY
2016-02-11T00:14:31.513000;2016-02-11T00:14:31.553000;aacbfda7-7aee-4343-a79a-be30e2cf44dd;377.78;0.01;BUY
2016-02-11T00:14:31.513000;2016-02-11T00:14:31.553000;32fe21ec-8e7b-4a5f-8b50-e2ab4761310b;377.78;0.01;BUY
2016-02-11T00:14:31.513000;2016-02-11T00:14:31.553000;8fb3292d-8cbb-4608-ad5a-16ee5b160178;377.79;0.06667;BUY
2016-02-11T00:15:31.443000;2016-02-11T00:15:31.460000;9c19aeed-e2bb-4ce1-8685-7d4c22e3cd0b;377.71;0.25;BUY
2016-02-11T00:15:31.443000;2016-02-11T00:15:31.473000;ec69a435-e4fe-4231-8f37-d2c1f7f14cdd;377.71;1.0;BUY
2016-02-11T00:15:31.443000;2016-02-11T00:15:31.473000;6c669c32-df9e-45b5-ae31-5b31d937871e;377.75;0.01;BUY
2016-02-11T00:15:31.443000;2016-02-11T00:15:31.473000;9dc3a9fa-6a35-484d-9766-e56cbf6892f8;377.75;0.01;BUY
2016-02-11T00:15:31.443000;2016-02-11T00:15:31.473000;b60ded05-7daa-4108-91b8-8bdeaeacda8b;377.77;0.01;BUY
2016-02-11T00:15:31.443000;2016-02-11T00:15:31.553000;b58d0e14-b6b5-4945-8857-f385da1a1d48;377.77;0.01;BUY
2016-02-11T00:15:31.443000;2016-02-11T00:15:31.553000;3f8f4a02-97fb-442a-9f42-bdb4db4fdd67;377.8;0.01;BUY
2016-02-11T00:15:31.443000;2016-02-11T00:15:31.553000;59c62b13-6373-4345-ac78-2f485462764c;377.8;0.01;BUY
2016-02-11T00:15:31.443000;2016-02-11T00:15:31.553000;e14a7b44-660a-4767-9cd1-8221d02a076e;377.81;0.01;BUY
2016-02-11T00:15:31.443000;2016-02-11T00:15:31.553000;1d47b221-c183-4ceb-93a0-9c2e753758f9;377.82;0.01;BUY
2016-02-11T00:15:31.443000;2016-02-11T00:15:31.553000;1b10a6c8-e42f-4ff0-8603-a00fb18fb145;377.82;0.01;BUY
2016-02-11T00:15:31.443000;2016-02-11T00:15:31.553000;88b88c70-bdf3-4d39-b7e6-ed1128e8a5ae;377.82;0.01;BUY
2016-02-11T00:15:31.443000;2016-02-11T00:15:31.553000;20e3d08e-987b-4d0d-ae7b-55b754856713;377.83;0.01;BUY
2016-02-11T00:15:31.443000;2016-02-11T00:15:31.553000;9dcbd932-6241-4575-9d01-4df77b472199;377.85;0.01;BUY
2016-02-11T00:15:31.447000;2016-02-11T00:15:31.553000;ef4d9de3-2a29-48b7-85f5-87f0bf7f41d3;377.85;0.01;BUY
2016-02-11T00:15:31.447000;2016-02-11T00:15:31.553000;6be482f5-f747-4dc6-9749-1bb93d1d6baa;377.87;0.01;BUY
2016-02-11T00:15:31.447000;2016-02-11T00:15:31.553000;ef2abc33-f718-4542-a453-65e04c0abbd1;377.87;0.01;BUY
2016-02-11T00:15:31.447000;2016-02-11T00:15:31.553000;f2d9eca3-c584-4150-b124-890e1b58f21a;377.88;0.23;BUY
2016-02-11T00:15:31.447000;2016-02-11T00:15:31.553000;51582e18-1309-41e6-a55a-2ba27916e43c;377.89;0.01;BUY
2016-02-11T00:15:31.447000;2016-02-11T00:15:31.553000;c19dd9de-2a92-4058-ac7e-a2dcf79820a0;377.89;0.23;BUY
2016-02-11T00:15:31.447000;2016-02-11T00:15:31.553000;7c9410c6-422b-4c96-a491-12161b3a27d9;377.9;0.01;BUY
2016-02-11T00:15:31.447000;2016-02-11T00:15:31.553000;3753bf95-5c22-49aa-b6d9-aa79423ac051;377.91;0.21703;BUY
2016-02-11T00:15:42.423000;2016-02-11T00:15:42.443000;ad4d10f3-1a37-4724-a8d4-f9a0b172bd21;377.81;0.25;BUY
2016-02-11T00:15:42.423000;2016-02-11T00:15:42.443000;4f3d132c-d6b6-4c0d-a823-2378511e6938;377.85;0.01;BUY
2016-02-11T00:15:42.423000;2016-02-11T00:15:42.443000;d2a16090-1d06-4a53-ade9-344e680fcacc;377.85;0.01;BUY
2016-02-11T00:15:42.423000;2016-02-11T00:15:42.443000;a514fbda-d916-4a9e-a376-cd95d9c341d9;377.87;0.01;BUY
2016-02-11T00:15:42.423000;2016-02-11T00:15:42.443000;7183ad88-2517-464a-a7f5-07192f5009bb;377.87;0.01;BUY
2016-02-11T00:15:42.423000;2016-02-11T00:15:42.443000;b665ea04-2525-437f-9ba8-acdd96913b6e;377.89;0.01;BUY
2016-02-11T00:15:42.423000;2016-02-11T00:15:42.443000;1e70e8db-7e7e-45fb-a82f-446efe53c260;377.89;0.01;BUY
2016-02-11T00:15:42.423000;2016-02-11T00:15:42.443000;2dfaa16d-f881-4994-a57c-50fd1e9b9b43;377.91;0.23;BUY
2016-02-11T00:15:42.423000;2016-02-11T00:15:42.460000;adf509ed-52f7-4d01-91c3-94a537991bfe;377.92;0.01;BUY
2016-02-11T00:15:42.423000;2016-02-11T00:15:42.473000;dd373031-9c81-4fa2-8c37-610bb529091a;377.93;0.23;BUY
2016-02-11T00:15:42.423000;2016-02-11T00:15:42.473000;08a228db-b709-47a5-b1aa-c2045fe51f5f;377.94;0.01;BUY
2016-02-11T00:15:42.423000;2016-02-11T00:15:42.473000;d1c55363-b8ef-48ef-a586-1ce44e54c087;377.95;0.23;BUY
2016-02-11T00:15:42.423000;2016-02-11T00:15:42.473000;db0cf165-a326-4cb5-9aa3-a810df7c814c;377.96;0.01;BUY
2016-02-11T00:15:42.423000;2016-02-11T00:15:42.473000;d3096703-ed21-45d1-9a68-5234eee5796f;377.97;0.69;BUY
2016-02-11T00:15:42.423000;2016-02-11T00:15:42.473000;a32702b9-4c7a-4ee3-9a38-b9a0144cf174;377.98;0.01;BUY
2016-02-11T00:15:42.423000;2016-02-11T00:15:42.490000;0f9f4683-ea6a-4214-bacd-23882093703e;377.99;0.92;BUY
2016-02-11T00:15:42.423000;2016-02-11T00:15:42.490000;3989b869-bfe0-4f9e-b1bd-8f972fc99fd2;378.0;0.01;BUY
2016-02-11T00:15:42.427000;2016-02-11T00:15:42.490000;5417b70f-afc3-4278-8742-9a30d68a0873;378.0;0.01;BUY
2016-02-11T00:15:42.427000;2016-02-11T00:15:42.490000;bc1c38df-eb2b-48fc-8ad4-107447465bc9;378.0;0.01;BUY
2016-02-11T00:15:42.427000;2016-02-11T00:15:42.490000;c79a7262-1a2f-4ffc-93fa-7f931c103c87;378.0;1.0;BUY
2016-02-11T00:15:42.427000;2016-02-11T00:15:42.490000;feb53234-c199-407f-ba0e-dccee5b3eefe;378.02;0.01;BUY
2016-02-11T00:15:42.427000;2016-02-11T00:15:42.490000;f1f6577b-a3f9-43c5-a347-f23418207357;378.02;0.01;BUY
2016-02-11T00:15:42.427000;2016-02-11T00:15:42.507000;a0d268a8-1b08-4a40-959a-4c52cc9b8885;378.02;0.01;BUY
2016-02-11T00:15:42.427000;2016-02-11T00:15:42.507000;666ec4b8-66a7-4e74-9323-27ac11b18e43;378.03;0.01;BUY
2016-02-11T00:15:42.427000;2016-02-11T00:15:42.507000;a919698d-4476-45d2-8513-09c8415962a2;378.04;0.01;BUY
2016-02-11T00:15:42.427000;2016-02-11T00:15:42.507000;9e15ef1d-2379-41f7-999d-bf3681a67aef;378.04;0.01;BUY
2016-02-11T00:15:42.427000;2016-02-11T00:15:42.507000;69dff39e-640e-4e82-825c-e13ae8c69018;378.04;0.01;BUY
2016-02-11T00:15:42.427000;2016-02-11T00:15:42.507000;b8646b8d-8d55-42f6-ad47-9979b32f2c38;378.04;0.23;BUY
2016-02-11T00:15:42.427000;2016-02-11T00:15:42.507000;ef2d2d96-3216-4ce0-bad7-e1c8971d087f;378.05;0.01;BUY
2016-02-11T00:15:42.427000;2016-02-11T00:15:42.507000;6424eb5c-2d27-4d93-9d55-41b6823f3a6c;378.05;0.23;BUY
2016-02-11T00:15:42.427000;2016-02-11T00:15:42.507000;e1fa2e67-024d-43f3-88ff-ff529c36dd58;378.06;0.01;BUY
2016-02-11T00:15:42.427000;2016-02-11T00:15:42.507000;c37d2ab5-9a49-4594-bb51-02f2ea03ce8f;378.06;0.01;BUY
2016-02-11T00:15:42.427000;2016-02-11T00:15:42.507000;b0bb823f-0b1c-4987-9be7-3dabbb11b936;378.06;1.15;BUY
2016-02-11T00:15:42.427000;2016-02-11T00:15:42.507000;81f1e67c-c8ba-4f60-9abf-a1d7b6712412;378.07;0.01;BUY
2016-02-11T00:15:42.427000;2016-02-11T00:15:42.507000;811526b1-ffbd-447c-9c67-0beaa9d7b741;378.08;1.6;BUY
2016-02-11T00:16:02.033000;2016-02-11T00:16:02.037000;c19d9bc4-11cc-4c72-b1ce-8d0ebe737824;377.93;0.01;BUY
2016-02-11T00:16:02.033000;2016-02-11T00:16:02.053000;3c168f72-85c3-4373-a2fd-b0a5416b2b78;377.93;0.01;BUY
2016-02-11T00:16:02.033000;2016-02-11T00:16:02.053000;83c51d05-b18f-47b1-9532-b13c4fa81ef3;377.95;0.01;BUY
2016-02-11T00:16:02.033000;2016-02-11T00:16:02.053000;ce357311-15ed-49ea-81dd-ab5c10f5e3bc;377.96;0.25;BUY
2016-02-11T00:16:02.033000;2016-02-11T00:16:02.083000;d3d9e34a-49fd-49e7-9cf0-7920ad119250;378.06;0.01;BUY
2016-02-11T00:16:02.033000;2016-02-11T00:16:02.083000;0aac9d98-a966-482b-9cad-5b1f611ead89;378.06;0.01;BUY
2016-02-11T00:16:02.033000;2016-02-11T00:16:02.100000;61dc4e41-ae4d-4add-8ebb-6fd9c8ad2f82;378.09;0.05;BUY
2016-02-11T00:16:02.033000;2016-02-11T00:16:02.100000;dda304f3-e545-4729-84b6-11f9041b5b0a;378.09;0.05;BUY
2016-02-11T00:16:02.033000;2016-02-11T00:16:02.100000;33613043-d11a-4f56-aeb1-78b6e1a12241;378.09;0.05;BUY
2016-02-11T00:16:02.033000;2016-02-11T00:16:02.130000;93af6cb3-6484-464b-b86b-fb6b7cb7305c;378.09;0.05;BUY
2016-02-11T00:16:02.033000;2016-02-11T00:16:02.130000;6ea6c8bb-e1e6-48ea-9734-4af6468b1f44;378.09;0.05;BUY
2016-02-11T00:16:02.037000;2016-02-11T00:16:02.130000;81a04b6d-bf9d-4b57-a190-822f0b7a3b81;378.09;0.05;BUY
2016-02-11T00:16:02.037000;2016-02-11T00:16:02.130000;1a672b9b-be84-42eb-a63e-0af83427bb82;378.09;0.05;BUY
2016-02-11T00:16:02.037000;2016-02-11T00:16:02.130000;ac946403-28ac-476f-be03-6497ce57c0e3;378.09;0.04293;BUY
2016-02-11T00:16:31.510000;2016-02-11T00:16:31.507000;2d499e49-669f-42df-b067-059f26765939;378.05;0.01;BUY
2016-02-11T00:16:31.510000;2016-02-11T00:16:31.523000;3e3782d9-6b2b-4507-99be-811d874089ad;378.05;0.01;BUY
2016-02-11T00:16:31.510000;2016-02-11T00:16:31.523000;ba7c42ca-2c9d-4599-9239-5ae196725e42;378.07;0.01;BUY
2016-02-11T00:16:31.510000;2016-02-11T00:16:31.523000;a663bb96-82c0-41b9-8ea2-8e8f620c7f73;378.08;0.07017;BUY
2016-02-11T00:16:50.340000;2016-02-11T00:16:50.350000;93a2b0fc-218e-4a75-a20c-5b9950c8bb54;378.08;0.11;BUY
2016-02-11T00:17:01.710000;2016-02-11T00:17:01.723000;8f79ad5b-9537-409e-b846-d94d4c516891;378.01;0.0503;SELL
2016-02-11T00:17:01.713000;2016-02-11T00:17:01.723000;e99a90d2-ed6f-4e3b-91f4-fa060c3cf3ac;378.01;0.02;SELL
2016-02-11T00:17:01.713000;2016-02-11T00:17:01.723000;574194e0-c64b-409e-a4ab-7516e4f318ea;378.01;0.03699;SELL
2016-02-11T00:17:19.443000;2016-02-11T00:17:19.443000;76e8d7fa-f252-4267-a44c-9694c95bd2c8;378.05;0.01;BUY
2016-02-11T00:17:19.443000;2016-02-11T00:17:19.460000;cc04b584-510f-4c82-a8d4-b9096f003b2c;378.08;0.06983;BUY
2016-02-11T00:17:19.443000;2016-02-11T00:17:19.473000;a49c498a-0ba1-408d-a334-75ece85cbb80;378.08;0.01717;BUY
2016-02-11T00:17:19.450000;2016-02-11T00:17:19.473000;e45505cb-af61-43a6-8aef-c761aa1e16d0;378.08;0.00283;BUY
2016-02-11T00:17:19.450000;2016-02-11T00:17:19.473000;b774b3a0-d568-46c0-a923-013e6cffb429;378.09;0.00707;BUY
2016-02-11T00:17:19.450000;2016-02-11T00:17:19.473000;ed9aebb7-0566-47ee-acaa-da8536983a5d;378.09;0.0423;BUY
2016-02-11T00:17:19.460000;2016-02-11T00:17:19.537000;e9956a4f-65d0-445d-9fd8-f1e13bdb9863;378.09;0.0077;BUY
2016-02-11T00:17:19.460000;2016-02-11T00:17:19.537000;f2fe4546-0b24-4d95-a026-6c669173d93a;378.09;0.05;BUY
2016-02-11T00:17:19.460000;2016-02-11T00:17:19.537000;703f84b4-61ce-473c-9a48-1d1ef8777f94;378.09;0.05;BUY
2016-02-11T00:17:19.463000;2016-02-11T00:17:19.537000;36e32afd-f27b-44a9-b9ba-ca4edf87c28c;378.09;0.0303;BUY
2016-02-11T00:17:19.467000;2016-02-11T00:17:19.553000;000c44f8-58d4-4d2a-9568-5586497f01d7;378.09;0.0197;BUY
2016-02-11T00:17:19.467000;2016-02-11T00:17:19.553000;9e9287ed-da04-41cb-a4f8-2ac268cbf56f;378.09;0.05;BUY
2016-02-11T00:17:19.467000;2016-02-11T00:17:19.553000;8dbb759d-ccde-4b15-975c-a47ac76a18ef;378.09;0.0131;BUY
2016-02-11T00:17:34.113000;2016-02-11T00:17:34.117000;f1a7a19a-d600-4853-a251-ca234383ac9a;378.08;0.25;BUY
2016-02-11T00:17:34.113000;2016-02-11T00:17:34.130000;29197383-edbc-473e-93e0-4d050c25a2a4;378.08;0.02;BUY
2016-02-11T00:17:34.113000;2016-02-11T00:17:34.130000;141c3b8c-01da-4361-88b8-317808699dc6;378.09;0.0269;BUY
2016-02-11T00:17:34.113000;2016-02-11T00:17:34.130000;09f65750-e0de-43e0-91af-e5a55f64e137;378.1;0.03910959;BUY
2016-02-11T00:17:34.117000;2016-02-11T00:17:34.130000;25b2a4c1-3f08-4f1b-ba03-9c82b79717da;378.11;0.03820262;BUY
2016-02-11T00:17:34.117000;2016-02-11T00:17:34.223000;993a9c68-c9e1-41a9-8111-c8477bb207c2;378.12;0.018769;BUY
2016-02-11T00:17:34.117000;2016-02-11T00:17:34.223000;23ee56a0-2952-4a21-85d2-25557fb72674;378.13;0.01;BUY
2016-02-11T00:17:34.117000;2016-02-11T00:17:34.223000;f262d6c9-a2e0-4576-a8ca-70dcffb721c5;378.14;0.01;BUY
2016-02-11T00:17:34.117000;2016-02-11T00:17:34.223000;34a6c6f0-305e-4452-9241-d881f87451af;378.17;0.01;BUY
2016-02-11T00:17:34.117000;2016-02-11T00:17:34.223000;30649294-a7e5-4b55-9041-47f3d4f04dea;378.2;0.00935879;BUY
2016-02-11T00:17:40.890000;2016-02-11T00:17:40.897000;8cb85ba8-aca1-49cb-b123-15aaa8c5fed1;378.09;0.0503;SELL
2016-02-11T00:17:40.890000;2016-02-11T00:17:40.913000;d9692d3b-5108-4e98-8657-90ca84ff3487;378.08;0.01;SELL
2016-02-11T00:17:40.890000;2016-02-11T00:17:40.913000;b4382617-b132-4d9f-b082-bddc443167cd;378.08;0.01;SELL
2016-02-11T00:17:40.890000;2016-02-11T00:17:40.913000;030820d2-815b-4ea3-8e7b-f5a6d3a344bb;378.06;0.01;SELL
2016-02-11T00:17:40.893000;2016-02-11T00:17:40.913000;4a125f39-75db-4021-923a-e9c8091c83cc;378.06;0.01;SELL
2016-02-11T00:17:40.893000;2016-02-11T00:17:41.007000;ffbe87f8-3284-4220-878a-21b17fea3074;378.04;0.01;SELL
2016-02-11T00:17:40.893000;2016-02-11T00:17:41.007000;e16c1377-b3fa-4a77-ad7c-2a5066009144;378.04;0.01;SELL
2016-02-11T00:17:40.893000;2016-02-11T00:17:41.007000;7420d734-0773-4c04-8bbf-d180975bb477;378.01;0.25;SELL
2016-02-11T00:17:40.893000;2016-02-11T00:17:41.007000;7eaeae99-59c3-46dc-a186-2b42cd84f195;378.0;0.0115;SELL
2016-02-11T00:17:40.893000;2016-02-11T00:17:41.007000;c1b3e599-ad8d-4645-b373-e8d7bf96ccfc;377.99;0.098316;SELL
2016-02-11T00:17:40.893000;2016-02-11T00:17:41.007000;16e21121-3f22-453b-9bc7-6521f7454bad;377.98;0.05774;SELL
2016-02-11T00:17:40.893000;2016-02-11T00:17:41.007000;c2cc0ebe-7452-42f1-886b-84345b22211e;377.97;0.0183024;SELL
2016-02-11T00:17:40.893000;2016-02-11T00:17:41.007000;d248ca3f-01ce-4b28-94e5-d4bc7f45fb94;377.96;0.01;SELL
2016-02-11T00:17:40.893000;2016-02-11T00:17:41.007000;db83a3b1-ca10-4218-b6bd-6d0f434b535f;377.96;0.01;SELL
2016-02-11T00:17:40.893000;2016-02-11T00:17:41.007000;12560b83-ba12-44c3-85b3-c5e7a7a47b81;377.96;0.01;SELL
2016-02-11T00:17:40.893000;2016-02-11T00:17:41.023000;6e813542-c579-49ce-8de7-57ac1875165f;377.94;0.01;SELL
2016-02-11T00:17:40.893000;2016-02-11T00:17:41.023000;27b72a0a-746c-49a8-9f3d-5fefd16586ff;377.93;0.23264188;SELL
2016-02-11T00:17:40.893000;2016-02-11T00:17:41.023000;b09f7e8d-586f-4a3a-afdf-ba8ef725bf1e;377.86;0.06444766;SELL
2016-02-11T00:17:40.893000;2016-02-11T00:17:41.023000;906be745-4f03-4df9-9930-febfe240111b;377.85;0.01;SELL
2016-02-11T00:17:40.893000;2016-02-11T00:17:41.023000;a7411832-759b-4d9c-95a2-cd6e1b3c444f;377.85;0.01;SELL
2016-02-11T00:17:40.893000;2016-02-11T00:17:41.023000;2e1f760c-8d4e-49b5-9a6a-44292c9ea355;377.83;0.01;SELL
2016-02-11T00:17:40.897000;2016-02-11T00:17:41.023000;94d16de9-21b5-4ccd-b41a-97af95a39ce5;377.83;0.01;SELL
2016-02-11T00:17:40.897000;2016-02-11T00:17:41.023000;7ec36ebd-931b-4526-ac51-946c7ca00f3c;377.81;0.01;SELL
2016-02-11T00:17:40.897000;2016-02-11T00:17:41.023000;070a75f8-a8cf-411c-96b5-98420d27659e;377.76;0.01;SELL
2016-02-11T00:17:40.897000;2016-02-11T00:17:41.023000;3d95cde4-bd30-4c9c-8676-c87c96aaf657;377.76;0.01;SELL
2016-02-11T00:17:40.897000;2016-02-11T00:17:41.023000;712cecfb-df76-4f1f-a921-485ba20c2e14;377.74;0.01;SELL
2016-02-11T00:17:40.897000;2016-02-11T00:17:41.023000;ef616c7c-3272-44e0-b09d-d145d8d8ec13;377.74;0.01;SELL
2016-02-11T00:17:40.897000;2016-02-11T00:17:41.023000;3dce63c2-e2c3-4d32-bb92-8d1f50e551d0;377.72;0.01;SELL
2016-02-11T00:17:40.897000;2016-02-11T00:17:41.023000;8788be0b-a3c9-4e10-badb-9b7342deb481;377.72;0.01;SELL
2016-02-11T00:17:40.897000;2016-02-11T00:17:41.023000;2983a9e7-99ea-40cb-aa72-4ae623c955a6;377.71;0.01;SELL
2016-02-11T00:17:40.897000;2016-02-11T00:17:41.037000;463da099-d931-4429-acaf-57f6408b2863;377.66;0.01;SELL
2016-02-11T00:17:40.897000;2016-02-11T00:17:41.037000;f7050c7e-83dc-4b3f-a4dc-caf6ebc3ae9d;377.66;0.01;SELL
2016-02-11T00:17:40.897000;2016-02-11T00:17:41.037000;ae516e70-6160-43e9-af52-a86d7d751e77;377.64;0.01;SELL
2016-02-11T00:17:40.897000;2016-02-11T00:17:41.037000;a99727e7-6d68-4bff-9fca-a40330f68c63;377.64;0.01;SELL
2016-02-11T00:17:40.897000;2016-02-11T00:17:41.037000;c47206e7-9735-481a-9672-deaf1f112aff;377.61;0.01;SELL
2016-02-11T00:17:40.897000;2016-02-11T00:17:41.037000;22ad1be8-07f2-4c99-9636-2ec96eadacdd;377.59;0.01;SELL
2016-02-11T00:17:40.897000;2016-02-11T00:17:41.037000;401d5cbe-0200-4172-9bfa-23ae4d04fd52;377.59;0.01;SELL
2016-02-11T00:17:40.897000;2016-02-11T00:17:41.037000;66cc43f9-954d-4aa4-bb8b-1b2a259d371b;377.52;0.124;SELL
2016-02-11T00:17:40.900000;2016-02-11T00:17:41.037000;fa1e5755-5ae4-4951-afff-0216ccbb6ba2;377.48;0.01;SELL
2016-02-11T00:17:40.900000;2016-02-11T00:17:41.037000;15c235e3-b40a-413a-88cc-01ae77fd6753;377.47;0.06832709;SELL
2016-02-11T00:17:40.900000;2016-02-11T00:17:41.037000;7b86a758-f012-49d3-9d7b-bab7d869ee21;377.42;0.69;SELL
2016-02-11T00:17:40.900000;2016-02-11T00:17:41.037000;943dc3e7-a1a8-47ca-bcf8-7f192c0fb749;377.41;1.0;SELL
2016-02-11T00:17:40.900000;2016-02-11T00:17:41.037000;bd6055c0-6f09-4caa-bb91-ba92eaf1b5db;377.28;1.38;SELL
2016-02-11T00:17:40.900000;2016-02-11T00:17:41.037000;75218444-140a-441a-b4ff-f3729c64352c;377.27;0.01;SELL
2016-02-11T00:17:40.900000;2016-02-11T00:17:41.037000;ae8ef5f7-5206-4f88-8238-3560c50c16ce;377.17;1.9266;SELL
2016-02-11T00:17:40.900000;2016-02-11T00:17:41.083000;fdeb9996-a9bf-47b0-816a-c7c8d429ef49;377.16;2.53;SELL
2016-02-11T00:17:40.900000;2016-02-11T00:17:41.100000;e4fecc37-3cb5-42f3-99f7-00a87353474b;377.12;1.15;SELL
2016-02-11T00:17:40.900000;2016-02-11T00:17:41.100000;97b6bea3-8c66-4a11-bb69-a251362cea44;377.11;1.0;SELL
2016-02-11T00:17:40.900000;2016-02-11T00:17:41.100000;e3cc429d-c868-42fa-a17b-dde17e5a541e;377.08;0.92;SELL
2016-02-11T00:17:40.900000;2016-02-11T00:17:41.100000;6fb21b64-16f6-4b8e-b085-18fc88a3634b;377.07;0.01;SELL
2016-02-11T00:17:40.900000;2016-02-11T00:17:41.100000;23801927-c87b-4586-8ac5-5962637f6853;377.07;0.92;SELL
2016-02-11T00:17:40.900000;2016-02-11T00:17:41.100000;22c122b3-0e8d-4597-8f8c-52f4ae815df6;377.06;0.01;SELL
2016-02-11T00:17:40.900000;2016-02-11T00:17:41.100000;cde9aab1-d8dd-495b-b9f7-5ac302bcbe2b;377.06;0.5;SELL
2016-02-11T00:17:40.900000;2016-02-11T00:17:41.100000;9f13c868-04a1-4802-b15c-d1c787f636b9;377.06;0.46;SELL
2016-02-11T00:17:40.900000;2016-02-11T00:17:41.100000;0e26b850-4616-404b-a0af-d95ee9c9f65b;377.05;0.5;SELL
2016-02-11T00:17:40.903000;2016-02-11T00:17:41.100000;bb6f02eb-9e13-46e5-aed3-328ecc2c4d9c;377.05;0.38;SELL
2016-02-11T00:17:40.903000;2016-02-11T00:17:41.100000;1d29bc24-4f4c-4737-bf66-0a082835c6d9;377.04;0.01;SELL
2016-02-11T00:17:40.903000;2016-02-11T00:17:41.100000;7cf0bbcd-422a-4b59-89f7-3f54bfeda295;377.04;0.01;SELL
2016-02-11T00:17:40.903000;2016-02-11T00:17:41.100000;926bef07-e342-4cdb-ac56-9e061f911643;377.04;0.23;SELL
2016-02-11T00:17:40.903000;2016-02-11T00:17:41.100000;4725ce0b-a9de-463e-8bde-0b05def7d4fc;377.03;3.08782497;SELL
2016-02-11T00:17:42.540000;2016-02-11T00:17:42.583000;8f9ddac2-6878-44cb-af6a-8ec7ead0d609;377.96;0.01;BUY
2016-02-11T00:17:42.540000;2016-02-11T00:17:42.583000;f1dffd65-51c7-4811-9a43-072fe2a88a9c;377.98;0.01;BUY
2016-02-11T00:17:42.540000;2016-02-11T00:17:42.583000;cef4c241-8d91-49cc-a04c-64184c7f09ba;377.98;0.01;BUY
2016-02-11T00:17:42.540000;2016-02-11T00:17:42.583000;7e18efc1-435d-4113-b347-8cdb05ce0ffc;377.98;0.20217477;BUY
2016-02-11T00:17:42.567000;2016-02-11T00:17:42.617000;5cfd4338-bac3-48bd-9922-544afe58cb79;377.98;0.02406281;BUY
2016-02-11T00:18:04.400000;2016-02-11T00:18:04.397000;335218b0-72bb-40e8-9b7d-5e5d129989e6;377.89;0.0248;SELL
2016-02-11T00:18:39.027000;2016-02-11T00:18:39.053000;fd2ac0e8-e62a-4968-a261-9e95695421b7;377.9;0.25;BUY
2016-02-11T00:18:39.027000;2016-02-11T00:18:39.083000;1de8a16b-50bf-4d92-90f2-c6d5b54b8ce4;377.94;0.01;BUY
2016-02-11T00:18:39.027000;2016-02-11T00:18:39.083000;a3f73214-cd0a-4aa7-9341-af41db9bc6c0;377.94;0.01;BUY
2016-02-11T00:18:39.027000;2016-02-11T00:18:39.083000;a0a4afc7-cc6f-45e4-a892-cbac9159dc71;377.96;0.01;BUY
2016-02-11T00:18:39.027000;2016-02-11T00:18:39.083000;84741205-aa61-443b-b3c2-887835705e7c;378.0;0.01;BUY
2016-02-11T00:18:39.027000;2016-02-11T00:18:39.083000;bad2ac81-25ab-4b42-a98c-2ae36ebd7d63;378.0;0.01;BUY
2016-02-11T00:18:39.027000;2016-02-11T00:18:39.083000;ba9718b8-2d74-455b-9ba7-1dfb387780dc;378.02;0.01;BUY
2016-02-11T00:18:39.027000;2016-02-11T00:18:39.083000;d2400e14-663b-4187-bff7-8b75667e2330;378.02;0.01;BUY
2016-02-11T00:18:39.027000;2016-02-11T00:18:39.083000;a9f982f4-bc07-4883-8e6e-8dc0e30f9bcd;378.04;0.01;BUY
2016-02-11T00:18:39.027000;2016-02-11T00:18:39.083000;02c579b4-fab3-4d7c-aaf7-d77634715821;378.04;0.01;BUY
2016-02-11T00:18:39.030000;2016-02-11T00:18:39.083000;f708b7f5-b34b-40e1-a535-d3c38879cb6a;378.05;0.01;BUY
2016-02-11T00:18:39.030000;2016-02-11T00:18:39.083000;565e64bc-2edd-4b51-a0ce-f7e32ee88a45;378.06;0.01;BUY
2016-02-11T00:18:39.030000;2016-02-11T00:18:39.083000;664bf251-62cd-4b32-9981-da67f81e458f;378.06;0.01;BUY
2016-02-11T00:18:39.030000;2016-02-11T00:18:39.083000;6c3ebdd7-8835-444f-9d11-64e95a2197c3;378.06;0.01;BUY
2016-02-11T00:18:39.030000;2016-02-11T00:18:39.083000;ed3c1394-d226-49bb-b636-e0e849d19d12;378.07;0.01;BUY
2016-02-11T00:18:39.030000;2016-02-11T00:18:39.083000;da92f2b3-9504-4b4c-8800-8a61da4d79ef;378.07;0.01;BUY
2016-02-11T00:18:39.030000;2016-02-11T00:18:39.083000;00f5ffb6-db2e-4ea6-bb0f-91363306dc9b;378.08;0.01;BUY
2016-02-11T00:18:39.030000;2016-02-11T00:18:39.083000;dc1b924e-0e73-47b2-bb6b-97cc704337bb;378.08;0.01;BUY
2016-02-11T00:18:39.030000;2016-02-11T00:18:39.083000;bcf29007-e153-43e5-94b5-c260d9820baa;378.08;0.01;BUY
2016-02-11T00:18:39.030000;2016-02-11T00:18:39.083000;81565daa-338a-461c-904e-c975f8c1eccb;378.08;0.23;BUY
2016-02-11T00:18:39.030000;2016-02-11T00:18:39.083000;b0f46f98-8bcf-43cf-ba7f-1e992aadb62f;378.09;0.01;BUY
2016-02-11T00:18:39.030000;2016-02-11T00:18:39.100000;fa099a46-1765-49b2-b594-882d17372b37;378.09;0.23;BUY
2016-02-11T00:18:39.030000;2016-02-11T00:18:39.100000;6d07887b-3e51-4acc-9d8e-749c4971b415;378.1;0.01;BUY
2016-02-11T00:18:39.030000;2016-02-11T00:18:39.117000;e86b2acf-fbce-463d-b162-8513080aa946;378.1;0.01;BUY
2016-02-11T00:18:39.030000;2016-02-11T00:18:39.130000;ba150cea-3a0c-493a-a7d8-3c67a07c1a3c;378.11;0.46;BUY
2016-02-11T00:18:39.030000;2016-02-11T00:18:39.130000;8bd41da1-79dd-421e-928f-e43960a3a6cc;378.12;0.01;BUY
2016-02-11T00:18:39.030000;2016-02-11T00:18:39.130000;a9bbe4e8-d432-4336-838b-5acb2fe8a2d5;378.12;0.01;BUY
2016-02-11T00:18:39.030000;2016-02-11T00:18:39.130000;60ab36ed-388a-44d2-a481-6ac1749b3966;378.13;0.69;BUY
2016-02-11T00:18:39.030000;2016-02-11T00:18:39.130000;997d4dd2-445a-4e28-81d1-4378cd6f005a;378.14;0.01;BUY
2016-02-11T00:18:39.030000;2016-02-11T00:18:39.130000;e7890b09-2144-4084-a464-1d0a6da54c18;378.14;0.01;BUY
2016-02-11T00:18:39.033000;2016-02-11T00:18:39.130000;b7b236e0-3d0d-4636-ae00-5013d1112227;378.14;0.01;BUY
2016-02-11T00:18:39.033000;2016-02-11T00:18:39.130000;7d9c58f2-cc1c-4aee-9a59-37b7e720eab8;378.14;0.23896;BUY
2016-02-11T00:18:41.100000;2016-02-11T00:18:41.100000;0da4f8e6-eda3-4445-9b45-ede6b191e5fc;378.0;0.0503;SELL
2016-02-11T00:18:41.100000;2016-02-11T00:18:41.117000;c28e3200-5003-4d3f-adc6-133ab259c873;377.99;0.01;SELL
2016-02-11T00:18:41.100000;2016-02-11T00:18:41.117000;d5d18fe7-a166-492c-a807-1c4dbe2f153a;377.97;0.01;SELL
2016-02-11T00:18:41.100000;2016-02-11T00:18:41.117000;8b9d4157-a182-4d56-a53a-9d932416873e;377.97;0.01;SELL
2016-02-11T00:18:41.100000;2016-02-11T00:18:41.117000;8c03ce40-e2be-405c-9929-fdf1e4db6372;377.95;0.01;SELL
2016-02-11T00:18:41.100000;2016-02-11T00:18:41.117000;892c33cb-7cfc-43f0-8a5d-d746f9b0a1ba;377.95;0.01;SELL
2016-02-11T00:18:41.100000;2016-02-11T00:18:41.117000;0b9db38f-b6cb-4320-932b-bfd559023c22;377.95;0.02;SELL
2016-02-11T00:18:41.100000;2016-02-11T00:18:41.130000;33b64ce7-4374-4afa-a5a5-1285a9441d42;377.94;0.3;SELL
2016-02-11T00:18:41.100000;2016-02-11T00:18:41.130000;c21cf0c1-1736-4dfc-aff1-f2819d04ff16;377.93;0.01;SELL
2016-02-11T00:18:41.100000;2016-02-11T00:18:41.130000;193bd581-ef10-4576-914b-135ddfda8488;377.91;0.01;SELL
2016-02-11T00:18:41.103000;2016-02-11T00:18:41.130000;90078a08-e4bb-41dc-9a8b-c80c221aae40;377.91;0.01;SELL
2016-02-11T00:19:01.727000;2016-02-11T00:19:01.740000;c9cec357-994c-4e38-8232-e74a3076d368;377.88;0.01;SELL
2016-02-11T00:19:01.727000;2016-02-11T00:19:01.740000;30b4d6bd-4200-4c1a-9c11-1eb51902e871;377.87;0.0471536;SELL
2016-02-11T00:19:01.727000;2016-02-11T00:19:01.740000;b196e1c2-a39e-4e16-8685-e421d57676ad;377.86;0.01;SELL
2016-02-11T00:19:01.727000;2016-02-11T00:19:01.757000;cce5bc7a-a656-451b-a2a3-85ea89f341e6;377.86;0.01;SELL
2016-02-11T00:19:01.727000;2016-02-11T00:19:01.757000;cbec0e2e-3f32-4880-9a43-19f79ed87a98;377.85;0.11958566;SELL
2016-02-11T00:19:01.727000;2016-02-11T00:19:01.757000;6d091e21-cd9e-4002-9647-aaf545afb9a6;377.84;0.01;SELL
2016-02-11T00:19:01.730000;2016-02-11T00:19:01.757000;1561f342-2318-49b7-81d9-3a58a5c9f4c4;377.84;0.01;SELL
2016-02-11T00:19:01.730000;2016-02-11T00:19:01.757000;55b00950-be2f-40b4-a85b-c8d9fda78e8d;377.83;0.3214085;SELL
2016-02-11T00:19:01.730000;2016-02-11T00:19:01.757000;15b292ed-6462-404c-9f46-ddac5eda28f3;377.82;0.01;SELL
2016-02-11T00:19:01.730000;2016-02-11T00:19:01.757000;09c1ec7f-1a50-42b6-b93e-ff054dfff1ac;377.82;0.01;SELL
2016-02-11T00:19:01.730000;2016-02-11T00:19:01.757000;6ba31b81-b9fc-4e11-82a0-e850e418cff1;377.81;0.18075;SELL
2016-02-11T00:19:01.730000;2016-02-11T00:19:01.773000;4ec01513-ea4c-4189-8856-942c9ae4890b;377.8;0.01;SELL
2016-02-11T00:19:01.730000;2016-02-11T00:19:01.850000;007f686f-99ff-49c3-bdd1-459e22d7e979;377.8;0.01;SELL
2016-02-11T00:19:01.730000;2016-02-11T00:19:01.850000;172d488a-f5ee-4208-90e0-89ad099ea6b3;377.8;0.099;SELL
2016-02-11T00:19:01.730000;2016-02-11T00:19:01.850000;1592c7b9-b3c5-498b-97b2-1ee7ee9530a8;377.79;0.0891;SELL
2016-02-11T00:19:01.730000;2016-02-11T00:19:01.850000;11322a31-651c-46d7-b726-f9e100cb4de2;377.78;0.01;SELL
2016-02-11T00:19:01.730000;2016-02-11T00:19:01.850000;bd363d23-e568-4f1d-8a2a-bdf2fd53598c;377.78;0.01;SELL
2016-02-11T00:19:01.730000;2016-02-11T00:19:01.850000;c1bfc835-1a22-4434-a151-8804a516b58b;377.77;0.05950224;SELL
2016-02-11T00:19:31.737000;2016-02-11T00:19:31.770000;5515a46c-0223-434b-aa86-8c4b24c88836;377.8;0.02747;BUY
2016-02-11T00:20:01.910000;2016-02-11T00:20:01.957000;fead9d52-e2a9-4324-9e4d-f58716066bb3;377.8;0.22253;BUY
2016-02-11T00:20:01.910000;2016-02-11T00:20:01.973000;8b2ec86e-694d-4e23-b41a-2db71126aeae;377.8;0.23;BUY
2016-02-11T00:20:01.910000;2016-02-11T00:20:01.973000;11a91a2b-8f33-4633-b17a-2843f1c01a46;377.81;0.21;BUY
2016-02-11T00:20:01.910000;2016-02-11T00:20:01.973000;65ea5f36-0e9c-4aab-ab58-c1e570faeb80;377.82;0.23;BUY
2016-02-11T00:20:01.910000;2016-02-11T00:20:01.973000;6bd48de7-98c7-4ca6-aeda-a7a37d6572bc;377.83;0.163;BUY
2016-02-11T00:20:01.910000;2016-02-11T00:20:01.973000;c22e9ffa-4cc5-4ff0-a7a8-8e104e0c516e;377.85;0.23;BUY
2016-02-11T00:20:01.910000;2016-02-11T00:20:01.973000;16b31adb-d8ee-4db4-a25b-984d1795a60b;377.86;0.145;BUY
2016-02-11T00:20:01.910000;2016-02-11T00:20:01.973000;1835e75c-9811-4d72-926b-9b5d73d6910f;377.87;0.01;BUY
2016-02-11T00:20:01.910000;2016-02-11T00:20:01.987000;846164ea-a2ee-4861-99bb-b621d898632e;377.87;0.01;BUY
2016-02-11T00:20:01.910000;2016-02-11T00:20:01.987000;2ee3b981-a721-47a4-bb74-9d612e0045e9;377.88;0.23;BUY
2016-02-11T00:20:01.910000;2016-02-11T00:20:01.987000;f656a4a2-3086-40d2-be52-078f9ccede4a;377.89;0.10132;BUY
2016-02-11T00:20:21.937000;2016-02-11T00:20:21.987000;4b706157-e6dd-420c-9622-8fae3c31996c;377.83;0.07;BUY
2016-02-11T00:20:31.920000;2016-02-11T00:20:31.957000;734f65ef-ddb1-4e3a-86bf-b87fc85533ce;377.83;0.18;BUY
2016-02-11T00:20:31.920000;2016-02-11T00:20:31.973000;e8439f31-fd5f-4418-a0a3-a73708bfcc75;377.83;0.5;BUY
2016-02-11T00:20:31.920000;2016-02-11T00:20:31.973000;934de25f-63d2-4bad-a5c0-8b82400986cf;377.84;0.18096;BUY
2016-02-11T00:21:01.977000;2016-02-11T00:21:02.020000;faeeae05-76ce-4e5f-b436-93340bfe0b63;377.84;0.06772;BUY
2016-02-11T00:22:06.507000;2016-02-11T00:22:06.550000;92faf868-596f-485f-a365-70a320ca0b72;377.83;0.25;BUY
2016-02-11T00:22:06.507000;2016-02-11T00:22:06.567000;dd15def4-1be3-4a20-a1a1-e663edefa129;377.83;0.08237;BUY
2016-02-11T00:22:31.670000;2016-02-11T00:22:31.707000;f2e749c7-acbc-47e5-8936-482350186a4c;377.83;0.5;BUY
2016-02-11T00:22:31.670000;2016-02-11T00:22:31.723000;4520b27f-8f5d-499e-8e55-4ffb710d5be1;377.83;0.872;BUY
2016-02-11T00:22:31.670000;2016-02-11T00:22:31.723000;bf7f0c9d-aa87-4cd0-9ec2-3e611e5deef1;377.85;0.54583;BUY
2016-02-11T00:22:33.007000;2016-02-11T00:22:33.067000;a1cd47c4-6376-48cd-a5d0-bd261e2e8b0a;377.84;0.25;BUY
2016-02-11T00:22:33.007000;2016-02-11T00:22:33.067000;f38c7e6f-cc16-4269-9840-d11440abe907;377.84;1.592;BUY
2016-02-11T00:22:33.007000;2016-02-11T00:22:33.080000;0eead4f1-1327-45d9-9646-884fa96f7d97;377.85;1.158;BUY
2016-02-11T00:22:42.390000;2016-02-11T00:22:42.423000;a4cb1751-4829-4984-8c6b-0eecac106e26;377.83;1.474;BUY
2016-02-11T00:22:42.393000;2016-02-11T00:22:42.440000;524c9c4b-0262-4197-a557-c448a4beb0d1;377.83;1.526;BUY
2016-02-11T00:23:01.680000;2016-02-11T00:23:01.707000;f1493058-9f63-4de9-870c-eaedd98099d8;377.83;0.25;BUY
2016-02-11T00:23:01.680000;2016-02-11T00:23:01.723000;bfb8b10c-3b38-4e3e-ae2e-f20cf079504e;377.86;0.3934;BUY
2016-02-11T00:23:31.700000;2016-02-11T00:23:31.723000;984e34a5-8d35-4995-82eb-b57ba82c75e9;377.83;0.25;BUY
2016-02-11T00:23:31.700000;2016-02-11T00:23:31.737000;7ed3fbda-e9f5-4390-91cd-b2d6c6dfff04;377.86;0.51298;BUY
2016-02-11T00:24:02.007000;2016-02-11T00:24:02.033000;4e125221-9911-45ee-a98b-5b11e3628c06;377.83;0.23786;BUY
2016-02-11T00:24:26.153000;2016-02-11T00:24:26.190000;f83b99a0-0999-4845-9382-ae19ee380988;377.82;0.25178383;SELL
2016-02-11T00:24:26.153000;2016-02-11T00:24:26.207000;3bdf8020-0707-444e-85fc-2eb66c18f91e;377.82;0.52896058;SELL
2016-02-11T00:24:26.153000;2016-02-11T00:24:26.207000;74133f90-cea9-4052-9bb2-220759a9bba4;377.81;0.01;SELL
2016-02-11T00:24:26.153000;2016-02-11T00:24:26.207000;8914c482-18b5-48fc-959f-0dc98068b539;377.8;0.3813838;SELL
2016-02-11T00:24:26.153000;2016-02-11T00:24:26.207000;39ec0829-a721-4bc8-8cf3-482023444a48;377.79;0.01;SELL
2016-02-11T00:24:26.157000;2016-02-11T00:24:26.283000;e58edc39-85a9-4e08-b9e5-4a865b8e8686;377.79;0.01;SELL
2016-02-11T00:24:26.157000;2016-02-11T00:24:26.300000;590b15bb-fbc2-4a9c-ab1d-8452eb9a7fa0;377.78;0.07010215;SELL
2016-02-11T00:24:26.157000;2016-02-11T00:24:26.300000;795081a4-6d17-4b25-8c26-babcaa649f37;377.77;0.21;SELL
2016-02-11T00:24:26.157000;2016-02-11T00:24:26.300000;403e670d-6531-46e6-b186-deded84f0420;377.76;0.01;SELL
2016-02-11T00:24:26.157000;2016-02-11T00:24:26.300000;2ad4c6ec-0a15-47d1-a030-f2648bfbf9d4;377.76;0.01;SELL
2016-02-11T00:24:26.157000;2016-02-11T00:24:26.300000;18facbef-10e3-4af2-86cc-198e1ef17a36;377.75;0.0115;SELL
2016-02-11T00:24:26.157000;2016-02-11T00:24:26.300000;c8c15854-05e6-444c-af0e-7af29339f3ea;377.74;0.01;SELL
2016-02-11T00:24:26.157000;2016-02-11T00:24:26.300000;87514278-5fb2-4c16-a507-cf2b2b011346;377.74;0.01;SELL
2016-02-11T00:24:26.157000;2016-02-11T00:24:26.300000;03378405-6ebc-43f4-9ae4-bcd67b6cdd9a;377.74;0.177;SELL
2016-02-11T00:24:26.157000;2016-02-11T00:24:26.300000;c78acfc1-b163-4942-9d2d-c0c350ec0e19;377.73;0.295158;SELL
2016-02-11T00:24:26.157000;2016-02-11T00:24:26.300000;f26b64f9-f3f0-4e0c-9383-3023a2dc4652;377.72;0.01;SELL
2016-02-11T00:24:26.157000;2016-02-11T00:24:26.300000;9913a7ea-8f8e-4414-806b-cc819969e621;377.72;0.01;SELL
2016-02-11T00:24:26.157000;2016-02-11T00:24:26.300000;51a97342-254f-4d3a-93ae-5fc517d9a892;377.71;0.18654917;SELL
2016-02-11T00:24:26.157000;2016-02-11T00:24:26.300000;7e88dace-f227-462c-a819-51fc5fa68267;377.71;0.205;SELL
2016-02-11T00:24:26.157000;2016-02-11T00:24:26.300000;123db4d5-6eba-47c1-95b3-f80e074ce413;377.7;0.01;SELL
2016-02-11T00:24:26.157000;2016-02-11T00:24:26.300000;87abf986-a3bd-4963-902c-5492d80e1ed8;377.7;0.01;SELL
2016-02-11T00:24:26.157000;2016-02-11T00:24:26.300000;0a651ab5-69be-4c16-9166-5dab4374b152;377.69;0.01;SELL
2016-02-11T00:24:26.160000;2016-02-11T00:24:26.300000;7ab2d717-9c98-447f-8110-32cfb5ef7531;377.68;0.01;SELL
2016-02-11T00:24:26.160000;2016-02-11T00:24:26.300000;613deb95-3bb4-4736-8b8d-8ef86e7b316d;377.68;0.2;SELL
2016-02-11T00:24:26.160000;2016-02-11T00:24:26.300000;0e5464d1-95c7-4ee1-a58d-0af424f33874;377.67;0.34595001;SELL
2016-02-11T00:24:26.160000;2016-02-11T00:24:26.300000;7e9dbcd9-2abb-400a-aed9-cc3460522a0e;377.65;0.015449;SELL
2016-02-11T00:24:26.160000;2016-02-11T00:24:26.300000;c3ba724b-cbd9-498a-a0db-55fb5c40ecbd;377.65;0.174;SELL
2016-02-11T00:24:26.160000;2016-02-11T00:24:26.300000;4dc79d75-2c48-4139-876e-03eeea1aaf85;377.64;0.1352796;SELL
2016-02-11T00:24:26.160000;2016-02-11T00:24:26.300000;df563ec7-5995-45ff-8513-0a8d4327a148;377.62;0.2778;SELL
2016-02-11T00:24:26.160000;2016-02-11T00:24:26.300000;f59ce902-b3ab-4ce8-b3e3-d1532b208990;377.6;1.218;SELL
2016-02-11T00:24:26.160000;2016-02-11T00:24:26.317000;3e5ca726-2fab-4f1f-ba24-136d5b0a8c91;377.59;1.208;SELL
2016-02-11T00:24:26.160000;2016-02-11T00:24:26.317000;e7d5304c-9322-45c2-9de2-28189f5675ef;377.57;1.181;SELL
2016-02-11T00:24:26.160000;2016-02-11T00:24:26.317000;a0dc9760-a2f3-4a5d-aa19-d382cd3e2457;377.54;1.214;SELL
2016-02-11T00:24:26.160000;2016-02-11T00:24:26.317000;8d61e0f3-4cd4-4024-a861-77419c467605;377.52;0.205;SELL
2016-02-11T00:24:26.160000;2016-02-11T00:24:26.317000;400f3557-59f3-4719-94cc-0f95c4136484;377.51;1.193;SELL
2016-02-11T00:24:26.160000;2016-02-11T00:24:26.317000;ff51aca4-47e1-47b0-8423-102cfc3ef57f;377.49;0.18508386;SELL
2016-02-11T00:24:35.733000;2016-02-11T00:24:35.753000;cef69d82-3a21-4151-afcb-82175e9ba7ce;377.73;0.0116;BUY
2016-02-11T00:25:01.563000;2016-02-11T00:25:01.597000;dd380566-6dee-4916-bbb7-8192a81590a0;377.72;0.01;SELL
2016-02-11T00:25:01.563000;2016-02-11T00:25:01.613000;36e4dcab-7520-4c7b-a856-5d5452152a5c;377.71;0.01;SELL
2016-02-11T00:25:01.563000;2016-02-11T00:25:01.613000;5e8564d2-6be0-40b7-b18f-a8b1b27dc436;377.69;0.01;SELL
2016-02-11T00:25:01.563000;2016-02-11T00:25:01.613000;37df74fd-3392-4ce7-8ff8-9cbc28c9d690;377.69;0.01;SELL
2016-02-11T00:25:01.563000;2016-02-11T00:25:01.613000;a907bd98-f775-4e19-87f6-4fe84a8aeb31;377.67;0.01;SELL
2016-02-11T00:25:01.563000;2016-02-11T00:25:01.707000;a0f8fb8f-03d6-4164-9b19-0ab28e774625;377.66;0.01;SELL
2016-02-11T00:25:01.563000;2016-02-11T00:25:01.707000;fb966d69-8ab2-4456-adb9-5bf60c5d5ea5;377.62;0.01;SELL
2016-02-11T00:25:01.567000;2016-02-11T00:25:01.707000;fbe0f760-2624-4305-873e-1c1602bcdf43;377.58;0.04;SELL
2016-02-11T00:25:01.567000;2016-02-11T00:25:01.707000;8394c9f6-5956-493f-8cfc-1bea3d888ac4;377.57;0.10155;SELL
2016-02-11T00:25:19.220000;2016-02-11T00:25:19.253000;84a294bf-c035-44c9-ab97-9c2ccec78df3;377.62;0.25;BUY
2016-02-11T00:25:19.220000;2016-02-11T00:25:19.270000;0fd3e8cd-ac1b-4fe0-8719-eadbd212126b;377.62;0.12;BUY
2016-02-11T00:25:31.690000;2016-02-11T00:25:31.723000;b1a84878-fe77-458d-b90f-cfbfd5425374;377.62;0.25;BUY
2016-02-11T00:25:31.690000;2016-02-11T00:25:31.737000;ed388bb4-f80e-423d-be87-3b524d0a2c8d;377.62;0.01743;BUY
2016-02-11T00:25:33.790000;2016-02-11T00:25:33.817000;19cf5b32-92dd-4b63-b8e1-5c0626afe22a;377.61;0.01;SELL
2016-02-11T00:25:33.790000;2016-02-11T00:25:33.830000;22c4163c-92e3-466c-82da-883512f06521;377.61;0.01;SELL
2016-02-11T00:25:33.790000;2016-02-11T00:25:33.830000;3fee660f-a58d-47f6-a6f5-9447cfd80417;377.61;0.03;SELL
2016-02-11T00:26:01.883000;2016-02-11T00:26:01.910000;646a15a4-b9e1-4178-9c8e-1c51fb4aa27a;377.62;0.25;BUY
2016-02-11T00:26:01.883000;2016-02-11T00:26:01.927000;65d87d94-603e-4882-9b05-c7e3fb2b5462;377.63;0.46;BUY
2016-02-11T00:26:01.883000;2016-02-11T00:26:01.927000;d6538b8a-6a40-4171-a7b0-6ec84ff44683;377.64;0.217;BUY
2016-02-11T00:26:01.883000;2016-02-11T00:26:01.940000;b7dd5c77-453b-462d-b2ae-9bd1fbef6af9;377.66;0.23529;BUY
2016-02-11T00:26:31.570000;2016-02-11T00:26:31.597000;2875111c-71d5-472d-b8af-247bcdd78755;377.63;0.25;BUY
2016-02-11T00:26:31.570000;2016-02-11T00:26:31.613000;a7d90c82-43a0-4aba-8c22-78e968d16aad;377.64;0.26288;BUY
2016-02-11T00:27:01.873000;2016-02-11T00:27:01.910000;50d0e333-fd77-47c7-b64a-acf52c8fed1a;377.6;0.09796;SELL
2016-02-11T00:27:31.970000;2016-02-11T00:27:32.003000;e9ade04e-017a-4fa0-9b88-157ab0771d52;377.63;0.24315;BUY
2016-02-11T00:27:50.587000;2016-02-11T00:27:50.613000;9804e974-0bbc-4082-ab1e-d201806ca546;377.64;0.25;BUY
2016-02-11T00:28:01.647000;2016-02-11T00:28:01.677000;c88583dd-439e-4c8a-9136-db8b9222666e;377.67;0.25;BUY
2016-02-11T00:28:01.647000;2016-02-11T00:28:01.677000;b3c12c1d-23a3-4583-892e-c95e92906940;377.68;0.1;BUY
2016-02-11T00:28:01.647000;2016-02-11T00:28:01.677000;a4e434c6-24a1-400c-afca-c613283ab884;377.69;0.01;BUY
2016-02-11T00:28:01.647000;2016-02-11T00:28:01.677000;ed2cc436-385b-443e-b253-757f480798dd;377.69;0.01;BUY
2016-02-11T00:28:01.647000;2016-02-11T00:28:01.677000;54db9a6b-dd3f-4ae3-b766-0047abb9216e;377.71;0.01;BUY
2016-02-11T00:28:01.647000;2016-02-11T00:28:01.677000;7aa92d95-13a5-4d95-96cd-326147c901f7;377.71;0.01;BUY
2016-02-11T00:28:01.647000;2016-02-11T00:28:01.690000;c6007731-9d2c-493e-8136-0e6979e1e631;377.71;0.124;BUY
2016-02-11T00:28:01.647000;2016-02-11T00:28:01.690000;21abfa58-916b-4413-926a-17a54b7836f0;377.73;0.116;BUY
2016-02-11T00:28:01.647000;2016-02-11T00:28:01.690000;687aeb84-0a5d-4e8d-aa29-37e14b4dfc10;377.75;0.01;BUY
2016-02-11T00:28:01.647000;2016-02-11T00:28:01.690000;3cfb5baf-cdca-4b41-85ad-2eed25c0632e;377.75;0.19;BUY
2016-02-11T00:28:01.647000;2016-02-11T00:28:01.707000;fc0e8f18-165a-4613-8c38-c8aac01c5693;377.76;0.11;BUY
2016-02-11T00:28:01.647000;2016-02-11T00:28:01.707000;5bb2f901-93b5-4810-8777-9171655dd9eb;377.77;0.01;BUY
