time_exchange;time_coinpai;guid;price;base_amount;taker_side
2016-02-09T00:02:27.000000;2016-02-09T00:02:27.000000;c94b736c-d4d2-429f-b503-dfd445720850;370.29;0.025;UNKNOWN
2016-02-09T00:03:14.000000;2016-02-09T00:03:14.000000;3f75697d-0174-4ab2-91de-425d237bf09f;370.28;6.0;UNKNOWN
2016-02-09T00:04:08.000000;2016-02-09T00:04:08.000000;33562adf-443a-4eeb-962c-f41c6808fc7e;370.32;0.022;UNKNOWN
2016-02-09T00:04:46.000000;2016-02-09T00:04:46.000000;452bb593-0b3a-4356-a865-218625cd5ab5;370.44;0.5;UNKNOWN
2016-02-09T00:04:46.000000;2016-02-09T00:04:46.000000;8a73b6ec-3f5f-48a2-acba-f62b6430f851;370.46;0.5;UNKNOWN
2016-02-09T00:05:58.000000;2016-02-09T00:05:58.000000;c8382fa6-73e5-42c9-aa81-a0f9e4639e40;370.5;1.0;UNKNOWN
2016-02-09T00:06:37.000000;2016-02-09T00:06:37.000000;26efe456-a7af-476f-bdf5-327c65b8dc2a;370.5;1.0;UNKNOWN
2016-02-09T00:06:43.000000;2016-02-09T00:06:43.000000;7c82c701-a51f-4ce2-a334-316c7181f3fb;370.49;1.56;UNKNOWN
2016-02-09T00:07:21.000000;2016-02-09T00:07:21.000000;1ade4d58-35ee-4192-8d2f-31e78dcf1059;370.5;1.0;UNKNOWN
2016-02-09T00:07:28.000000;2016-02-09T00:07:28.000000;e74f62a1-c34a-4826-82ac-dd1e248fd290;370.5;0.025;UNKNOWN
2016-02-09T00:07:37.000000;2016-02-09T00:07:37.000000;39e04fea-b9e1-4253-89f1-3e18a2ecbe55;370.5;0.025;UNKNOWN
2016-02-09T00:07:42.000000;2016-02-09T00:07:42.000000;b7663bd6-4a2a-4853-bbb4-9ffb2336f123;370.49;1.07451051;UNKNOWN
2016-02-09T00:07:48.000000;2016-02-09T00:07:48.000000;8fa3ab0f-908d-4c68-8507-dde9fdcb3019;370.5;0.025;UNKNOWN
2016-02-09T00:07:52.000000;2016-02-09T00:07:52.000000;fe40e383-83d3-42e6-bee9-7b3512351bb4;370.5;0.07;UNKNOWN
2016-02-09T00:08:00.000000;2016-02-09T00:08:00.000000;4014de1a-010d-4e8a-b3e9-7a7748abde80;370.5;0.025;UNKNOWN
2016-02-09T00:08:11.000000;2016-02-09T00:08:11.000000;f7864b33-a260-4e38-960b-958dff284122;370.5;0.025;UNKNOWN
2016-02-09T00:08:16.000000;2016-02-09T00:08:16.000000;10946e2e-34ad-4022-bb0b-f926f18c120b;370.5;0.15;UNKNOWN
2016-02-09T00:08:40.000000;2016-02-09T00:08:40.000000;473f5b85-d1aa-48ec-ba83-f50f6446abe0;370.5;1.0;UNKNOWN
2016-02-09T00:09:07.000000;2016-02-09T00:09:07.000000;2bb209c0-e6cc-4e34-9226-616e66567f02;370.5;1.0;UNKNOWN
2016-02-09T00:09:12.000000;2016-02-09T00:09:12.000000;c3db02c8-073a-46df-9684-083ea79bc414;370.5;1.0;UNKNOWN
2016-02-09T00:09:16.000000;2016-02-09T00:09:16.000000;7884b876-3f31-42da-86c7-a235bcb5dcaf;370.5;0.04;UNKNOWN
2016-02-09T00:09:17.000000;2016-02-09T00:09:17.000000;eb317451-525a-44af-ad1c-e50ae769de83;370.5;1.0;UNKNOWN
2016-02-09T00:09:44.000000;2016-02-09T00:09:44.000000;efc7bf2a-27ab-4a96-9d57-ec5b8ef3ab65;370.5;1.0;UNKNOWN
2016-02-09T00:10:02.000000;2016-02-09T00:10:02.000000;ab05e7f5-f883-4bf0-b3ec-300b8224b976;370.49;0.5;UNKNOWN
2016-02-09T00:10:11.000000;2016-02-09T00:10:11.000000;ac97294b-d145-49a6-86af-0923b259f2d4;370.5;1.0;UNKNOWN
2016-02-09T00:10:15.000000;2016-02-09T00:10:15.000000;822bd35c-04d5-4a52-87ed-85ec3cbb485e;370.5;0.0836;UNKNOWN
2016-02-09T00:10:20.000000;2016-02-09T00:10:20.000000;8782a900-f07d-47fc-a5b8-7aa61e1b0f0b;370.5;1.0;UNKNOWN
2016-02-09T00:11:06.000000;2016-02-09T00:11:06.000000;c7161259-ee14-454a-a817-6dcb72f26bab;370.5;3.85382295;UNKNOWN
2016-02-09T00:11:07.000000;2016-02-09T00:11:07.000000;490853d9-d7c2-42d9-b6d0-1424a069185b;370.5;1.0;UNKNOWN
2016-02-09T00:11:33.000000;2016-02-09T00:11:33.000000;a72e9993-c502-4e75-ad0b-563385214e62;370.5;1.0;UNKNOWN
2016-02-09T00:11:34.000000;2016-02-09T00:11:34.000000;5d2e8c59-7cf8-41c1-9916-f8e3e85db705;370.5;1.0;UNKNOWN
2016-02-09T00:11:45.000000;2016-02-09T00:11:45.000000;bbdb8ccb-ffd1-41bd-b379-9b67540659b8;370.5;0.5;UNKNOWN
2016-02-09T00:11:50.000000;2016-02-09T00:11:50.000000;3d6df962-21ed-48b7-9746-484969c8483b;370.5;1.0;UNKNOWN
2016-02-09T00:12:01.000000;2016-02-09T00:12:01.000000;745daee9-07fc-4085-96cc-f920b38d0fbd;370.5;1.0;UNKNOWN
2016-02-09T00:12:46.000000;2016-02-09T00:12:46.000000;24e6b3d4-7cea-48c7-9fa6-f272566a754d;370.5;1.0;UNKNOWN
2016-02-09T00:12:48.000000;2016-02-09T00:12:48.000000;6cd9f6f4-6453-4dd1-957b-be6ed08b12dc;370.5;1.0;UNKNOWN
2016-02-09T00:13:33.000000;2016-02-09T00:13:33.000000;c07e89de-d647-474c-8dec-cb95ebf8175d;370.5;1.0;UNKNOWN
2016-02-09T00:13:46.000000;2016-02-09T00:13:46.000000;17f51214-898b-4d18-a8b6-45a61deea1f9;370.5;1.0;UNKNOWN
2016-02-09T00:13:50.000000;2016-02-09T00:13:50.000000;590ab193-632f-47c1-a537-ada03fcb7638;370.5;1.0;UNKNOWN
2016-02-09T00:13:59.000000;2016-02-09T00:13:59.000000;355567eb-eda5-4f2e-9072-8f96d1ab4911;370.5;1.0;UNKNOWN
2016-02-09T00:14:27.000000;2016-02-09T00:14:27.000000;f4260db5-3c57-4bab-bc4f-05f6a4ce947e;370.5;7.0;UNKNOWN
2016-02-09T00:14:32.000000;2016-02-09T00:14:32.000000;7185e53b-e482-445d-841d-29ac0f73281a;370.5;1.0;UNKNOWN
2016-02-09T00:14:37.000000;2016-02-09T00:14:37.000000;8555a09a-9d05-48c1-88b7-c555e544607c;370.5;1.0;UNKNOWN
2016-02-09T00:15:00.000000;2016-02-09T00:15:00.000000;9029eed7-67b4-40e2-bbf9-60143f332812;370.5;5.0;UNKNOWN
2016-02-09T00:15:05.000000;2016-02-09T00:15:05.000000;4e4d6ef4-4c14-4583-8a5f-1767e4611d52;370.5;0.1;UNKNOWN
2016-02-09T00:16:26.000000;2016-02-09T00:16:26.000000;9ddbf72d-2249-4d15-80ae-a1098a556199;370.5;1.0;UNKNOWN
2016-02-09T00:16:28.000000;2016-02-09T00:16:28.000000;5de9934e-f5dc-4dc2-b822-259f4939a2b9;370.5;1.0;UNKNOWN
2016-02-09T00:16:30.000000;2016-02-09T00:16:30.000000;1469c4fd-6127-4ccc-8eba-c3cb8fec9816;370.5;1.0;UNKNOWN
2016-02-09T00:16:35.000000;2016-02-09T00:16:35.000000;e4c1d607-6a62-47ee-9106-1669ecf49f36;370.5;1.0;UNKNOWN
2016-02-09T00:16:52.000000;2016-02-09T00:16:52.000000;5c828e56-dea7-409e-a1bf-60a554591d0e;370.49;0.36;UNKNOWN
2016-02-09T00:17:21.000000;2016-02-09T00:17:21.000000;2f0cab60-bee2-4456-baa4-05d46fb6e5fa;370.31;0.25;UNKNOWN
2016-02-09T00:17:32.000000;2016-02-09T00:17:32.000000;aea2e60c-ef4f-4251-bf33-2fa7b07bad8c;370.27;0.25;UNKNOWN
2016-02-09T00:17:35.000000;2016-02-09T00:17:35.000000;8704e6e6-9505-4d5c-bb78-bd33237a8311;370.27;0.12;UNKNOWN
2016-02-09T00:17:35.000000;2016-02-09T00:17:35.000000;658b471c-3c89-4992-b391-5ad8fc58f208;370.27;0.13;UNKNOWN
2016-02-09T00:17:36.000000;2016-02-09T00:17:36.000000;96127baa-0129-4da5-b0be-9b3eab1fa89f;370.27;0.25;UNKNOWN
2016-02-09T00:17:40.000000;2016-02-09T00:17:40.000000;ac94ecf0-d448-48b5-bb71-24bae0f79805;370.27;0.25;UNKNOWN
2016-02-09T00:17:42.000000;2016-02-09T00:17:42.000000;7c4fdf42-6d0c-41e7-b0f9-eaf390b40cd4;370.49;2.7;UNKNOWN
2016-02-09T00:17:56.000000;2016-02-09T00:17:56.000000;2808ad21-5c1b-4955-8389-ab9231b50afd;370.34;0.028153;UNKNOWN
2016-02-09T00:18:05.000000;2016-02-09T00:18:05.000000;f3e2dec5-6f0c-4d4e-819e-e27d05eb0fbd;370.33;3.0;UNKNOWN
2016-02-09T00:18:05.000000;2016-02-09T00:18:05.000000;377c9812-961c-4904-9c30-f42657197c19;370.49;0.07698016;UNKNOWN
2016-02-09T00:26:53.000000;2016-02-09T00:26:53.000000;d46b77ce-dc33-459d-8e0d-652d8c19e9e5;370.37;0.0552798;UNKNOWN
2016-02-09T00:28:26.000000;2016-02-09T00:28:26.000000;22af4c8c-2507-4379-b72d-d1bcd3483775;370.35;0.063;UNKNOWN
2016-02-09T00:29:08.000000;2016-02-09T00:29:08.000000;f5520452-3eda-4225-97e5-7ed0a35efb11;370.48;0.01;UNKNOWN
2016-02-09T00:29:36.000000;2016-02-09T00:29:36.000000;51e7964a-b13a-46e3-9ff9-5cd709b9fc6c;370.48;10.0;UNKNOWN
2016-02-09T00:29:42.000000;2016-02-09T00:29:42.000000;d6098fcb-2deb-4a25-9087-7eacbcdb07a5;370.48;9.19626;UNKNOWN
2016-02-09T00:29:43.000000;2016-02-09T00:29:43.000000;869adfbd-3d44-4e6d-80cb-7c1d78db957e;370.48;5.74374;UNKNOWN
2016-02-09T00:29:46.000000;2016-02-09T00:29:46.000000;6a10b4d2-7021-4546-b0ab-b2d28b7ed464;370.5;1.03785556;UNKNOWN
2016-02-09T00:32:58.000000;2016-02-09T00:32:58.000000;16766314-5c01-4eaf-904c-a5c0eb0828cc;370.99;0.4;UNKNOWN
2016-02-09T00:33:13.000000;2016-02-09T00:33:13.000000;906da574-23c5-4055-b3b9-7433cd7a1453;371.11;1.99;UNKNOWN
2016-02-09T00:33:13.000000;2016-02-09T00:33:13.000000;51d9be69-4879-4ff1-ab21-5b692d75b5c0;371.04;0.01;UNKNOWN
2016-02-09T00:33:30.000000;2016-02-09T00:33:30.000000;dd13651d-0da2-431d-8c1a-1fde817affdf;371.01;0.3421;UNKNOWN
2016-02-09T00:34:38.000000;2016-02-09T00:34:38.000000;d285c051-1974-411a-bec6-592ede7f6dce;371.04;0.09130336;UNKNOWN
2016-02-09T00:35:06.000000;2016-02-09T00:35:06.000000;8a3777ef-db32-4772-b4e5-2f74055a84d9;371.04;0.02869664;UNKNOWN
2016-02-09T00:36:24.000000;2016-02-09T00:36:24.000000;3195b92f-a373-4588-8edb-4d96acd10e5f;371.24;0.01;UNKNOWN
2016-02-09T00:36:24.000000;2016-02-09T00:36:24.000000;7b0d9e58-67ca-477c-82ac-8b3cd726f6ed;371.16;6.7036;UNKNOWN
2016-02-09T00:36:24.000000;2016-02-09T00:36:24.000000;eff0f3f4-885d-4a49-94d9-df98529b02eb;371.17;3.88053137;UNKNOWN
2016-02-09T00:36:24.000000;2016-02-09T00:36:24.000000;fbb8e75b-56b4-4913-8b04-3c6e61ddd316;371.24;3.88053137;UNKNOWN
2016-02-09T00:36:24.000000;2016-02-09T00:36:24.000000;855924a3-0cfc-44f3-a927-0c8e6a87e703;371.34;0.01;UNKNOWN
2016-02-09T00:36:24.000000;2016-02-09T00:36:24.000000;97847a94-ed17-4d79-ab96-525defe8f9a1;371.31;3.88053137;UNKNOWN
2016-02-09T00:36:24.000000;2016-02-09T00:36:24.000000;f8725adc-14aa-4d12-a534-0f438cad8b67;371.14;0.01;UNKNOWN
2016-02-09T00:36:24.000000;2016-02-09T00:36:24.000000;6faf3502-66c6-4b53-be3f-0cb8fd07e731;371.37;1.62480589;UNKNOWN
2016-02-09T00:36:34.000000;2016-02-09T00:36:34.000000;3c861ac0-a870-4559-9328-d590aa51e25d;371.47;2.6096694;UNKNOWN
2016-02-09T00:36:34.000000;2016-02-09T00:36:34.000000;ff0d2bb2-f6d5-409e-b23e-eb6376c419f4;371.41;0.5;UNKNOWN
2016-02-09T00:36:34.000000;2016-02-09T00:36:34.000000;99a9e5ec-7608-4f7f-aad6-5eff20612904;371.45;3.8803306;UNKNOWN
2016-02-09T00:36:34.000000;2016-02-09T00:36:34.000000;ea158b94-f54d-46c2-9bb5-02c13fe907d0;371.44;0.01;UNKNOWN
2016-02-09T00:36:34.000000;2016-02-09T00:36:34.000000;d83e0916-fe7a-476e-9496-3e2ab3dd4184;371.42;3.0;UNKNOWN
2016-02-09T00:36:35.000000;2016-02-09T00:36:35.000000;3c2a6d39-70a6-4c71-9332-bc77b0410e35;371.48;23.6096694;UNKNOWN
2016-02-09T00:36:35.000000;2016-02-09T00:36:35.000000;d7dcd8e1-93f4-49d0-a0c2-f1fa8d6c970d;371.47;3.3903306;UNKNOWN
2016-02-09T00:39:31.000000;2016-02-09T00:39:31.000000;341fe8f3-23f4-4d42-9f8e-cffe84053ea9;371.46;0.4;UNKNOWN
2016-02-09T00:39:53.000000;2016-02-09T00:39:53.000000;3763c554-92c6-4f65-9c1d-fc8472f1e678;371.48;0.4;UNKNOWN
2016-02-09T00:39:53.000000;2016-02-09T00:39:53.000000;f0689fc7-9aa5-4fcd-a94c-a3941cdf8903;371.48;5.3903306;UNKNOWN
2016-02-09T00:40:01.000000;2016-02-09T00:40:01.000000;80467ca9-dcd6-4e02-92f6-fe5077629798;371.48;0.2;UNKNOWN
2016-02-09T00:41:27.000000;2016-02-09T00:41:27.000000;fe8f2ba8-bf6e-4438-9876-f854b4f1c622;370.88;3.02;UNKNOWN
2016-02-09T00:41:27.000000;2016-02-09T00:41:27.000000;a3d95097-bcae-42f3-8a11-a5fa7cfbad4b;371.12;6.6635;UNKNOWN
2016-02-09T00:41:27.000000;2016-02-09T00:41:27.000000;c5085c1a-bd00-4b3b-bc68-aab06590d43a;371.47;14.6;UNKNOWN
2016-02-09T00:41:27.000000;2016-02-09T00:41:27.000000;0035e83d-73e3-4f8e-b2c5-5ce2987c2490;371.13;1.5;UNKNOWN
2016-02-09T00:41:27.000000;2016-02-09T00:41:27.000000;990f1b2b-c5d2-44b5-ae8b-be8d8c2f3671;370.71;14.6067;UNKNOWN
2016-02-09T00:41:27.000000;2016-02-09T00:41:27.000000;3d2aac62-4e65-4d8f-aa87-974a0033e3b1;370.7;6.27923477;UNKNOWN
2016-02-09T00:41:27.000000;2016-02-09T00:41:27.000000;11d7daab-6b52-451e-ba08-9752b6825503;371.08;10.0;UNKNOWN
2016-02-09T00:41:27.000000;2016-02-09T00:41:27.000000;c74a3694-44db-432e-a9d3-e6775a8f5e5b;371.45;0.038;UNKNOWN
2016-02-09T00:41:51.000000;2016-02-09T00:41:51.000000;742e4d47-a0ea-4c50-a26e-fdf2f2c24d74;370.83;0.09896956;UNKNOWN
2016-02-09T00:42:06.000000;2016-02-09T00:42:06.000000;7ba2ac69-27d7-4fc8-8dd8-204f63003d8f;370.83;0.04677078;UNKNOWN
2016-02-09T00:42:16.000000;2016-02-09T00:42:16.000000;c2679445-7de0-43c0-b87d-7b5ce82404fa;370.83;5.39186886;UNKNOWN
2016-02-09T00:44:41.000000;2016-02-09T00:44:41.000000;bedc4c49-5976-41ee-b64b-213daf1f777e;371.18;6.6426;UNKNOWN
2016-02-09T00:44:41.000000;2016-02-09T00:44:41.000000;a7899c2a-338c-4588-aaca-301d06481555;371.84;0.01;UNKNOWN
2016-02-09T00:44:41.000000;2016-02-09T00:44:41.000000;d917b78f-d938-423a-aaa8-bb8cca2a84d5;371.86;6.78;UNKNOWN
2016-02-09T00:44:41.000000;2016-02-09T00:44:41.000000;dd551dca-6184-4c3a-aea1-7ee0166c79b3;371.75;15.1829;UNKNOWN
2016-02-09T00:44:41.000000;2016-02-09T00:44:41.000000;6bfdfa55-eeee-4399-8a8b-e77f833a7540;371.19;15.6841;UNKNOWN
2016-02-09T00:44:41.000000;2016-02-09T00:44:41.000000;25c517d1-6ea1-4661-8d30-92b5959c3712;371.74;20.6888;UNKNOWN
2016-02-09T00:44:41.000000;2016-02-09T00:44:41.000000;5cd454f3-5eed-45ca-a454-e179e9245b94;371.18;4.52;UNKNOWN
2016-02-09T00:44:41.000000;2016-02-09T00:44:41.000000;c0e518db-9eac-4caf-bdab-317122ac9cfb;371.54;0.01;UNKNOWN
2016-02-09T00:44:41.000000;2016-02-09T00:44:41.000000;43633a35-f7da-4b1b-b36c-94287f613fbd;371.74;0.01;UNKNOWN
2016-02-09T00:44:41.000000;2016-02-09T00:44:41.000000;833c4856-15ca-45dd-9026-ff6cc6cc1292;371.6;16.0258;UNKNOWN
2016-02-09T00:44:41.000000;2016-02-09T00:44:41.000000;0fa7a308-081b-4285-bcda-ed95dfec9b9a;371.47;16.8126;UNKNOWN
2016-02-09T00:44:41.000000;2016-02-09T00:44:41.000000;e390d0ab-cd67-4363-a1dc-e855e58ea3e8;371.5;0.0303594;UNKNOWN
2016-02-09T00:44:41.000000;2016-02-09T00:44:41.000000;f9b85a85-9a31-46b6-b510-0f6dd33ce0fd;371.49;0.1;UNKNOWN
2016-02-09T00:44:41.000000;2016-02-09T00:44:41.000000;028049bb-90e7-46b1-86f2-99777078aa82;371.64;0.01;UNKNOWN
2016-02-09T00:44:41.000000;2016-02-09T00:44:41.000000;006716d8-af14-4326-bb46-e0e1a036f2c5;371.75;10.7181;UNKNOWN
2016-02-09T00:44:41.000000;2016-02-09T00:44:41.000000;e9294f78-537c-44d5-8e12-668628e2de41;371.87;9.4400406;UNKNOWN
2016-02-09T00:44:41.000000;2016-02-09T00:44:41.000000;4d101cbe-33cf-475c-ba66-07b48cce9789;371.3;14.3347;UNKNOWN
2016-02-09T00:44:42.000000;2016-02-09T00:44:42.000000;d9adbaeb-c364-4a3b-9b34-316d6572ce96;371.9;0.01;UNKNOWN
2016-02-09T00:47:16.000000;2016-02-09T00:47:16.000000;133722db-d225-4459-8d85-edf9c0bf3fb0;371.76;0.5;UNKNOWN
2016-02-09T00:47:16.000000;2016-02-09T00:47:16.000000;9af80b51-728b-4106-9afc-0e2f47f27f64;371.77;0.7;UNKNOWN
2016-02-09T00:48:00.000000;2016-02-09T00:48:00.000000;392ef5e7-9ad8-4d69-b3c4-d39eee56222b;371.9;0.01;UNKNOWN
2016-02-09T00:48:00.000000;2016-02-09T00:48:00.000000;dab26366-a203-468f-a381-e59adc20e39d;371.87;3.87732155;UNKNOWN
2016-02-09T00:48:00.000000;2016-02-09T00:48:00.000000;d10e7e31-a348-4b37-999b-b754e432c713;371.9;0.01;UNKNOWN
2016-02-09T00:48:00.000000;2016-02-09T00:48:00.000000;0ae1b1dd-6abd-481b-8005-22751005c587;371.94;3.46909372;UNKNOWN
2016-02-09T00:48:00.000000;2016-02-09T00:48:00.000000;df00f8b2-9872-42a8-960e-577fc3b1e072;371.94;0.01;UNKNOWN
2016-02-09T00:48:00.000000;2016-02-09T00:48:00.000000;9835fd80-739c-4631-b536-e676b0407505;371.81;3.87732155;UNKNOWN
2016-02-09T00:50:23.000000;2016-02-09T00:50:23.000000;0b76b050-e9c8-4dc2-a61c-ec585116c82f;371.42;0.08219778;UNKNOWN
2016-02-09T00:50:41.000000;2016-02-09T00:50:41.000000;d360857c-8763-4733-9841-89e21da1052d;371.86;1.2087216;UNKNOWN
2016-02-09T00:50:52.000000;2016-02-09T00:50:52.000000;132b1556-8ef8-48d2-a09b-4942999a3f41;371.92;3.87747189;UNKNOWN
2016-02-09T00:50:52.000000;2016-02-09T00:50:52.000000;f86738ca-1154-46da-8ee7-9077322c1399;371.92;5.92252811;UNKNOWN
2016-02-09T00:50:52.000000;2016-02-09T00:50:52.000000;f3def108-efa5-460a-8b96-559793a0058e;371.92;0.2;UNKNOWN
2016-02-09T00:53:15.000000;2016-02-09T00:53:15.000000;7bee44d3-9d46-439d-aa5e-dd25215a1520;371.83;0.2;UNKNOWN
2016-02-09T00:54:03.000000;2016-02-09T00:54:03.000000;f996c6f7-ef6e-4040-9061-802cc2be6253;371.57;0.06392776;UNKNOWN
2016-02-09T00:54:22.000000;2016-02-09T00:54:22.000000;9e374c1b-c4d4-4da6-99f7-85d08fa5ca21;371.61;0.09735513;UNKNOWN
2016-02-09T00:54:43.000000;2016-02-09T00:54:43.000000;6c442904-a1f2-4d59-9071-452d97a887ca;371.62;0.115;UNKNOWN
2016-02-09T00:55:07.000000;2016-02-09T00:55:07.000000;81115c2f-3279-4a3d-86f1-d64d77ad6325;371.68;0.4;UNKNOWN
2016-02-09T00:55:26.000000;2016-02-09T00:55:26.000000;c79f2a72-7d6f-415b-9020-eefbd5873e1c;371.68;0.07579411;UNKNOWN
2016-02-09T00:56:25.000000;2016-02-09T00:56:25.000000;0e247a33-ee7a-49a7-8982-64cd36b216e9;371.71;0.12575996;UNKNOWN
2016-02-09T00:56:31.000000;2016-02-09T00:56:31.000000;e4ac2ce3-98e7-43d3-ad97-15a595250661;371.71;0.1296878;UNKNOWN
2016-02-09T00:56:56.000000;2016-02-09T00:56:56.000000;90b86e6d-282c-4ae6-974e-5b0282820b82;371.77;0.09520712;UNKNOWN
2016-02-09T00:57:05.000000;2016-02-09T00:57:05.000000;de59f525-951e-42f9-9514-d45eeaff8848;371.77;6.6496;UNKNOWN
2016-02-09T00:57:06.000000;2016-02-09T00:57:06.000000;3a179f5c-1b6d-45f4-8a28-e3924a28168d;371.78;2.30712085;UNKNOWN
2016-02-09T00:57:12.000000;2016-02-09T00:57:12.000000;e8605f9c-0d9c-4bd5-b099-66bcc730e9d8;371.77;0.05771819;UNKNOWN
2016-02-09T00:57:20.000000;2016-02-09T00:57:20.000000;0dacaaca-a56e-4a3f-b890-820d9222efdd;371.79;0.55134159;UNKNOWN
2016-02-09T00:57:21.000000;2016-02-09T00:57:21.000000;f25c725b-b98a-4fd2-a6c1-b85dabb1cd7d;371.8;0.10631888;UNKNOWN
2016-02-09T00:57:28.000000;2016-02-09T00:57:28.000000;4cd285fe-c595-42c8-9b09-0963844bff34;371.8;0.01397;UNKNOWN
2016-02-09T00:57:51.000000;2016-02-09T00:57:51.000000;14018692-09ae-45c9-9c16-67194c6b3d41;371.95;2.54275282;UNKNOWN
2016-02-09T00:58:23.000000;2016-02-09T00:58:23.000000;907a3bdf-f1b4-4c17-a8dd-9c13491daf93;371.79;0.01397;UNKNOWN
2016-02-09T00:58:25.000000;2016-02-09T00:58:25.000000;26d37518-e868-4f29-a3ba-9357c5f06900;371.79;0.07083841;UNKNOWN
2016-02-09T00:58:26.000000;2016-02-09T00:58:26.000000;4c97e8c3-515e-425a-96bb-b00d8891f826;371.88;10.0;UNKNOWN
2016-02-09T00:58:31.000000;2016-02-09T00:58:31.000000;2143bb9e-f7cf-4d91-8686-d7673d826cf4;371.88;1.6;UNKNOWN
2016-02-09T00:59:19.000000;2016-02-09T00:59:19.000000;f09f9891-5f35-4325-8beb-c9555a025574;371.88;0.0432;UNKNOWN
2016-02-09T00:59:28.000000;2016-02-09T00:59:28.000000;9e56ed3f-8d4f-4d02-8c73-4c99f9a6c7e4;371.79;0.10071381;UNKNOWN
2016-02-09T01:00:08.000000;2016-02-09T01:00:08.000000;834fd08f-99cd-4c75-a1d4-81690aa3f7e9;371.79;0.02;UNKNOWN
2016-02-09T01:00:49.000000;2016-02-09T01:00:49.000000;ea9d4056-d99f-492a-8ae9-92915cb8d13d;371.87;10.0;UNKNOWN
2016-02-09T01:01:28.000000;2016-02-09T01:01:28.000000;e3e54cdd-8918-464d-8a3a-09bd702eed27;371.79;0.05243992;UNKNOWN
2016-02-09T01:01:42.000000;2016-02-09T01:01:42.000000;3554501f-7e4e-4704-b5b2-5482fad98598;371.82;10.0;UNKNOWN
2016-02-09T01:01:57.000000;2016-02-09T01:01:57.000000;12ff9e80-e76c-4305-9d7b-17de7f6e1797;371.79;0.073072;UNKNOWN
2016-02-09T01:02:44.000000;2016-02-09T01:02:44.000000;cbcfbdff-63ed-4055-9db7-0df13e587fbd;371.79;0.06590446;UNKNOWN
2016-02-09T01:02:48.000000;2016-02-09T01:02:48.000000;fa355fd1-ea75-4e73-aabf-88a3108fc544;371.79;0.03219706;UNKNOWN
2016-02-09T01:02:50.000000;2016-02-09T01:02:50.000000;7ae9ddc2-dd60-4b86-8901-cef2ca3dcc19;371.79;0.067405;UNKNOWN
2016-02-09T01:02:53.000000;2016-02-09T01:02:53.000000;930bc72d-eb3c-49ef-b534-255f83d3d500;371.79;0.06049725;UNKNOWN
2016-02-09T01:03:00.000000;2016-02-09T01:03:00.000000;0a6937c1-b0ce-4b02-84fd-5bf40fda9a0a;371.79;0.06225946;UNKNOWN
2016-02-09T01:03:06.000000;2016-02-09T01:03:06.000000;262b23f9-ab32-4887-bb31-9627f32c5404;371.79;0.12158406;UNKNOWN
2016-02-09T01:03:12.000000;2016-02-09T01:03:12.000000;5c606e37-c98e-453e-926f-a34798afbeb2;371.87;10.0;UNKNOWN
2016-02-09T01:03:28.000000;2016-02-09T01:03:28.000000;22c00a39-e7f3-4795-8083-2af4ff96da3a;371.8;0.08936664;UNKNOWN
2016-02-09T01:04:05.000000;2016-02-09T01:04:05.000000;66e10f6a-c891-422d-91d8-71ed0d8f9c33;371.88;1.8071363;UNKNOWN
2016-02-09T01:04:05.000000;2016-02-09T01:04:05.000000;56ffa8d8-a3f4-4ed0-97f7-c4514ad3ee4b;371.88;0.0052;UNKNOWN
2016-02-09T01:04:05.000000;2016-02-09T01:04:05.000000;3bd59a2f-10f3-4c35-8eb5-e56f8bc1f077;371.87;0.01;UNKNOWN
2016-02-09T01:04:05.000000;2016-02-09T01:04:05.000000;74ecfc65-50f0-4675-a0db-3527207b648c;371.88;0.2976637;UNKNOWN
2016-02-09T01:04:31.000000;2016-02-09T01:04:31.000000;ba231fbc-e8dc-42d5-ac9d-b58b8fc3f9c8;371.8;0.09505093;UNKNOWN
2016-02-09T01:04:32.000000;2016-02-09T01:04:32.000000;61a25e24-4207-4742-98b2-0ffeb4d8ee33;371.88;0.8068;UNKNOWN
2016-02-09T01:05:36.000000;2016-02-09T01:05:36.000000;1b5c6f06-6a83-4251-8fd2-22ea9b4477d3;371.84;0.11111558;UNKNOWN
2016-02-09T01:05:40.000000;2016-02-09T01:05:40.000000;0587aefc-b73a-44c0-8744-eb9665147fbe;371.87;0.30950406;UNKNOWN
2016-02-09T01:05:43.000000;2016-02-09T01:05:43.000000;7f64dd19-fd5d-47c6-ba62-d79df66af9b8;371.88;1.28;UNKNOWN
2016-02-09T01:05:50.000000;2016-02-09T01:05:50.000000;0260cc02-018f-46ff-9c74-09abd7bc1798;371.88;1.15;UNKNOWN
2016-02-09T01:05:56.000000;2016-02-09T01:05:56.000000;209c2f9f-af8b-43e8-b428-8e36a9a28f69;371.88;0.93;UNKNOWN
2016-02-09T01:06:02.000000;2016-02-09T01:06:02.000000;de24b17b-03ec-4d6e-b294-a692d701968c;371.88;0.94;UNKNOWN
2016-02-09T01:06:08.000000;2016-02-09T01:06:08.000000;60d08dc5-21f2-445d-bd11-92b922ce9445;371.88;0.84;UNKNOWN
2016-02-09T01:06:16.000000;2016-02-09T01:06:16.000000;9b9375ee-5ae4-42c3-abe6-39835d540074;371.87;0.13167537;UNKNOWN
2016-02-09T01:06:17.000000;2016-02-09T01:06:17.000000;b09eff6b-9698-40d6-b24d-f2785621d458;371.88;1.4539363;UNKNOWN
2016-02-09T01:06:17.000000;2016-02-09T01:06:17.000000;230e7604-e783-4fbf-b8b4-3f1556fae3bd;371.88;2.2460637;UNKNOWN
2016-02-09T01:06:18.000000;2016-02-09T01:06:18.000000;dafa770c-b59a-4f97-ab43-f33986798855;371.95;0.68;UNKNOWN
2016-02-09T01:06:30.000000;2016-02-09T01:06:30.000000;280f8281-d559-407e-aecd-5fc1c5174058;371.95;0.69;UNKNOWN
2016-02-09T01:06:30.000000;2016-02-09T01:06:30.000000;b42ceeb0-2467-4296-abf0-f783ed839487;371.95;3.18;UNKNOWN
2016-02-09T01:06:33.000000;2016-02-09T01:06:33.000000;0071dc71-7e54-4d25-b7b5-99f5063a0400;371.87;0.12371145;UNKNOWN
2016-02-09T01:06:37.000000;2016-02-09T01:06:37.000000;9ababfe1-6378-4e3c-aa09-fb8f204dbb9d;371.95;0.62;UNKNOWN
2016-02-09T01:06:50.000000;2016-02-09T01:06:50.000000;3c068f2e-be4c-4f70-9959-076ecda99eb1;371.95;0.56;UNKNOWN
2016-02-09T01:06:53.000000;2016-02-09T01:06:53.000000;701b0114-189d-473b-970d-51f6272b2f26;371.95;0.9315;UNKNOWN
2016-02-09T01:06:56.000000;2016-02-09T01:06:56.000000;1bd053ec-8524-4718-beb0-294f769569e1;371.95;0.5;UNKNOWN
2016-02-09T01:07:06.000000;2016-02-09T01:07:06.000000;1a8cf07a-a8a9-43a9-8ecc-41c4ba97283e;371.87;0.07333273;UNKNOWN
2016-02-09T01:07:08.000000;2016-02-09T01:07:08.000000;187743f2-e08d-4566-96bf-f34d6eeeb2cc;371.95;0.45;UNKNOWN
2016-02-09T01:07:19.000000;2016-02-09T01:07:19.000000;549c0c1e-30b1-4c25-829b-9f5f7f7e0cf1;371.95;0.4;UNKNOWN
2016-02-09T01:07:26.000000;2016-02-09T01:07:26.000000;61547daa-36df-4050-9997-725ae22f696e;371.95;0.36;UNKNOWN
2016-02-09T01:07:31.000000;2016-02-09T01:07:31.000000;fce0504c-498e-4b1c-8233-803ef8a14708;371.94;0.04;UNKNOWN
2016-02-09T01:07:32.000000;2016-02-09T01:07:32.000000;10c0ef36-19a6-44a7-beb1-b33d809d333a;371.94;0.33;UNKNOWN
2016-02-09T01:07:36.000000;2016-02-09T01:07:36.000000;a02bfd51-e7eb-47c5-a5c2-b4d37122b326;371.94;0.92;UNKNOWN
2016-02-09T01:07:36.000000;2016-02-09T01:07:36.000000;b916cd0b-b355-4c6c-8df3-56892da020ed;371.94;0.08;UNKNOWN
2016-02-09T01:07:41.000000;2016-02-09T01:07:41.000000;4c85cea5-2cc4-42c5-8941-18a04ca2cea4;371.95;0.25;UNKNOWN
2016-02-09T01:07:41.000000;2016-02-09T01:07:41.000000;da265822-d829-4338-b729-ee51cbe3e364;371.95;0.04;UNKNOWN
2016-02-09T01:08:06.000000;2016-02-09T01:08:06.000000;bf7c0128-ddf0-4b9b-bc56-7f771f1bfee4;371.88;0.05074084;UNKNOWN
2016-02-09T01:08:09.000000;2016-02-09T01:08:09.000000;6dbc2454-152f-4dd7-bd52-4d788e41cc34;371.72;0.04314814;UNKNOWN
2016-02-09T01:08:09.000000;2016-02-09T01:08:09.000000;73e436ce-2efb-4f7e-af1a-7c400dc97d1c;371.88;0.03525916;UNKNOWN
2016-02-09T01:08:12.000000;2016-02-09T01:08:12.000000;6c0f8d2e-c25e-4ae0-af3e-11f52a5ed328;371.72;0.04479189;UNKNOWN
2016-02-09T01:08:15.000000;2016-02-09T01:08:15.000000;ba610c46-216b-4125-8b11-022f20414c69;371.57;0.11396279;UNKNOWN
2016-02-09T01:08:21.000000;2016-02-09T01:08:21.000000;87ebce59-49c3-472c-9c55-f850cb8f87be;371.6;0.06783351;UNKNOWN
2016-02-09T01:08:44.000000;2016-02-09T01:08:44.000000;436be939-7964-4914-b22c-a3017fb4a8ac;371.56;0.03510628;UNKNOWN
2016-02-09T01:09:10.000000;2016-02-09T01:09:10.000000;062a9e20-d4af-484d-9719-f0a54ccde585;371.76;0.065887;UNKNOWN
2016-02-09T01:10:17.000000;2016-02-09T01:10:17.000000;ef53d110-4974-478f-8ad0-619de30de071;371.83;0.06892884;UNKNOWN
2016-02-09T01:11:06.000000;2016-02-09T01:11:06.000000;b9f3f7a8-a20c-4c39-b9f0-6a63c999b09f;371.61;0.65670252;UNKNOWN
2016-02-09T01:11:06.000000;2016-02-09T01:11:06.000000;8a2d2e9d-2b57-47fe-a7f7-9831cb91678b;371.62;0.35;UNKNOWN
2016-02-09T01:11:21.000000;2016-02-09T01:11:21.000000;decd2127-3291-4d5b-bb2d-6b06f5ab3e9b;371.53;0.03049844;UNKNOWN
2016-02-09T01:11:24.000000;2016-02-09T01:11:24.000000;0a2ae923-f673-4353-803d-325a5280e2fa;371.54;0.09472034;UNKNOWN
2016-02-09T01:12:22.000000;2016-02-09T01:12:22.000000;886577d9-a7d8-4612-8d8d-a7b91d7367ec;371.71;0.1102138;UNKNOWN
2016-02-09T01:12:34.000000;2016-02-09T01:12:34.000000;5bfde717-d9ec-4b78-9366-b2bdc596ddea;371.71;0.10272142;UNKNOWN
2016-02-09T01:12:54.000000;2016-02-09T01:12:54.000000;8a08d5c4-1676-4c95-b2a4-6fca180ef067;371.71;0.11051878;UNKNOWN
2016-02-09T01:13:29.000000;2016-02-09T01:13:29.000000;4cf4e7e2-bb7d-4e9b-8672-7f37acab004f;371.73;0.05358066;UNKNOWN
2016-02-09T01:13:58.000000;2016-02-09T01:13:58.000000;4835e162-7990-435e-ad0b-4c22ed8427ed;371.69;0.05065103;UNKNOWN
2016-02-09T01:14:31.000000;2016-02-09T01:14:31.000000;257a8334-07b3-4472-a523-ee29ce97554f;371.72;0.11899403;UNKNOWN
2016-02-09T01:15:00.000000;2016-02-09T01:15:00.000000;afa5e191-adfd-4b17-ac22-e7598feb5af7;371.72;0.05783015;UNKNOWN
2016-02-09T01:15:21.000000;2016-02-09T01:15:21.000000;851360ef-c638-4c3a-af03-43bc88123f39;371.73;0.01;UNKNOWN
2016-02-09T01:15:22.000000;2016-02-09T01:15:22.000000;1fa0be91-55c7-4272-8566-c6bbc934fbea;371.72;0.07982414;UNKNOWN
2016-02-09T01:15:26.000000;2016-02-09T01:15:26.000000;2a89d296-13a0-40b1-b1c3-17de9daf584b;371.72;0.10097209;UNKNOWN
2016-02-09T01:15:28.000000;2016-02-09T01:15:28.000000;e73529d3-1d75-43cb-84ed-ea48be8c238b;371.72;0.03578304;UNKNOWN
2016-02-09T01:15:31.000000;2016-02-09T01:15:31.000000;3ebd99b6-c15f-44bb-b72c-e807b0db0078;371.72;0.0619041;UNKNOWN
2016-02-09T01:15:38.000000;2016-02-09T01:15:38.000000;c17dbaab-22c7-434d-813e-9f036f24d078;371.72;0.07685622;UNKNOWN
2016-02-09T01:15:40.000000;2016-02-09T01:15:40.000000;9bf5b88f-261c-4bf8-b6d6-98183346868b;371.73;0.468;UNKNOWN
2016-02-09T01:16:08.000000;2016-02-09T01:16:08.000000;780b1a67-7880-4b90-a279-8ed95d1fda41;371.73;0.01;UNKNOWN
2016-02-09T01:16:08.000000;2016-02-09T01:16:08.000000;2290538c-2f71-453f-b5b8-873bd9ecea5c;371.73;1.0;UNKNOWN
2016-02-09T01:16:31.000000;2016-02-09T01:16:31.000000;dd6c8d16-1576-4bda-8e04-2e43c422dfbb;371.73;1.0;UNKNOWN
2016-02-09T01:16:44.000000;2016-02-09T01:16:44.000000;9898acae-3920-4dea-81a6-ef3d42b890a3;371.72;0.1249058;UNKNOWN
2016-02-09T01:16:48.000000;2016-02-09T01:16:48.000000;740c5093-883b-4532-ab9c-178d4b8c486c;371.73;1.0;UNKNOWN
2016-02-09T01:17:05.000000;2016-02-09T01:17:05.000000;6f95a1bc-7a94-40a6-aa8d-450f24eb9105;371.73;0.14938374;UNKNOWN
2016-02-09T01:17:06.000000;2016-02-09T01:17:06.000000;9e010093-1564-4a51-ad25-d57d6c538eb8;371.73;1.00099999;UNKNOWN
2016-02-09T01:17:09.000000;2016-02-09T01:17:09.000000;82641c3e-a817-4a8c-9f81-8820bbb50fdd;371.72;0.01;UNKNOWN
2016-02-09T01:17:44.000000;2016-02-09T01:17:44.000000;8daa3f0e-6970-4dad-822d-530de7e49a2e;371.72;0.05811068;UNKNOWN
2016-02-09T01:17:57.000000;2016-02-09T01:17:57.000000;33ec2117-866c-409c-9288-17097931e1e9;371.72;0.01;UNKNOWN
2016-02-09T01:18:05.000000;2016-02-09T01:18:05.000000;acc99b5a-dde3-4f3f-a57d-86c73c272e5f;371.73;2.30926438;UNKNOWN
2016-02-09T01:18:13.000000;2016-02-09T01:18:13.000000;fcc85bbe-dd73-4bdd-95e4-25434cf69057;371.72;1.0;UNKNOWN
2016-02-09T01:18:15.000000;2016-02-09T01:18:15.000000;0fc0a0dd-8329-476a-a0c8-9a282cb500b3;371.73;1.0;UNKNOWN
2016-02-09T01:18:36.000000;2016-02-09T01:18:36.000000;83998334-02a2-4ebb-a4c8-bfa8ac7817c7;371.73;1.0;UNKNOWN
2016-02-09T01:18:44.000000;2016-02-09T01:18:44.000000;8f58dccc-71e5-4f6a-86bf-94c52c7cbfaf;371.72;0.026;UNKNOWN
2016-02-09T01:18:45.000000;2016-02-09T01:18:45.000000;0afd13c5-fc58-410f-b61f-20dd3b5cea0b;371.72;0.11582019;UNKNOWN
2016-02-09T01:18:47.000000;2016-02-09T01:18:47.000000;0565aa47-79f4-4aef-a0bf-6a9e3f4badea;371.73;1.0;UNKNOWN
2016-02-09T01:18:49.000000;2016-02-09T01:18:49.000000;3671b2c3-c671-42c8-8424-b2a080a4967c;371.73;1.0;UNKNOWN
2016-02-09T01:18:56.000000;2016-02-09T01:18:56.000000;11e31d14-f3fe-4135-b150-f26dd64e5ca3;371.73;1.0;UNKNOWN
2016-02-09T01:19:23.000000;2016-02-09T01:19:23.000000;188f9f9d-9fe5-4f54-8d22-f0d061b1509f;371.73;1.0;UNKNOWN
2016-02-09T01:19:51.000000;2016-02-09T01:19:51.000000;84cf95aa-e03f-4bea-a3a4-b74a02526338;371.72;0.0724152;UNKNOWN
2016-02-09T01:20:08.000000;2016-02-09T01:20:08.000000;ff644a04-e1e2-4ba4-8036-b7d6af15f307;371.72;0.01;UNKNOWN
2016-02-09T01:21:20.000000;2016-02-09T01:21:20.000000;8bce0171-585f-4710-982a-ca8bad57d49d;371.72;0.01725187;UNKNOWN
2016-02-09T01:21:20.000000;2016-02-09T01:21:20.000000;ebe44762-d358-4756-8598-4675e9bf7ee1;371.72;0.02274813;UNKNOWN
2016-02-09T01:25:27.000000;2016-02-09T01:25:27.000000;809a2c20-f048-487e-ad4e-d1ec07e6f381;371.73;0.01;UNKNOWN
2016-02-09T01:26:01.000000;2016-02-09T01:26:01.000000;ef3ce39a-3686-4ef2-b57d-ae136365f5ca;371.73;0.06057925;UNKNOWN
2016-02-09T01:26:04.000000;2016-02-09T01:26:04.000000;e0bb36fc-8a67-48ef-9fbc-f62bf974e87b;371.73;0.07543824;UNKNOWN
2016-02-09T01:26:08.000000;2016-02-09T01:26:08.000000;509b0800-b311-43fc-a65c-b590ad36e8b4;371.73;0.05062584;UNKNOWN
2016-02-09T01:26:11.000000;2016-02-09T01:26:11.000000;bde9017c-2721-4c82-95dc-adb70962bdb5;371.73;0.04873837;UNKNOWN
2016-02-09T01:28:39.000000;2016-02-09T01:28:39.000000;7086a71e-0a38-4d14-9c0b-cc36f6d7ddd3;371.84;0.02568609;UNKNOWN
2016-02-09T01:28:39.000000;2016-02-09T01:28:39.000000;9a1d0b95-6dbe-40b9-8e8a-4793fac011ac;371.85;0.88431391;UNKNOWN
2016-02-09T01:36:12.000000;2016-02-09T01:36:12.000000;9492d94b-4937-4594-a72f-bf720842973f;371.72;0.06274813;UNKNOWN
2016-02-09T01:36:12.000000;2016-02-09T01:36:12.000000;1b63a656-bbfc-4739-9402-d05ed15e08b4;371.58;0.09;UNKNOWN
2016-02-09T01:36:12.000000;2016-02-09T01:36:12.000000;feebb5d3-86f8-4a9e-9804-d9c6e9a64b42;371.52;2.23450374;UNKNOWN
2016-02-09T01:36:12.000000;2016-02-09T01:36:12.000000;a50e009c-0ee7-49aa-b577-ca996aa83f19;371.72;0.02274813;UNKNOWN
2016-02-09T01:37:53.000000;2016-02-09T01:37:53.000000;0d067435-2b57-45e6-878c-bd508b8fd676;371.5;10.0;UNKNOWN
2016-02-09T01:37:53.000000;2016-02-09T01:37:53.000000;a507dbbe-331b-4d7d-a71e-7e35cc4879a7;371.51;3.0;UNKNOWN
2016-02-09T01:38:05.000000;2016-02-09T01:38:05.000000;b49fd871-bc3b-485e-8a3c-30c58a6b105d;371.43;2.30605351;UNKNOWN
2016-02-09T01:38:49.000000;2016-02-09T01:38:49.000000;53566c23-2ebd-464a-b4e6-4bd2af506cbc;371.42;0.1283;UNKNOWN
2016-02-09T01:39:29.000000;2016-02-09T01:39:29.000000;b0fdebd2-3246-47d9-aa34-fc3e2e39cfb9;371.43;1.0;UNKNOWN
2016-02-09T01:39:59.000000;2016-02-09T01:39:59.000000;3bcc4dbd-d46a-447c-85d5-c5945b5bf2ca;371.43;0.872;UNKNOWN
2016-02-09T01:40:05.000000;2016-02-09T01:40:05.000000;8cdcdf39-c1a3-49ba-847b-21f6c28a037c;371.43;0.01;UNKNOWN
2016-02-09T01:40:07.000000;2016-02-09T01:40:07.000000;4885de20-f986-474d-a778-e28fcb871e71;371.43;1.0;UNKNOWN
2016-02-09T01:40:15.000000;2016-02-09T01:40:15.000000;2cd6b1d2-6cd0-412f-9e25-fbc88f3731a1;371.43;0.5;UNKNOWN
2016-02-09T01:40:15.000000;2016-02-09T01:40:15.000000;ab04e8c0-b975-4e9b-b030-029ec4557352;371.43;1.0;UNKNOWN
2016-02-09T01:40:21.000000;2016-02-09T01:40:21.000000;7952498c-9e73-4803-8ff7-82c099ca9537;371.43;1.0;UNKNOWN
2016-02-09T01:40:23.000000;2016-02-09T01:40:23.000000;16db8316-42b2-403a-b758-f853ffb176e0;371.42;0.11660298;UNKNOWN
2016-02-09T01:40:34.000000;2016-02-09T01:40:34.000000;acf9574f-fc11-4078-a91d-914b01100151;371.43;0.883;UNKNOWN
2016-02-09T01:41:35.000000;2016-02-09T01:41:35.000000;e7b7e113-d9f2-4fa8-8a28-b22f01681e4a;371.48;6.7194;UNKNOWN
2016-02-09T01:41:35.000000;2016-02-09T01:41:35.000000;6149abba-a473-4fb5-a875-53bad9a0aeec;371.5;38.09585351;UNKNOWN
2016-02-09T01:41:35.000000;2016-02-09T01:41:35.000000;475d8922-cc22-4096-8989-d96250df0031;371.49;1.51;UNKNOWN
2016-02-09T01:41:35.000000;2016-02-09T01:41:35.000000;547406ce-293c-450b-8097-28cfe1bcd168;371.43;2.67474649;UNKNOWN
2016-02-09T01:41:47.000000;2016-02-09T01:41:47.000000;4a5a8abd-05cf-49cf-97ce-bbdcf7003c30;371.75;0.44948943;UNKNOWN
2016-02-09T01:41:47.000000;2016-02-09T01:41:47.000000;fc6faf4a-d147-443f-b1af-8211d5626a83;371.5;0.55051057;UNKNOWN
2016-02-09T01:41:49.000000;2016-02-09T01:41:49.000000;30952aa4-6c58-47fc-a857-4140117664e2;371.75;1.0;UNKNOWN
2016-02-09T01:41:52.000000;2016-02-09T01:41:52.000000;2fa889ff-4590-4113-a47d-0f31b3a974bd;371.74;1.0;UNKNOWN
2016-02-09T01:41:54.000000;2016-02-09T01:41:54.000000;b7f4ecd5-df2a-4eb5-afcd-d8f79d8e2929;371.66;1.0;UNKNOWN
2016-02-09T01:42:15.000000;2016-02-09T01:42:15.000000;9f53579d-21f6-41b5-802c-c71b7111ed1d;371.66;6.69175;UNKNOWN
2016-02-09T01:42:15.000000;2016-02-09T01:42:15.000000;ab15d6ea-4aee-4cd3-81f3-7c1b158fb781;371.73;6.7237;UNKNOWN
2016-02-09T01:42:15.000000;2016-02-09T01:42:15.000000;1c721d3a-52e5-4ea1-9946-8afdc0da950b;371.53;0.93677576;UNKNOWN
2016-02-09T01:42:15.000000;2016-02-09T01:42:15.000000;049c83eb-80d1-4ddd-a9bb-20d40d4537a0;371.92;0.27;UNKNOWN
2016-02-09T01:42:15.000000;2016-02-09T01:42:15.000000;1087f503-452b-489a-a755-6e2c8473308c;371.99;29.0;UNKNOWN
2016-02-09T01:42:15.000000;2016-02-09T01:42:15.000000;10730a8b-6345-4e4d-bde8-a9bc779b598d;372.0;0.01;UNKNOWN
2016-02-09T01:42:15.000000;2016-02-09T01:42:15.000000;b4a17534-0d4c-4bbe-a6ce-eb91356def3b;371.98;1.51;UNKNOWN
2016-02-09T01:42:15.000000;2016-02-09T01:42:15.000000;0e806d15-57c8-486b-947c-3824e10bc2a3;371.75;13.55051057;UNKNOWN
2016-02-09T01:42:15.000000;2016-02-09T01:42:15.000000;52849e75-6cb5-4920-bfcf-ea0a5eed585d;372.0;0.05;UNKNOWN
2016-02-09T01:42:15.000000;2016-02-09T01:42:15.000000;d0afe603-9808-40ca-9b23-b6cf003ba659;372.0;1.95;UNKNOWN
2016-02-09T01:43:20.000000;2016-02-09T01:43:20.000000;16c8f74e-3834-4fd7-8b01-cfaa3e65edd5;372.03;6.48532762;UNKNOWN
2016-02-09T01:43:56.000000;2016-02-09T01:43:56.000000;c055199e-7371-4dba-b65b-04d58ece155f;372.04;0.01;UNKNOWN
2016-02-09T01:43:56.000000;2016-02-09T01:43:56.000000;4e888bba-f857-4aef-8658-c49ca503e1c0;372.04;5.49;UNKNOWN
2016-02-09T01:44:17.000000;2016-02-09T01:44:17.000000;8b200da2-6ced-405f-bb6e-89bb3f12d4d5;372.13;1.93;UNKNOWN
2016-02-09T01:44:17.000000;2016-02-09T01:44:17.000000;7fcb1309-f3a5-41d0-bb74-5eb698abaae6;372.14;0.01;UNKNOWN
2016-02-09T01:44:17.000000;2016-02-09T01:44:17.000000;a6695e7a-0104-4cc7-b582-52b6f39ef34b;372.24;0.01;UNKNOWN
2016-02-09T01:44:17.000000;2016-02-09T01:44:17.000000;4cb48e94-5c4e-45b5-842f-c6c59351a328;372.26;3.05;UNKNOWN
2016-02-09T01:44:34.000000;2016-02-09T01:44:34.000000;b653778e-b718-4f89-b27f-c856cc3530b9;372.19;9.01612;UNKNOWN
2016-02-09T01:46:12.000000;2016-02-09T01:46:12.000000;83960b8d-e9b6-42cc-ae4d-02ebc8e1fcaf;372.34;0.01;UNKNOWN
2016-02-09T01:46:12.000000;2016-02-09T01:46:12.000000;685333dd-efbf-4971-8a11-70f97914c065;372.19;0.02274813;UNKNOWN
2016-02-09T01:46:12.000000;2016-02-09T01:46:12.000000;fe1f076a-1557-4989-97a2-64b38ebf7bda;372.43;3.87236679;UNKNOWN
2016-02-09T01:46:12.000000;2016-02-09T01:46:12.000000;892372aa-d956-41e0-9887-ef01b2f9bfaf;372.46;13.61;UNKNOWN
2016-02-09T01:46:12.000000;2016-02-09T01:46:12.000000;43d01789-5b14-429b-b116-911a6d792fe3;372.32;0.1;UNKNOWN
2016-02-09T01:46:12.000000;2016-02-09T01:46:12.000000;7f4f53d6-4f55-4471-90ce-9c65ed7367ff;372.44;0.01;UNKNOWN
2016-02-09T01:46:12.000000;2016-02-09T01:46:12.000000;0a2a8644-e520-468c-ba53-ecd08350e268;372.42;6.6354;UNKNOWN
2016-02-09T01:46:12.000000;2016-02-09T01:46:12.000000;f9b004cb-d5cd-4b7e-b737-32b03aa384e0;372.47;5.51673695;UNKNOWN
2016-02-09T01:46:12.000000;2016-02-09T01:46:12.000000;ed438522-436b-4913-8240-10058477d74f;372.19;0.02274813;UNKNOWN
2016-02-09T01:46:12.000000;2016-02-09T01:46:12.000000;c5b71843-9ff1-4711-8d8a-5e9e17293c35;372.47;0.2;UNKNOWN
2016-02-09T01:46:17.000000;2016-02-09T01:46:17.000000;680c52d7-689d-4d6d-86e0-83a05b468fba;372.14;1.2;UNKNOWN
2016-02-09T01:46:26.000000;2016-02-09T01:46:26.000000;b6744974-b5ac-4a3b-9233-bc0ad3d273dc;372.14;3.0;UNKNOWN
2016-02-09T01:46:50.000000;2016-02-09T01:46:50.000000;4b52ade7-cbad-4a25-933a-8fa72a0b18ae;372.14;2.8;UNKNOWN
2016-02-09T01:49:52.000000;2016-02-09T01:49:52.000000;d85c3011-e52a-4f41-9e26-cd08094cbc69;372.46;0.11919015;UNKNOWN
2016-02-09T01:49:52.000000;2016-02-09T01:49:52.000000;797839c2-9e3d-41ae-aa8c-5e98f5608894;372.42;0.29080985;UNKNOWN
2016-02-09T01:51:06.000000;2016-02-09T01:51:06.000000;1ca04f71-f943-4af2-a173-08984de14755;372.44;2.0;UNKNOWN
2016-02-09T01:53:10.000000;2016-02-09T01:53:10.000000;0f7b5802-684e-40ef-a4c6-a351244e6f25;372.41;0.029133;UNKNOWN
2016-02-09T01:53:11.000000;2016-02-09T01:53:11.000000;e214c510-2fb5-4316-a6e3-16f2ca6edbac;372.41;0.38332899;UNKNOWN
2016-02-09T01:54:07.000000;2016-02-09T01:54:07.000000;5fe899b6-497c-492c-9105-5b0df0e54d33;372.41;5.0;UNKNOWN
2016-02-09T01:58:55.000000;2016-02-09T01:58:55.000000;c94eb6f2-4dba-44d7-9e58-fd8f98a4119c;372.37;0.06;UNKNOWN
2016-02-09T02:00:10.000000;2016-02-09T02:00:10.000000;fb48a16c-bc48-45a4-b99a-088192f7c07d;372.37;0.04549626;UNKNOWN
2016-02-09T02:01:53.000000;2016-02-09T02:01:53.000000;6e0e2eb3-746b-470b-b312-7f560e2ee270;372.34;0.0145096;UNKNOWN
2016-02-09T02:05:45.000000;2016-02-09T02:05:45.000000;261a5336-2533-4681-85b0-c5983c7e7238;372.36;2.88;UNKNOWN
2016-02-09T02:07:15.000000;2016-02-09T02:07:15.000000;33fc1d2c-d1a9-4676-85c8-d306fc30dea2;372.15;1.0;UNKNOWN
2016-02-09T02:07:31.000000;2016-02-09T02:07:31.000000;5ecd71c5-7b2a-469a-a1c2-dfe717776314;372.3;0.5422;UNKNOWN
2016-02-09T02:08:53.000000;2016-02-09T02:08:53.000000;dd19e8b7-ae7d-4c3c-a2a0-7e8d9967473c;372.13;2.0;UNKNOWN
2016-02-09T02:09:38.000000;2016-02-09T02:09:38.000000;71adaf05-4b63-4e1c-bd6c-a5918310cb63;372.01;0.12;UNKNOWN
2016-02-09T02:10:59.000000;2016-02-09T02:10:59.000000;542b959e-7b1c-4f77-9538-ee5c79bf6506;372.01;9.45;UNKNOWN
2016-02-09T02:12:16.000000;2016-02-09T02:12:16.000000;f3ed61e6-3e3a-4e79-b94d-ff19f9c458df;372.01;0.95;UNKNOWN
2016-02-09T02:13:05.000000;2016-02-09T02:13:05.000000;e87e5316-b541-4865-b3a6-019b775ac7da;372.02;0.07664815;UNKNOWN
2016-02-09T02:16:45.000000;2016-02-09T02:16:45.000000;1b9eb8f6-9623-41e7-bd69-fef67790bb2d;372.01;18.0;UNKNOWN
2016-02-09T02:20:27.000000;2016-02-09T02:20:27.000000;3dd2ba91-13d2-457c-877d-b8b8b3aec7ac;372.02;2.41664815;UNKNOWN
2016-02-09T02:20:27.000000;2016-02-09T02:20:27.000000;947e2e1f-4c8e-44e4-b286-d962a9c966a1;372.02;0.12335185;UNKNOWN
2016-02-09T02:21:49.000000;2016-02-09T02:21:49.000000;9f8a2c92-9284-4c71-a2d8-f12a52117c49;372.01;0.06;UNKNOWN
2016-02-09T02:23:05.000000;2016-02-09T02:23:05.000000;b13dbe59-c3a1-4472-9422-e481576af242;372.02;0.01;UNKNOWN
2016-02-09T02:23:05.000000;2016-02-09T02:23:05.000000;8570748d-4568-42d6-8ae0-09ae6ce06c9f;372.04;0.83781687;UNKNOWN
2016-02-09T02:23:07.000000;2016-02-09T02:23:07.000000;27f2f889-5e41-4adc-8477-5d647dc5cbef;372.01;0.04549626;UNKNOWN
2016-02-09T02:31:05.000000;2016-02-09T02:31:05.000000;db53aefd-b0fe-4ce3-af38-088c32ea7d2e;372.11;1.11446567;UNKNOWN
2016-02-09T02:31:36.000000;2016-02-09T02:31:36.000000;f099eadb-3bd4-4dbb-ac36-ec9e269389cf;372.11;38.7958;UNKNOWN
2016-02-09T02:31:40.000000;2016-02-09T02:31:40.000000;3bf03277-de18-4b78-ab46-65cb95f34f67;372.24;0.4;UNKNOWN
2016-02-09T02:36:09.000000;2016-02-09T02:36:09.000000;d7551f0a-8687-4c5f-b792-7c26e47866ce;372.25;2.0;UNKNOWN
2016-02-09T02:41:21.000000;2016-02-09T02:41:21.000000;c24555e7-b2bd-4414-9cee-037c147827fd;372.09;2.0;UNKNOWN
2016-02-09T02:43:32.000000;2016-02-09T02:43:32.000000;5ef7514f-a77f-4004-b02b-7526656b1bf6;372.34;0.8049;UNKNOWN
2016-02-09T02:46:08.000000;2016-02-09T02:46:08.000000;9b3bc6d7-3007-4522-bc9a-1c1e6c6fe678;372.34;0.09099252;UNKNOWN
2016-02-09T02:47:47.000000;2016-02-09T02:47:47.000000;9c3df6f1-6b44-4220-8f66-3e3297375b58;372.34;0.0125;UNKNOWN
2016-02-09T02:47:50.000000;2016-02-09T02:47:50.000000;79751d46-a5c9-40fe-98c0-a45876c8b57c;372.34;0.0125;UNKNOWN
2016-02-09T02:47:52.000000;2016-02-09T02:47:52.000000;253b29e5-8afe-4aa0-87fc-fa5bdf8bfec6;372.34;0.0125;UNKNOWN
2016-02-09T02:48:40.000000;2016-02-09T02:48:40.000000;0ea9e2df-1281-4452-8e19-442fe46e344a;372.33;0.0125;UNKNOWN
2016-02-09T02:57:02.000000;2016-02-09T02:57:02.000000;ffb3e2d2-8be1-4e31-944e-e95d5d3afa94;372.04;0.2448549;UNKNOWN
2016-02-09T02:57:16.000000;2016-02-09T02:57:16.000000;8ef640df-4a71-4e32-82bd-17482fb81c03;372.15;0.0125;UNKNOWN
2016-02-09T02:57:40.000000;2016-02-09T02:57:40.000000;a574f628-5224-4ab1-b5fc-bd6635219ec0;372.01;0.03268263;UNKNOWN
2016-02-09T03:02:05.000000;2016-02-09T03:02:05.000000;4e646818-96e8-4211-90a3-38dbee06548e;372.1;0.014;UNKNOWN
2016-02-09T03:02:51.000000;2016-02-09T03:02:51.000000;2799f758-32d2-46ad-a172-d52a213a8e39;372.1;0.011;UNKNOWN
2016-02-09T03:03:24.000000;2016-02-09T03:03:24.000000;2fdce9dd-febf-4040-adb4-9f54b46cda38;372.1;2.0;UNKNOWN
2016-02-09T03:03:47.000000;2016-02-09T03:03:47.000000;8f9e4b99-91f1-458c-b0ac-84a3d77f70a0;372.1;0.012;UNKNOWN
2016-02-09T03:04:04.000000;2016-02-09T03:04:04.000000;bd0cd510-e49f-42a9-8b7e-c67df3077f1c;372.14;0.1238;UNKNOWN
2016-02-09T03:04:06.000000;2016-02-09T03:04:06.000000;bc35457e-769b-4bcb-aec3-a7f241d47474;372.14;0.1238;UNKNOWN
2016-02-09T03:04:06.000000;2016-02-09T03:04:06.000000;26ad03ed-3dfb-4884-a0f0-940676f7a635;372.14;0.1238;UNKNOWN
2016-02-09T03:04:07.000000;2016-02-09T03:04:07.000000;f84249cd-714e-4678-bc6a-dd97c07d8e9a;372.14;0.1238;UNKNOWN
2016-02-09T03:04:08.000000;2016-02-09T03:04:08.000000;5236ee15-8024-4aed-871c-95a0512c53bb;372.14;0.1238;UNKNOWN
2016-02-09T03:06:57.000000;2016-02-09T03:06:57.000000;ce6a0a02-18a8-468d-a49b-4f8f84234f8c;372.14;0.1238;UNKNOWN
2016-02-09T03:06:57.000000;2016-02-09T03:06:57.000000;ac1012ad-4fea-4897-a7d7-448fa7ecacd5;372.01;4.34182111;UNKNOWN
2016-02-09T03:06:57.000000;2016-02-09T03:06:57.000000;aa8de139-b524-4684-be2c-fb8c95ab4b65;372.06;3.0;UNKNOWN
2016-02-09T03:06:57.000000;2016-02-09T03:06:57.000000;4aa151d0-7135-4803-a29f-8890ff533028;372.07;0.5;UNKNOWN
2016-02-09T03:06:57.000000;2016-02-09T03:06:57.000000;5ef92a48-d74c-4d47-a579-0b5b45e8ac82;372.05;6.6217;UNKNOWN
2016-02-09T03:06:57.000000;2016-02-09T03:06:57.000000;bd92278b-912d-48c1-ac2a-db6f4dcf2cac;372.14;0.1238;UNKNOWN
2016-02-09T03:07:01.000000;2016-02-09T03:07:01.000000;90dab1b4-4afe-49ab-943d-c631dd3b280c;371.61;2.0;UNKNOWN
2016-02-09T03:07:18.000000;2016-02-09T03:07:18.000000;0603ad77-6918-4e07-904f-34714f247dfc;371.99;0.0125;UNKNOWN
2016-02-09T03:07:58.000000;2016-02-09T03:07:58.000000;81bdf2df-f147-4d0f-8ac3-8db399603784;371.99;0.01;UNKNOWN
2016-02-09T03:07:59.000000;2016-02-09T03:07:59.000000;1b48ad0b-a741-47ee-b7e6-1fed5d8c3973;371.99;0.01;UNKNOWN
2016-02-09T03:07:59.000000;2016-02-09T03:07:59.000000;40a3083a-0fa9-4f33-8408-5a299f3e6378;371.99;0.01;UNKNOWN
2016-02-09T03:08:00.000000;2016-02-09T03:08:00.000000;6eb80b54-1022-42eb-8366-bae0e2ab4951;371.99;0.01;UNKNOWN
2016-02-09T03:08:01.000000;2016-02-09T03:08:01.000000;99f1a24e-8e80-4538-a981-b3ce45fbcd30;371.99;0.01;UNKNOWN
2016-02-09T03:08:01.000000;2016-02-09T03:08:01.000000;abcb0b8a-e6f5-4201-a32a-2171a11a691e;371.99;0.01;UNKNOWN
2016-02-09T03:08:02.000000;2016-02-09T03:08:02.000000;309ba0c3-000b-4684-acb9-379644c0e4f8;371.99;0.01;UNKNOWN
2016-02-09T03:08:02.000000;2016-02-09T03:08:02.000000;ead43f6d-89d1-4d86-92cb-e560a5e368c8;371.99;0.01;UNKNOWN
2016-02-09T03:08:03.000000;2016-02-09T03:08:03.000000;9f6842f4-88a7-413c-b291-a42a8ad22432;371.99;0.01;UNKNOWN
2016-02-09T03:08:04.000000;2016-02-09T03:08:04.000000;749bfeb4-8da9-4283-8f45-5d4d08ef0f68;371.99;0.01;UNKNOWN
2016-02-09T03:08:04.000000;2016-02-09T03:08:04.000000;5bf73ae4-ee7d-42c5-ae6f-0d695af8e3ac;371.99;0.01;UNKNOWN
2016-02-09T03:08:05.000000;2016-02-09T03:08:05.000000;79260345-f4da-440b-9bcc-c8b19018063f;371.99;0.02;UNKNOWN
2016-02-09T03:08:05.000000;2016-02-09T03:08:05.000000;443eb32a-532b-440c-983a-9e730ada03cd;371.99;0.01;UNKNOWN
2016-02-09T03:10:13.000000;2016-02-09T03:10:13.000000;7817cedd-265c-467e-bbf7-852562caa328;371.97;0.01;UNKNOWN
2016-02-09T03:15:29.000000;2016-02-09T03:15:29.000000;034d960f-abb7-48ca-9333-93bc30a792da;371.93;0.01;UNKNOWN
2016-02-09T03:15:29.000000;2016-02-09T03:15:29.000000;9301b882-44d8-4c83-aaf2-10bc61f53336;371.96;0.84;UNKNOWN
2016-02-09T03:19:12.000000;2016-02-09T03:19:12.000000;dc495cc4-0b50-4899-9ec6-f5fbe24107e1;371.87;0.4995;UNKNOWN
2016-02-09T03:21:04.000000;2016-02-09T03:21:04.000000;2d796a87-db1a-4d0f-888d-91bdabd03e66;371.75;0.86040098;UNKNOWN
2016-02-09T03:21:18.000000;2016-02-09T03:21:18.000000;f91b95cb-bc58-44b4-a63d-6938a3dfd3f4;371.61;0.01722091;UNKNOWN
2016-02-09T03:22:04.000000;2016-02-09T03:22:04.000000;a60d4012-3d32-48d5-adab-864069003f17;371.6;0.1;UNKNOWN
2016-02-09T03:22:04.000000;2016-02-09T03:22:04.000000;b6ccb7a1-933a-43f2-aa01-684c0efdbbae;371.61;0.14237811;UNKNOWN
2016-02-09T03:22:53.000000;2016-02-09T03:22:53.000000;9b15d555-dfbe-4b93-aa0e-0f24cc6bb1b6;371.41;5.0;UNKNOWN
2016-02-09T03:23:05.000000;2016-02-09T03:23:05.000000;a36f1208-eeee-4148-aa24-25138e61c24a;371.49;0.0125;UNKNOWN
2016-02-09T03:23:06.000000;2016-02-09T03:23:06.000000;df80af2b-1f48-4b34-9912-a736042a09a4;371.4;5.0;UNKNOWN
2016-02-09T03:23:06.000000;2016-02-09T03:23:06.000000;0845c0b7-b5d5-414f-93c5-681c4e2e63f8;371.49;3.6;UNKNOWN
2016-02-09T03:23:14.000000;2016-02-09T03:23:14.000000;04336a79-5be3-484e-9c1e-82ab457f4bdd;371.2;0.01;UNKNOWN
2016-02-09T03:23:14.000000;2016-02-09T03:23:14.000000;f22e8c27-6ae2-40cf-beef-4000f9c59603;371.31;0.09;UNKNOWN
2016-02-09T03:23:14.000000;2016-02-09T03:23:14.000000;8395cbd4-a1c4-43e0-9342-3766875dfbaf;371.19;1.02744;UNKNOWN
2016-02-09T03:23:14.000000;2016-02-09T03:23:14.000000;8b7e4461-37cb-49fb-801d-b3fc1035a71f;371.4;2.87256;UNKNOWN
2016-02-09T03:23:34.000000;2016-02-09T03:23:34.000000;03d35288-7100-4017-af09-2b606b93e436;371.32;1.0;UNKNOWN
2016-02-09T03:25:36.000000;2016-02-09T03:25:36.000000;4e43bded-2d3a-4e6b-9ea9-426ef55077f1;371.49;2.39;UNKNOWN
2016-02-09T03:25:36.000000;2016-02-09T03:25:36.000000;7df0d670-db78-4192-8db4-11ee1bfb6c9d;371.49;6.6911;UNKNOWN
2016-02-09T03:25:52.000000;2016-02-09T03:25:52.000000;639d7d61-86c4-411e-b6b4-9c280fe76428;371.5;4.2112;UNKNOWN
2016-02-09T03:26:05.000000;2016-02-09T03:26:05.000000;cde900dc-2a27-49dd-9020-121d134e393a;371.5;0.5;UNKNOWN
2016-02-09T03:27:00.000000;2016-02-09T03:27:00.000000;a32a73a0-19f2-4d77-a96b-4afaef161243;371.5;0.0125;UNKNOWN
2016-02-09T03:36:28.000000;2016-02-09T03:36:28.000000;4465b3b3-d96a-414b-a71d-1edcd5c1db25;371.5;0.0125;UNKNOWN
2016-02-09T03:39:34.000000;2016-02-09T03:39:34.000000;7888d043-67ed-4296-8c20-9d432c25bf37;371.5;4.0;UNKNOWN
2016-02-09T03:39:47.000000;2016-02-09T03:39:47.000000;580a8417-7cec-4091-b70b-ebfd4981b504;371.86;0.97157811;UNKNOWN
2016-02-09T03:39:47.000000;2016-02-09T03:39:47.000000;0f2ff6e7-7368-4dae-8809-191d86ae77e0;371.5;0.02142189;UNKNOWN
2016-02-09T03:40:22.000000;2016-02-09T03:40:22.000000;88545988-ae6b-4671-b372-fa7f8772b615;371.86;0.25;UNKNOWN
2016-02-09T03:40:55.000000;2016-02-09T03:40:55.000000;7dc1af51-ddc5-4da6-893e-485ed942af9e;371.87;0.063;UNKNOWN
2016-02-09T03:41:27.000000;2016-02-09T03:41:27.000000;dd74f4ed-2760-4d40-9072-b175e16eab8c;371.9;5.0;UNKNOWN
2016-02-09T03:43:16.000000;2016-02-09T03:43:16.000000;6c3fce50-3c2e-4cfb-b667-796dd96db36a;371.9;3.0;UNKNOWN
2016-02-09T03:44:44.000000;2016-02-09T03:44:44.000000;8bc60cf4-7694-4925-9320-b09271cc1320;371.98;0.89;UNKNOWN
2016-02-09T03:44:44.000000;2016-02-09T03:44:44.000000;603daae6-08ae-43af-b027-223e2a97ce7f;371.9;0.15;UNKNOWN
2016-02-09T03:44:44.000000;2016-02-09T03:44:44.000000;2ab85b18-6b6e-443a-8841-eb5394fd9ab4;371.97;0.91;UNKNOWN
2016-02-09T03:44:52.000000;2016-02-09T03:44:52.000000;60c078c3-7aa4-497b-8e5a-65be36ecff95;371.86;0.244;UNKNOWN
2016-02-09T03:51:45.000000;2016-02-09T03:51:45.000000;b87f6a35-4ad3-4ed2-90c0-b31451e5be3d;371.88;0.16141173;UNKNOWN
2016-02-09T03:51:45.000000;2016-02-09T03:51:45.000000;59cc8f03-e6d3-4935-952b-accbe9aaad09;371.87;0.13358827;UNKNOWN
2016-02-09T03:51:54.000000;2016-02-09T03:51:54.000000;094578b1-e9c1-452f-a4ec-55e9805f3768;371.88;0.025;UNKNOWN
2016-02-09T03:51:54.000000;2016-02-09T03:51:54.000000;9319dcbc-ca7b-46db-a8a9-78c81b840a27;371.88;0.27;UNKNOWN
2016-02-09T03:54:05.000000;2016-02-09T03:54:05.000000;ac7cb096-927a-4ca3-affb-122b5ee5c967;371.83;0.03677327;UNKNOWN
2016-02-09T03:55:40.000000;2016-02-09T03:55:40.000000;4d3b9ac7-7f42-4b25-8c99-06bf775f8cfc;371.96;0.0603615;UNKNOWN
2016-02-09T03:55:40.000000;2016-02-09T03:55:40.000000;a976a289-c466-4168-926f-4ac8d3e390d8;372.0;0.5021385;UNKNOWN
2016-02-09T03:55:40.000000;2016-02-09T03:55:40.000000;bb1e5c8c-d6b6-4e9f-aa3f-47a23f201eca;371.99;9.4375;UNKNOWN
2016-02-09T03:56:05.000000;2016-02-09T03:56:05.000000;62056a8a-208c-43ed-92db-dd36b662eff4;371.99;0.0272796;UNKNOWN
2016-02-09T03:56:05.000000;2016-02-09T03:56:05.000000;14598d23-16c4-4592-95a1-96fa8648c757;372.0;0.0327204;UNKNOWN
2016-02-09T03:56:23.000000;2016-02-09T03:56:23.000000;f8c6d139-c7ed-47de-9d70-79185854677f;372.0;0.2;UNKNOWN
2016-02-09T03:56:34.000000;2016-02-09T03:56:34.000000;b74efbc8-be76-465b-80c8-00fc21e12e66;372.0;0.04;UNKNOWN
2016-02-09T04:00:10.000000;2016-02-09T04:00:10.000000;88d61fd1-dbad-40d4-a955-92a039df0d7a;372.0;0.0903;UNKNOWN
2016-02-09T04:01:02.000000;2016-02-09T04:01:02.000000;c481776c-a5ff-40af-bef9-1a88890934bf;372.64;0.01;UNKNOWN
2016-02-09T04:01:02.000000;2016-02-09T04:01:02.000000;7a4cc345-3ad2-4232-beaf-58c97434442d;372.64;3.87376685;UNKNOWN
2016-02-09T04:01:02.000000;2016-02-09T04:01:02.000000;038d413f-a0cd-4760-bedc-2a9c4df06d8f;372.7;3.87376685;UNKNOWN
2016-02-09T04:01:02.000000;2016-02-09T04:01:02.000000;3f012a70-0118-4631-bb03-a793279c90fb;372.57;3.87406699;UNKNOWN
2016-02-09T04:01:02.000000;2016-02-09T04:01:02.000000;4b26d48b-d7f2-4006-89b0-05732f7695c6;372.5;0.1;UNKNOWN
2016-02-09T04:01:02.000000;2016-02-09T04:01:02.000000;de4e6830-08d4-41f5-946f-91939fc963d9;372.63;1.77;UNKNOWN
2016-02-09T04:01:02.000000;2016-02-09T04:01:02.000000;1d487514-afdd-4ce0-bc84-14c078eddd5a;372.5;19.0;UNKNOWN
2016-02-09T04:01:02.000000;2016-02-09T04:01:02.000000;e8238aeb-5c28-4ce8-8ed8-d4dc6e07f6e2;372.54;0.01;UNKNOWN
2016-02-09T04:01:02.000000;2016-02-09T04:01:02.000000;a0466379-f15c-44f8-9c25-caa0bf831794;372.58;3.01;UNKNOWN
2016-02-09T04:01:02.000000;2016-02-09T04:01:02.000000;df04bec4-5aed-437e-a198-ad2a25fe6218;372.59;14.4912;UNKNOWN
2016-02-09T04:01:02.000000;2016-02-09T04:01:02.000000;99844e4c-1249-49f3-b271-4c93b3d1f747;372.44;15.9161;UNKNOWN
2016-02-09T04:01:02.000000;2016-02-09T04:01:02.000000;e6177328-0be3-4adc-81ab-acccffa01d8a;372.48;3.87406699;UNKNOWN
2016-02-09T04:01:02.000000;2016-02-09T04:01:02.000000;cedf8be8-4fb9-49cb-a0c0-eeb996a91352;372.36;3.87406699;UNKNOWN
2016-02-09T04:01:02.000000;2016-02-09T04:01:02.000000;e7c0d0ec-05d2-4ee7-b6f1-03b99af7ed6f;372.32;1.5;UNKNOWN
2016-02-09T04:01:02.000000;2016-02-09T04:01:02.000000;b1544842-51bb-42e8-a3e9-1b1ccea23649;372.44;0.01;UNKNOWN
2016-02-09T04:01:02.000000;2016-02-09T04:01:02.000000;ed50bca3-84b0-4a8b-b4ff-35241e4de5b5;372.28;16.4983;UNKNOWN
2016-02-09T04:01:02.000000;2016-02-09T04:01:02.000000;e4fe11e9-faa9-4e7c-9dbd-df0438d26cd5;372.32;30.1607;UNKNOWN
2016-02-09T04:01:02.000000;2016-02-09T04:01:02.000000;030e5405-af67-4696-b31a-da73fcbf410c;372.42;3.87406699;UNKNOWN
2016-02-09T04:01:02.000000;2016-02-09T04:01:02.000000;0af3d73e-0d96-4d2d-92e7-458ab3dc6019;372.0;14.1348411;UNKNOWN
2016-02-09T04:01:03.000000;2016-02-09T04:01:03.000000;ff6678ce-4594-40a3-bf19-2e6b638bff1f;372.7;2.05;UNKNOWN
2016-02-09T04:01:03.000000;2016-02-09T04:01:03.000000;0fa115d7-035a-4d3e-afcc-c878d9cb03f1;372.7;1.4;UNKNOWN
2016-02-09T04:01:03.000000;2016-02-09T04:01:03.000000;966cf027-4138-4490-8edb-2a6a7d185de6;372.7;1.77;UNKNOWN
2016-02-09T04:01:10.000000;2016-02-09T04:01:10.000000;73cc955a-23d1-4d3b-aea7-55e2b0dac1d3;372.78;0.59;UNKNOWN
2016-02-09T04:01:10.000000;2016-02-09T04:01:10.000000;dbc86b40-c8a1-4d7e-9b79-20ff8a1ded1d;372.74;0.01;UNKNOWN
2016-02-09T04:01:14.000000;2016-02-09T04:01:14.000000;b2382226-5a9a-43c9-8d21-0d5578193eae;372.84;0.01;UNKNOWN
2016-02-09T04:01:14.000000;2016-02-09T04:01:14.000000;da22d093-3637-4b71-b64c-68066eec6819;372.83;0.3;UNKNOWN
2016-02-09T04:01:14.000000;2016-02-09T04:01:14.000000;c4f09f5c-d3b6-4fbb-a65a-c4e6a4259400;372.78;0.57;UNKNOWN
2016-02-09T04:01:14.000000;2016-02-09T04:01:14.000000;b26e7b1a-80e8-4442-917a-e69001b091ae;372.78;2.64;UNKNOWN
2016-02-09T04:01:14.000000;2016-02-09T04:01:14.000000;623420cb-277d-47c2-96e6-af40d94dff22;372.74;0.27;UNKNOWN
2016-02-09T04:01:14.000000;2016-02-09T04:01:14.000000;35e5c182-6fb4-4a67-8dc8-2a9ca14b3df4;372.84;1.44648324;UNKNOWN
2016-02-09T04:01:14.000000;2016-02-09T04:01:14.000000;5829fb42-00c9-42a5-aaf2-7f6f40427ae9;372.78;2.40351676;UNKNOWN
2016-02-09T04:01:14.000000;2016-02-09T04:01:14.000000;1ea1671d-6346-4908-9656-a1cb247095d5;372.8;0.27;UNKNOWN
2016-02-09T04:01:14.000000;2016-02-09T04:01:14.000000;ed70dd80-2c21-4e90-92ad-ef378cfff4f3;372.78;1.47;UNKNOWN
2016-02-09T04:01:14.000000;2016-02-09T04:01:14.000000;105ae9cd-5e20-4ba6-a8ae-cfb0c8785532;372.77;0.62;UNKNOWN
2016-02-09T04:02:19.000000;2016-02-09T04:02:19.000000;044c7af7-849b-4a55-9848-97ca7c60d9c8;372.71;0.0430627;UNKNOWN
2016-02-09T04:02:40.000000;2016-02-09T04:02:40.000000;1ff3ed58-513c-4bc4-aeef-b64b3479ebde;372.7;0.11313306;UNKNOWN
2016-02-09T04:02:47.000000;2016-02-09T04:02:47.000000;e5cd584b-8edf-46f3-8b5e-bb468cb6f413;372.7;5.0;UNKNOWN
2016-02-09T04:02:52.000000;2016-02-09T04:02:52.000000;96e25630-cfa3-4859-8aba-680e5e4b69dc;372.7;0.08610737;UNKNOWN
2016-02-09T04:02:53.000000;2016-02-09T04:02:53.000000;03108039-48e1-4216-9f6a-a134d8ecaf71;372.7;5.0;UNKNOWN
2016-02-09T04:03:09.000000;2016-02-09T04:03:09.000000;52ab7bb6-ccab-4cca-946c-6665bed0bb0d;372.7;0.10690764;UNKNOWN
2016-02-09T04:04:14.000000;2016-02-09T04:04:14.000000;0c4f6b3f-c562-4158-94e0-fcfa73ca8f51;372.7;0.03677327;UNKNOWN
2016-02-09T04:04:26.000000;2016-02-09T04:04:26.000000;9d3bd894-b6dd-4147-bde6-1b52fd3f3a75;372.7;0.07324346;UNKNOWN
2016-02-09T04:05:19.000000;2016-02-09T04:05:19.000000;63e15066-02f6-4205-8524-9a6162fe621a;372.7;0.06991337;UNKNOWN
2016-02-09T04:05:34.000000;2016-02-09T04:05:34.000000;c67abbf9-badb-4f42-ae54-e945b108ee1f;372.7;0.03203161;UNKNOWN
2016-02-09T04:05:58.000000;2016-02-09T04:05:58.000000;92e8f044-55be-425f-a0e5-0b7065e40db8;372.7;0.09166103;UNKNOWN
2016-02-09T04:07:24.000000;2016-02-09T04:07:24.000000;e70dc785-a419-4e9b-914d-7678164a4505;372.7;0.07515589;UNKNOWN
2016-02-09T04:07:30.000000;2016-02-09T04:07:30.000000;c3a47a65-a985-4a61-a4a6-e873b83d43bc;372.7;0.04106997;UNKNOWN
2016-02-09T04:08:33.000000;2016-02-09T04:08:33.000000;e1ecd910-14cb-4cd2-98ca-8d385ac1f51b;372.7;0.03893759;UNKNOWN
2016-02-09T04:09:37.000000;2016-02-09T04:09:37.000000;33359061-9f1c-445f-91a4-ab954a6c63ae;372.7;0.01594727;UNKNOWN
2016-02-09T04:09:37.000000;2016-02-09T04:09:37.000000;5534af6f-4007-4e93-b022-5e132aed9760;372.7;0.03311169;UNKNOWN
2016-02-09T04:09:52.000000;2016-02-09T04:09:52.000000;e713db0d-cf42-49f2-b63b-a06fd76c48d5;372.7;0.09779634;UNKNOWN
2016-02-09T04:09:55.000000;2016-02-09T04:09:55.000000;d5c62cc9-f7ff-4be9-8937-2dca7667eb91;372.7;0.0359642;UNKNOWN
2016-02-09T04:09:57.000000;2016-02-09T04:09:57.000000;d8ca4958-2da4-4b51-a2a6-7fdf336677f4;372.7;0.08998877;UNKNOWN
2016-02-09T04:10:10.000000;2016-02-09T04:10:10.000000;90c3a7d9-51b4-4940-91f6-ba9bc0ec30e6;372.7;0.04608789;UNKNOWN
2016-02-09T04:10:33.000000;2016-02-09T04:10:33.000000;f1e27a10-ba79-4164-8d5b-f7dbac34768a;372.01;0.05964968;UNKNOWN
2016-02-09T04:10:33.000000;2016-02-09T04:10:33.000000;bc82d78c-404c-4a28-94ef-210df650dd61;372.7;0.02205111;UNKNOWN
2016-02-09T04:10:48.000000;2016-02-09T04:10:48.000000;2fe5e842-7856-486a-9764-fdb3c9e72771;371.77;0.0362163;UNKNOWN
2016-02-09T04:11:03.000000;2016-02-09T04:11:03.000000;0d182694-b4aa-49c4-8c28-c469b5fa5914;372.56;0.1443;UNKNOWN
2016-02-09T04:15:03.000000;2016-02-09T04:15:03.000000;1524254a-26e5-42c2-8426-2057a7d8acc8;372.03;0.10217692;UNKNOWN
2016-02-09T04:15:04.000000;2016-02-09T04:15:04.000000;c446318b-2b77-4a09-b8d6-480d0944c1cb;372.03;0.1;UNKNOWN
2016-02-09T04:17:20.000000;2016-02-09T04:17:20.000000;5ff5d6ea-78c5-461a-9d9a-c1ca80823a01;372.07;0.0125;UNKNOWN
2016-02-09T04:18:29.000000;2016-02-09T04:18:29.000000;ca75b3c0-9aa7-44eb-8b99-8611c014df5c;372.09;0.27;UNKNOWN
2016-02-09T04:22:44.000000;2016-02-09T04:22:44.000000;50fd993f-49c0-4092-bf49-522cc616b26d;372.27;2.5234;UNKNOWN
2016-02-09T04:22:44.000000;2016-02-09T04:22:44.000000;26d93b1e-5ff0-49e1-8b52-92afbc5076d6;372.25;6.6966;UNKNOWN
2016-02-09T04:22:44.000000;2016-02-09T04:22:44.000000;902e198a-49a8-4575-b214-290e1284addd;372.26;0.78;UNKNOWN
2016-02-09T04:22:55.000000;2016-02-09T04:22:55.000000;b4b557b6-8467-4c31-9133-9863c9f2bd33;372.27;0.34;UNKNOWN
2016-02-09T04:22:56.000000;2016-02-09T04:22:56.000000;525d8834-85bb-45f9-a5e9-650d5b553b78;372.31;0.57;UNKNOWN
2016-02-09T04:23:03.000000;2016-02-09T04:23:03.000000;faad5e36-21d5-4661-825a-cff0578e19e5;372.31;0.48;UNKNOWN
2016-02-09T04:23:08.000000;2016-02-09T04:23:08.000000;78054333-616b-4776-9c61-1b8e98903b40;372.32;0.44;UNKNOWN
2016-02-09T04:23:10.000000;2016-02-09T04:23:10.000000;8b252d9e-59f5-4316-a15b-01b7e3b90de8;372.4;0.71;UNKNOWN
2016-02-09T04:23:10.000000;2016-02-09T04:23:10.000000;5fe959c8-a308-4345-9d34-68af6fc8f66a;372.41;3.21;UNKNOWN
2016-02-09T04:23:18.000000;2016-02-09T04:23:18.000000;4be6b97e-72c4-43dc-b10a-c3ff0a2b6422;372.51;0.8;UNKNOWN
2016-02-09T04:23:18.000000;2016-02-09T04:23:18.000000;4028fdf6-7245-47bd-9f88-b6b45d5f1868;372.51;3.02;UNKNOWN
2016-02-09T04:23:30.000000;2016-02-09T04:23:30.000000;7ad4751f-d13e-4413-afc0-d1f2495adb69;372.53;0.5;UNKNOWN
2016-02-09T04:23:30.000000;2016-02-09T04:23:30.000000;40b01035-182e-41c8-8624-9f83f7adfd68;372.56;4.5;UNKNOWN
2016-02-09T04:23:30.000000;2016-02-09T04:23:30.000000;bb558803-3a1c-40ed-9baa-fdca8405ccba;372.54;3.0;UNKNOWN
2016-02-09T04:23:42.000000;2016-02-09T04:23:42.000000;4b74f040-b62c-4f1a-9344-24cfd33e099b;372.55;0.3815;UNKNOWN
2016-02-09T04:23:42.000000;2016-02-09T04:23:42.000000;be082d0e-5125-4958-ade4-146ec4e3a8f0;372.55;0.1985;UNKNOWN
2016-02-09T04:23:57.000000;2016-02-09T04:23:57.000000;2dbe926d-f571-4c96-b589-6887febf4c0f;372.2;0.07890334;UNKNOWN
2016-02-09T04:24:54.000000;2016-02-09T04:24:54.000000;f40abf73-dc72-4228-a0c9-94e7e4c6eb29;372.11;0.11138717;UNKNOWN
2016-02-09T04:28:34.000000;2016-02-09T04:28:34.000000;e529cc34-36ed-4634-9573-af8f93d40afb;372.1;2.6007;UNKNOWN
2016-02-09T04:28:34.000000;2016-02-09T04:28:34.000000;b9689c34-9ab1-4959-84ab-2e0262a21600;372.09;1.4346;UNKNOWN
2016-02-09T04:28:37.000000;2016-02-09T04:28:37.000000;58c8d5d6-1555-4000-b7c1-bada7f9e29b4;371.9;11.7293;UNKNOWN
2016-02-09T04:28:40.000000;2016-02-09T04:28:40.000000;afbeb55d-4e46-42e1-8082-26ebc071706f;371.87;0.1337;UNKNOWN
2016-02-09T04:28:56.000000;2016-02-09T04:28:56.000000;474579a9-0d08-4ea7-847b-457746b4ef26;371.58;0.1212;UNKNOWN
2016-02-09T04:28:56.000000;2016-02-09T04:28:56.000000;0a04ea4a-58ff-4a88-9ce8-eaffedcf9eca;371.6;0.01;UNKNOWN
2016-02-09T04:28:56.000000;2016-02-09T04:28:56.000000;9f73da46-4b44-49e9-b401-1e40a6366770;371.6;0.1;UNKNOWN
2016-02-09T04:29:07.000000;2016-02-09T04:29:07.000000;a0a8f7b1-e954-4121-8698-857d6e9ae35f;371.5;0.01;UNKNOWN
2016-02-09T04:29:07.000000;2016-02-09T04:29:07.000000;68ffaa32-3499-4e5d-a14d-915c0a283798;371.49;0.012;UNKNOWN
2016-02-09T04:29:09.000000;2016-02-09T04:29:09.000000;32750a84-b64b-4b95-9b73-f69b9509236f;371.54;10.4559;UNKNOWN
2016-02-09T04:29:13.000000;2016-02-09T04:29:13.000000;5ec9f399-704a-4ff7-88b0-db411273055c;371.49;9.92703;UNKNOWN
2016-02-09T04:29:17.000000;2016-02-09T04:29:17.000000;56120479-dabb-4f77-a0a1-43cba579651f;371.57;6.5;UNKNOWN
2016-02-09T04:29:17.000000;2016-02-09T04:29:17.000000;e835671d-56c1-42f6-a1e9-e0239ccaba91;371.56;0.5;UNKNOWN
2016-02-09T04:29:17.000000;2016-02-09T04:29:17.000000;aca02b50-ebc1-4788-b6cb-fd24501466cd;371.57;3.0;UNKNOWN
2016-02-09T04:29:37.000000;2016-02-09T04:29:37.000000;4d317eff-3f57-4347-8ef9-2b79e84db259;371.49;0.022;UNKNOWN
2016-02-09T04:31:04.000000;2016-02-09T04:31:04.000000;b825a089-5dbf-4cd3-a95d-5ab57f64a4e5;371.66;0.05;UNKNOWN
2016-02-09T04:32:05.000000;2016-02-09T04:32:05.000000;e1e6da5a-2518-4b89-abed-42432774942a;371.66;0.18;UNKNOWN
2016-02-09T04:32:05.000000;2016-02-09T04:32:05.000000;3c5fd151-16d0-4d79-92c1-d39629bdacfd;371.69;0.16497536;UNKNOWN
2016-02-09T04:32:06.000000;2016-02-09T04:32:06.000000;c311de96-1306-4813-ac07-92ebacd61fb0;371.69;5.7;UNKNOWN
2016-02-09T04:36:08.000000;2016-02-09T04:36:08.000000;ac3f2833-a87b-4e4a-b976-d30bfe8279d6;371.72;0.27;UNKNOWN
2016-02-09T04:36:46.000000;2016-02-09T04:36:46.000000;ad8dfe80-a59f-43b3-b542-8bc2fede4f2f;371.72;0.31503986;UNKNOWN
2016-02-09T04:40:14.000000;2016-02-09T04:40:14.000000;9fc43bf8-ef39-43af-a595-7225493931cf;371.73;0.18843;UNKNOWN
2016-02-09T04:43:30.000000;2016-02-09T04:43:30.000000;1a3ea605-b674-420b-94ae-ce3d8d202d32;371.72;6.41496014;UNKNOWN
2016-02-09T04:43:30.000000;2016-02-09T04:43:30.000000;75b2af3c-a934-4eb2-a289-7962881170ea;371.72;0.40212845;UNKNOWN
2016-02-09T04:44:37.000000;2016-02-09T04:44:37.000000;da176df2-5c00-4bc9-bdc2-74908e7307bb;371.03;1.08666361;UNKNOWN
2016-02-09T04:44:37.000000;2016-02-09T04:44:37.000000;d5feb02d-8a78-4a1a-b94c-4f5229fe348a;371.1;0.01;UNKNOWN
2016-02-09T04:44:37.000000;2016-02-09T04:44:37.000000;204567e0-0ac7-48fe-84c3-fedecba4bbb6;371.22;0.1;UNKNOWN
2016-02-09T04:44:37.000000;2016-02-09T04:44:37.000000;cb582596-bf3e-4be3-b8f4-deba71bf2aee;371.2;0.01;UNKNOWN
2016-02-09T04:44:37.000000;2016-02-09T04:44:37.000000;dfa32fea-528a-4176-a3a7-0b7aecd38c9a;371.3;0.01;UNKNOWN
2016-02-09T04:44:37.000000;2016-02-09T04:44:37.000000;a059a511-46df-41cd-abac-af04ef7d02e1;371.05;2.0;UNKNOWN
2016-02-09T04:44:37.000000;2016-02-09T04:44:37.000000;8253b010-70ee-4a5b-86a4-7b61362f1fb2;371.4;0.01;UNKNOWN
2016-02-09T04:44:37.000000;2016-02-09T04:44:37.000000;b0aeea3d-5b7c-4f34-bc3a-a28c86f1ef5b;371.48;1.0;UNKNOWN
2016-02-09T04:44:37.000000;2016-02-09T04:44:37.000000;a3943263-2fb9-45c8-b9c0-ecac9e6d50da;371.04;3.0;UNKNOWN
2016-02-09T04:45:16.000000;2016-02-09T04:45:16.000000;c9ca6928-8969-4cf5-927e-21b8451c35d5;371.38;0.65;UNKNOWN
2016-02-09T04:45:22.000000;2016-02-09T04:45:22.000000;72d1d719-b431-4d04-9c4c-af029f593268;371.21;3.0;UNKNOWN
2016-02-09T04:46:20.000000;2016-02-09T04:46:20.000000;976c1f6e-dee2-48ff-a114-8d6c10ccd8e6;371.35;0.97;UNKNOWN
2016-02-09T04:52:40.000000;2016-02-09T04:52:40.000000;d8bb85ba-475a-4cff-b8d6-7526212cdb9c;371.44;0.2569203;UNKNOWN
2016-02-09T04:53:16.000000;2016-02-09T04:53:16.000000;dceb5de1-f036-4c46-a3d6-3a61ee5fd122;371.29;1.02641424;UNKNOWN
2016-02-09T04:54:20.000000;2016-02-09T04:54:20.000000;4a2a26b9-e8e7-4c71-8a0b-3a5ae127b129;371.29;7.32806;UNKNOWN
2016-02-09T04:54:20.000000;2016-02-09T04:54:20.000000;f5dc7dbe-1070-4c25-819a-0daa0eef7249;371.0;0.1;UNKNOWN
2016-02-09T04:54:20.000000;2016-02-09T04:54:20.000000;e8db9a68-a133-49b3-9dcb-612d92de02a0;371.2;0.14542;UNKNOWN
2016-02-09T04:54:20.000000;2016-02-09T04:54:20.000000;c22fb02d-6812-4cc1-a157-e03cd904b4d1;371.0;0.03102811;UNKNOWN
2016-02-09T04:54:20.000000;2016-02-09T04:54:20.000000;f76bf2f9-12dc-4ca2-a516-d535e387b9be;371.0;0.01;UNKNOWN
2016-02-09T04:54:27.000000;2016-02-09T04:54:27.000000;da195961-0697-4bfb-8f21-ab234d1b55a4;370.98;2.5;UNKNOWN
2016-02-09T04:54:37.000000;2016-02-09T04:54:37.000000;7eee5859-b979-4ee2-8522-a1150de4d616;371.14;0.43666361;UNKNOWN
2016-02-09T04:54:37.000000;2016-02-09T04:54:37.000000;02137bec-7636-4108-a32b-9968c7c9a494;371.14;0.56333639;UNKNOWN
2016-02-09T04:54:39.000000;2016-02-09T04:54:39.000000;df974875-a85a-4b1f-8398-83d10624841d;371.13;1.0;UNKNOWN
2016-02-09T04:54:54.000000;2016-02-09T04:54:54.000000;388970ff-3bce-4dfb-a01f-25903c5764ce;371.29;1.0;UNKNOWN
2016-02-09T04:54:57.000000;2016-02-09T04:54:57.000000;8ee055f9-e843-4208-a997-3427b7335ecf;371.29;1.0;UNKNOWN
2016-02-09T04:55:59.000000;2016-02-09T04:55:59.000000;3715e02f-6935-444a-84af-24aa8015e6eb;371.31;0.0125;UNKNOWN
2016-02-09T04:56:04.000000;2016-02-09T04:56:04.000000;8423deea-75c2-44e2-8ff2-30fa8795da9d;371.31;0.0125;UNKNOWN
2016-02-09T04:56:36.000000;2016-02-09T04:56:36.000000;dcfaf9e6-da48-4871-8603-0b88744e59ea;371.31;0.0125;UNKNOWN
2016-02-09T04:57:26.000000;2016-02-09T04:57:26.000000;557fc5ee-2dd8-438e-822f-7d7293362632;371.1;8.3551;UNKNOWN
2016-02-09T04:57:26.000000;2016-02-09T04:57:26.000000;b96870ee-294b-43c9-9308-3553db277f17;371.11;3.0;UNKNOWN
2016-02-09T04:57:26.000000;2016-02-09T04:57:26.000000;1ee06da6-5d07-4dcb-9be8-ed89bab6c3c7;371.12;0.5;UNKNOWN
2016-02-09T04:58:55.000000;2016-02-09T04:58:55.000000;ddaaaa57-5987-4e60-b043-3a70f95fb7c7;370.99;1.0;UNKNOWN
2016-02-09T04:58:55.000000;2016-02-09T04:58:55.000000;642748bd-b76c-4f61-a4b2-65a3181d805e;370.99;0.9650597;UNKNOWN
2016-02-09T04:59:22.000000;2016-02-09T04:59:22.000000;dd5632dd-b863-428f-b51a-2185d884258d;371.0;7.1449;UNKNOWN
2016-02-09T04:59:38.000000;2016-02-09T04:59:38.000000;8ed75154-58d3-4c05-bb65-c5624d63b1f7;371.0;3.0043;UNKNOWN
2016-02-09T04:59:53.000000;2016-02-09T04:59:53.000000;61cc2343-cf7e-49f9-b398-17199d0a3f6f;371.0;9.74871;UNKNOWN
2016-02-09T04:59:56.000000;2016-02-09T04:59:56.000000;df75efa3-1593-4ad7-b38a-a366ac78cc0a;371.0;0.3660303;UNKNOWN
2016-02-09T05:00:01.000000;2016-02-09T05:00:01.000000;5e1b938c-5e72-4ac9-b799-625d50478991;371.0;0.2;UNKNOWN
2016-02-09T05:00:32.000000;2016-02-09T05:00:32.000000;588b6158-fde0-4309-9e1b-5d8790c965b6;371.0;0.1;UNKNOWN
2016-02-09T05:00:34.000000;2016-02-09T05:00:34.000000;b6e89df7-34ee-41a1-a1ac-6e2df1aeb38e;371.0;0.1;UNKNOWN
2016-02-09T05:00:36.000000;2016-02-09T05:00:36.000000;bb775f84-24cc-48d0-9b4e-b579de5886a8;371.0;0.1;UNKNOWN
2016-02-09T05:00:36.000000;2016-02-09T05:00:36.000000;dc2201b0-8eff-48e4-a83f-05871b236aee;371.0;0.16268013;UNKNOWN
2016-02-09T05:00:38.000000;2016-02-09T05:00:38.000000;0c50a763-35c2-454d-9d36-25e57df1643f;371.0;0.1;UNKNOWN
2016-02-09T05:00:40.000000;2016-02-09T05:00:40.000000;34a21594-70d7-429e-b187-3cc56c4d7a65;371.0;0.1;UNKNOWN
2016-02-09T05:00:43.000000;2016-02-09T05:00:43.000000;42b2ff39-293d-4020-8c79-ef64dd25891d;371.0;0.1;UNKNOWN
2016-02-09T05:00:45.000000;2016-02-09T05:00:45.000000;651e24d5-581c-4d26-b362-340ce74d1c12;370.1;3.88590969;UNKNOWN
2016-02-09T05:00:45.000000;2016-02-09T05:00:45.000000;0b6f8c90-b5e8-4e0b-96eb-81d2e8cbb528;370.16;16.4765;UNKNOWN
2016-02-09T05:00:45.000000;2016-02-09T05:00:45.000000;712fc384-12cc-4a83-82d6-ead85a643daf;370.11;36.67;UNKNOWN
2016-02-09T05:00:45.000000;2016-02-09T05:00:45.000000;fa02242a-e3cb-4086-a440-02eab921e1fd;370.48;0.0564;UNKNOWN
2016-02-09T05:00:45.000000;2016-02-09T05:00:45.000000;7d0c582d-f3bb-4f9f-ba50-e4c2c6598f2c;370.6;1.51;UNKNOWN
2016-02-09T05:00:45.000000;2016-02-09T05:00:45.000000;de7a7800-3b38-43e6-ac48-3b91dfddd86d;370.45;6.5291;UNKNOWN
2016-02-09T05:00:45.000000;2016-02-09T05:00:45.000000;92901b22-48a9-4818-8bff-abbdb2056bf5;370.32;15.9473;UNKNOWN
2016-02-09T05:00:45.000000;2016-02-09T05:00:45.000000;25c6191d-04f6-43ec-8579-dcc7e06d8d7d;370.05;2.75;UNKNOWN
2016-02-09T05:00:45.000000;2016-02-09T05:00:45.000000;094d8c88-afb0-44f7-95a6-a59585a708c3;370.69;12.0;UNKNOWN
2016-02-09T05:00:45.000000;2016-02-09T05:00:45.000000;627679d9-b4c1-4d25-96a5-33e3f3cc0164;370.21;3.88601036;UNKNOWN
2016-02-09T05:00:45.000000;2016-02-09T05:00:45.000000;64c540ab-a892-4fce-95f8-e9468d88dfb4;370.15;3.88601036;UNKNOWN
2016-02-09T05:00:45.000000;2016-02-09T05:00:45.000000;cdcce2f6-a727-48fc-b49c-c3c3e8e528f9;370.98;4.71531;UNKNOWN
2016-02-09T05:00:45.000000;2016-02-09T05:00:45.000000;c4789ab3-4113-4c58-b58f-ed0e519c3eb4;370.8;0.01;UNKNOWN
2016-02-09T05:00:45.000000;2016-02-09T05:00:45.000000;5786f5e4-e51f-4dd9-8d3c-92e599837998;370.8;0.01;UNKNOWN
2016-02-09T05:00:45.000000;2016-02-09T05:00:45.000000;b414bf6d-2614-4699-b98d-600e60c0331a;370.12;16.81;UNKNOWN
2016-02-09T05:00:45.000000;2016-02-09T05:00:45.000000;8dd2f35d-81f4-4c2f-bea4-50a290a6bd13;370.1;0.01;UNKNOWN
2016-02-09T05:00:45.000000;2016-02-09T05:00:45.000000;c5027c37-0866-43ce-8ff1-1ec219518d43;370.5;0.01;UNKNOWN
2016-02-09T05:00:45.000000;2016-02-09T05:00:45.000000;dc4b92b0-1fcd-4065-82e1-c836248c45f6;370.59;16.2646;UNKNOWN
2016-02-09T05:00:45.000000;2016-02-09T05:00:45.000000;f26248c5-57bf-42ac-b525-1042b726bf36;370.11;0.2;UNKNOWN
2016-02-09T05:00:45.000000;2016-02-09T05:00:45.000000;455af71f-b1d4-48a3-9e2f-518d8ca1ff7a;370.4;0.01;UNKNOWN
2016-02-09T05:00:45.000000;2016-02-09T05:00:45.000000;c414a62b-34e8-49b7-8ff2-9154c0278c41;370.04;0.97770959;UNKNOWN
2016-02-09T05:00:45.000000;2016-02-09T05:00:45.000000;4dfd0cff-6ff9-4fd0-94f1-f07adf7c509e;370.2;0.01;UNKNOWN
2016-02-09T05:00:45.000000;2016-02-09T05:00:45.000000;9eb237ff-7ce6-4e1d-845f-5ed2c7c65473;370.13;4.52;UNKNOWN
2016-02-09T05:00:45.000000;2016-02-09T05:00:45.000000;c9850571-d6f8-4a33-9840-f6a3cec7525f;370.61;0.1;UNKNOWN
2016-02-09T05:00:45.000000;2016-02-09T05:00:45.000000;aef3bc39-b1dc-4ac9-b483-8eee374917a9;370.29;0.2575;UNKNOWN
2016-02-09T05:00:45.000000;2016-02-09T05:00:45.000000;51831c8e-c997-4eb1-9c6e-e0e5e3ee91b4;370.9;0.01;UNKNOWN
2016-02-09T05:00:45.000000;2016-02-09T05:00:45.000000;0e29b1c6-88e1-4542-bdcc-beb8f8bc1638;370.44;15.7627;UNKNOWN
2016-02-09T05:00:45.000000;2016-02-09T05:00:45.000000;4faf5ed0-2e69-455d-8a13-072b04cec9c5;370.99;9.71495;UNKNOWN
2016-02-09T05:00:45.000000;2016-02-09T05:00:45.000000;525b6aed-425d-441d-a6d9-270a05368cef;370.7;0.01;UNKNOWN
2016-02-09T05:00:45.000000;2016-02-09T05:00:45.000000;6857e39d-7b53-4abf-b2a8-3d7c5b38ed1e;370.6;0.01;UNKNOWN
2016-02-09T05:00:45.000000;2016-02-09T05:00:45.000000;5c3aebab-4efd-4c35-871c-344f1008bd74;370.42;3.02;UNKNOWN
2016-02-09T05:00:45.000000;2016-02-09T05:00:45.000000;86008994-6918-4706-aef5-241af6002ad7;370.3;0.01;UNKNOWN
2016-02-09T05:00:45.000000;2016-02-09T05:00:45.000000;005572ef-f163-429d-b11a-8f5f810803a7;370.99;23.96;UNKNOWN
2016-02-09T05:00:51.000000;2016-02-09T05:00:51.000000;92390a1e-6d68-4d65-a871-050a7f4df8cf;370.93;0.1;UNKNOWN
2016-02-09T05:00:53.000000;2016-02-09T05:00:53.000000;c9b5d54e-3890-4889-b4a9-b37249213917;370.34;3.07983295;UNKNOWN
2016-02-09T05:00:53.000000;2016-02-09T05:00:53.000000;55684169-5b54-470e-93ca-04445bb0197b;370.86;1.0;UNKNOWN
2016-02-09T05:01:00.000000;2016-02-09T05:01:00.000000;0a9e6b95-3d55-481a-a9ce-2d2c34b1142b;370.61;1.0;UNKNOWN
2016-02-09T05:01:02.000000;2016-02-09T05:01:02.000000;34847295-798a-43fe-9cde-975ec0e9aa3f;370.61;1.0;UNKNOWN
2016-02-09T05:01:04.000000;2016-02-09T05:01:04.000000;5fcd3d36-e637-4ac9-a952-545fa73ca464;370.59;1.0;UNKNOWN
2016-02-09T05:01:16.000000;2016-02-09T05:01:16.000000;9e6c417b-d96b-4970-8ea0-6e8366409a34;370.37;1.0;UNKNOWN
2016-02-09T05:01:20.000000;2016-02-09T05:01:20.000000;785e0a52-6ce4-4a36-be89-3b83ac7b6e64;370.35;1.0;UNKNOWN
2016-02-09T05:01:22.000000;2016-02-09T05:01:22.000000;18f829b3-3647-40ee-ba31-c12eaa50e768;370.35;1.0;UNKNOWN
2016-02-09T05:01:25.000000;2016-02-09T05:01:25.000000;17e2de11-5ed9-4e85-98bb-3cde42de28f0;370.35;1.0;UNKNOWN
2016-02-09T05:01:32.000000;2016-02-09T05:01:32.000000;358427e4-6ab1-451c-b4a6-385a07eb92a6;370.35;1.0;UNKNOWN
2016-02-09T05:01:34.000000;2016-02-09T05:01:34.000000;7787e99a-e5c2-42e5-a2c3-15b940089e4b;370.33;1.0;UNKNOWN
2016-02-09T05:01:47.000000;2016-02-09T05:01:47.000000;b0be11a7-6770-48cb-b6e2-c1fbdfefde53;370.26;1.0;UNKNOWN
2016-02-09T05:01:48.000000;2016-02-09T05:01:48.000000;c10aa525-c48f-41d9-af4d-ded56cbaaa88;370.26;1.0;UNKNOWN
2016-02-09T05:01:49.000000;2016-02-09T05:01:49.000000;c102acbe-ecc9-4edb-a1d8-5a229cb4880c;370.26;0.07243309;UNKNOWN
2016-02-09T05:01:53.000000;2016-02-09T05:01:53.000000;06f3a7ed-ae42-4e48-9b8b-e2c4406e30ae;370.27;11.73983309;UNKNOWN
2016-02-09T05:01:53.000000;2016-02-09T05:01:53.000000;719ce77b-ba45-4b4e-9181-a31181581110;370.26;4.60616691;UNKNOWN
2016-02-09T05:01:59.000000;2016-02-09T05:01:59.000000;cb781415-c1d5-47aa-9dfb-534809ae8e69;370.47;1.0;UNKNOWN
2016-02-09T05:02:02.000000;2016-02-09T05:02:02.000000;a0e3ec63-8f45-4666-bd40-1259de838899;370.47;1.0;UNKNOWN
2016-02-09T05:02:04.000000;2016-02-09T05:02:04.000000;99f0a0eb-0ef5-42e9-a611-b6498a65c05a;370.47;1.0;UNKNOWN
2016-02-09T05:02:11.000000;2016-02-09T05:02:11.000000;ba5cc777-728e-42f3-aa6f-f48d5746f919;370.48;6.7456;UNKNOWN
2016-02-09T05:02:11.000000;2016-02-09T05:02:11.000000;5be2af91-8aaa-4000-99eb-445539e5f212;370.5;18.2544;UNKNOWN
2016-02-09T05:02:12.000000;2016-02-09T05:02:12.000000;51ef007c-ae67-4693-9c11-a43ad4569374;370.49;1.0;UNKNOWN
2016-02-09T05:02:13.000000;2016-02-09T05:02:13.000000;a7982f91-f6cf-4ea5-a90c-b518cb38e40d;370.49;1.0;UNKNOWN
2016-02-09T05:02:26.000000;2016-02-09T05:02:26.000000;d3300883-7810-4353-b94e-4a27a0ca1652;370.5;0.03218619;UNKNOWN
2016-02-09T05:02:26.000000;2016-02-09T05:02:26.000000;dcf787b2-c3e7-4444-8722-d092eee65a4d;370.5;0.71341381;UNKNOWN
2016-02-09T05:02:27.000000;2016-02-09T05:02:27.000000;05dec0c2-f883-4c90-8559-d9f47117a77a;370.86;1.0;UNKNOWN
2016-02-09T05:02:30.000000;2016-02-09T05:02:30.000000;dcb5bd21-2af7-4d67-bc13-6f5bf2d3b4af;370.81;1.0;UNKNOWN
2016-02-09T05:02:32.000000;2016-02-09T05:02:32.000000;cf86b297-13cc-4576-baa0-22c73a48fb34;370.8;0.26170157;UNKNOWN
2016-02-09T05:02:33.000000;2016-02-09T05:02:33.000000;1a9d22be-6324-4c41-8dca-4a9db82c0a1e;370.81;0.03218532;UNKNOWN
2016-02-09T05:02:46.000000;2016-02-09T05:02:46.000000;468af67b-d2c4-414d-9e6c-a5a83cbc74c2;370.81;0.92770959;UNKNOWN
2016-02-09T05:02:55.000000;2016-02-09T05:02:55.000000;23504a9d-f31b-461b-a4e8-790c1d1375a7;370.81;0.07229041;UNKNOWN
2016-02-09T05:02:55.000000;2016-02-09T05:02:55.000000;c0e4f683-c959-4c85-93f4-514ce4cc94f7;370.81;0.25409552;UNKNOWN
2016-02-09T05:03:17.000000;2016-02-09T05:03:17.000000;38f3a70a-fec6-4ebf-910f-0ea1afb0a2b7;370.82;0.10101011;UNKNOWN
2016-02-09T05:03:19.000000;2016-02-09T05:03:19.000000;5581220d-5a7a-4fa7-8835-e98e94ffcc29;370.82;0.10101011;UNKNOWN
2016-02-09T05:03:20.000000;2016-02-09T05:03:20.000000;004cb2e8-1319-4c26-8192-eb3e624b3dea;370.82;0.10101011;UNKNOWN
2016-02-09T05:03:21.000000;2016-02-09T05:03:21.000000;954a2c94-c830-49f0-9bc0-97d946794ae4;370.82;0.10101011;UNKNOWN
2016-02-09T05:03:22.000000;2016-02-09T05:03:22.000000;05662f6d-d829-4f68-8a44-137e6d22eca7;370.82;0.10101011;UNKNOWN
2016-02-09T05:03:23.000000;2016-02-09T05:03:23.000000;ed3a32f1-ea7c-4045-a3c8-fc3e186110e0;370.82;0.10101011;UNKNOWN
2016-02-09T05:03:24.000000;2016-02-09T05:03:24.000000;a7cd9be7-0ecf-4fc8-837b-87f7fd32df1a;370.81;0.14915249;UNKNOWN
2016-02-09T05:03:26.000000;2016-02-09T05:03:26.000000;5f687126-3385-440a-aae7-3b1edd72854f;370.82;0.10101011;UNKNOWN
2016-02-09T05:03:26.000000;2016-02-09T05:03:26.000000;4734c4d3-ef66-436b-9e27-529607c0bbce;370.82;0.10101011;UNKNOWN
2016-02-09T05:03:27.000000;2016-02-09T05:03:27.000000;0ea71678-d524-4df1-829c-095f11cb9484;370.82;0.10101011;UNKNOWN
2016-02-09T05:03:27.000000;2016-02-09T05:03:27.000000;3b22508e-5ecd-401c-873f-db5c4d7e8bee;370.82;0.10101011;UNKNOWN
2016-02-09T05:03:28.000000;2016-02-09T05:03:28.000000;0101dee9-485a-4b77-aec2-56d76fedeace;370.82;0.10101011;UNKNOWN
2016-02-09T05:03:29.000000;2016-02-09T05:03:29.000000;2fa11709-bbd1-431a-a37b-2be8021f72ec;370.82;0.10101011;UNKNOWN
2016-02-09T05:03:31.000000;2016-02-09T05:03:31.000000;399c7bce-4081-4e41-abf6-c99ab9be6343;370.82;0.025;UNKNOWN
2016-02-09T05:03:41.000000;2016-02-09T05:03:41.000000;4fab23a5-5284-4bb6-86a7-9311350a8b73;370.82;0.10101011;UNKNOWN
2016-02-09T05:03:49.000000;2016-02-09T05:03:49.000000;2d8d82f2-a540-4dea-a555-4975d87924cc;370.81;0.06816;UNKNOWN
2016-02-09T05:04:12.000000;2016-02-09T05:04:12.000000;6a078645-32ed-4aab-9956-8cb5ca4fb439;370.81;0.03114789;UNKNOWN
2016-02-09T05:04:25.000000;2016-02-09T05:04:25.000000;218e392d-86ca-4f93-b7a2-14241a66706a;370.82;1.0;UNKNOWN
2016-02-09T05:04:30.000000;2016-02-09T05:04:30.000000;0f495007-4794-47d6-b40a-d9020255975e;370.82;1.0;UNKNOWN
2016-02-09T05:04:47.000000;2016-02-09T05:04:47.000000;08b7c841-807a-4954-99f0-7d465e7e53e4;370.82;0.497;UNKNOWN
2016-02-09T05:05:05.000000;2016-02-09T05:05:05.000000;a34a987b-eaad-4c66-b35d-61b4be54844e;370.82;1.0;UNKNOWN
2016-02-09T05:05:07.000000;2016-02-09T05:05:07.000000;b95f633a-237c-4e6a-b2f3-29809fedd535;370.82;1.0;UNKNOWN
2016-02-09T05:05:18.000000;2016-02-09T05:05:18.000000;6fe9f865-9117-418f-ad14-0d5bea4bdb8e;370.82;1.0;UNKNOWN
2016-02-09T05:05:20.000000;2016-02-09T05:05:20.000000;774445f9-7329-40ca-af2b-cfbef44c7d59;370.81;0.11482844;UNKNOWN
2016-02-09T05:05:58.000000;2016-02-09T05:05:58.000000;991bcefb-8c3f-416e-b6f6-17828c841200;370.76;0.05104484;UNKNOWN
2016-02-09T05:06:23.000000;2016-02-09T05:06:23.000000;e405aba2-aa08-4784-89fc-9826b49d0d7e;370.76;0.0226866;UNKNOWN
2016-02-09T05:06:33.000000;2016-02-09T05:06:33.000000;49f4147e-92c1-495f-b707-ffc7e15e2524;370.76;0.4;UNKNOWN
2016-02-09T05:07:01.000000;2016-02-09T05:07:01.000000;2950b124-4032-4e48-a4f5-9d12a6b158ae;370.76;0.4;UNKNOWN
2016-02-09T05:08:05.000000;2016-02-09T05:08:05.000000;4fd88107-df80-4260-8675-e231a3db3162;370.75;0.08437822;UNKNOWN
2016-02-09T05:10:55.000000;2016-02-09T05:10:55.000000;cb0655e0-30ad-4536-ade1-58825a76c890;370.75;0.0727;UNKNOWN
2016-02-09T05:11:37.000000;2016-02-09T05:11:37.000000;114aded8-8546-4974-8403-d520d823ab93;370.76;0.6;UNKNOWN
2016-02-09T05:13:46.000000;2016-02-09T05:13:46.000000;689caaf2-6fea-4395-8cf7-d62f72e66200;370.75;0.079;UNKNOWN
2016-02-09T05:15:29.000000;2016-02-09T05:15:29.000000;f94dd92a-fd1e-4b8f-99e5-d6e006fc6cf2;370.76;0.953291;UNKNOWN
2016-02-09T05:15:34.000000;2016-02-09T05:15:34.000000;1e84b769-e3bb-4517-b6c6-6de2a5a2644e;370.43;0.09607822;UNKNOWN
2016-02-09T05:15:34.000000;2016-02-09T05:15:34.000000;cbc936cc-6425-4214-a47a-2a9d2540e6d0;370.75;0.16392178;UNKNOWN
2016-02-09T05:15:55.000000;2016-02-09T05:15:55.000000;89da20db-1eda-41da-abe7-917c8e988f32;370.76;0.62271753;UNKNOWN
2016-02-09T05:16:17.000000;2016-02-09T05:16:17.000000;df4c4dc1-b833-431d-b034-04dc0c99a132;370.75;0.4;UNKNOWN
2016-02-09T05:16:46.000000;2016-02-09T05:16:46.000000;2bf03b6d-ec10-4545-a277-2f33d6228e7c;370.5;0.903644;UNKNOWN
2016-02-09T05:16:58.000000;2016-02-09T05:16:58.000000;1d1ddf24-b860-4726-8ba9-4eee5122fe90;370.44;1.7639;UNKNOWN
2016-02-09T05:16:58.000000;2016-02-09T05:16:58.000000;a0d5aa63-8d63-4b08-b308-c6d1b612ebc3;370.44;0.4;UNKNOWN
2016-02-09T05:17:36.000000;2016-02-09T05:17:36.000000;24598a7d-93c0-4168-9c3b-579526045b85;370.43;0.01795914;UNKNOWN
2016-02-09T05:17:38.000000;2016-02-09T05:17:38.000000;687cbe75-647e-4164-bc76-9ebaf54d23ce;370.44;0.42048625;UNKNOWN
2016-02-09T05:17:48.000000;2016-02-09T05:17:48.000000;ab1499f5-fbb1-416f-be74-53d13ef86a77;370.44;0.60944516;UNKNOWN
2016-02-09T05:18:03.000000;2016-02-09T05:18:03.000000;3491908b-9bc6-4616-b8ae-0644798d3afe;370.5;0.079313;UNKNOWN
2016-02-09T05:18:22.000000;2016-02-09T05:18:22.000000;dd8c5dc9-7288-4eb7-8228-e01da4e020b2;370.66;0.2776;UNKNOWN
2016-02-09T05:18:42.000000;2016-02-09T05:18:42.000000;1b1425c7-6e1f-432c-b82d-ec55caced4ec;370.69;0.31757614;UNKNOWN
2016-02-09T05:19:41.000000;2016-02-09T05:19:41.000000;00e66d42-bdb2-411a-b857-ff7b9861f431;370.69;0.0397;UNKNOWN
2016-02-09T05:20:30.000000;2016-02-09T05:20:30.000000;7dc718b8-1f57-46c7-86ba-f7c0ff504314;370.7;0.10101011;UNKNOWN
2016-02-09T05:20:31.000000;2016-02-09T05:20:31.000000;7aa3fbcf-5428-49bc-8b6f-35c702766146;370.7;0.10101011;UNKNOWN
2016-02-09T05:20:31.000000;2016-02-09T05:20:31.000000;82709469-f891-4272-8f6a-1a62e722bad6;370.7;0.10101011;UNKNOWN
2016-02-09T05:20:59.000000;2016-02-09T05:20:59.000000;3218a1a7-13df-4dbd-b999-3b29d834a7ca;370.68;0.10101011;UNKNOWN
2016-02-09T05:20:59.000000;2016-02-09T05:20:59.000000;f562d7c3-b994-44a7-94c9-42e04a36f80c;370.69;0.03583582;UNKNOWN
2016-02-09T05:20:59.000000;2016-02-09T05:20:59.000000;cf2908c7-b9db-4054-8164-faf237380597;370.68;0.4;UNKNOWN
2016-02-09T05:20:59.000000;2016-02-09T05:20:59.000000;c0d6eb64-d1d8-490b-91b1-f2a9172e1e4e;370.69;0.03583582;UNKNOWN
2016-02-09T05:20:59.000000;2016-02-09T05:20:59.000000;fa099a9c-fe2f-4ab0-ad87-929e3d944ad3;370.45;1.58357703;UNKNOWN
2016-02-09T05:20:59.000000;2016-02-09T05:20:59.000000;e679bce3-3234-46aa-8135-8af1c28bf26f;370.68;0.10101011;UNKNOWN
2016-02-09T05:20:59.000000;2016-02-09T05:20:59.000000;4ee00b3b-5b28-433a-886a-372c7f153b0d;370.68;0.10101011;UNKNOWN
2016-02-09T05:21:34.000000;2016-02-09T05:21:34.000000;16770777-6bdd-45b2-a312-2fd1dfe41ff3;370.69;0.122;UNKNOWN
2016-02-09T05:23:13.000000;2016-02-09T05:23:13.000000;5e913873-3927-4f25-8532-f3a24517b952;370.69;0.24747998;UNKNOWN
2016-02-09T05:23:30.000000;2016-02-09T05:23:30.000000;215b02d5-5107-49cb-a580-46d6e7fbfa74;370.76;0.75252002;UNKNOWN
2016-02-09T05:24:30.000000;2016-02-09T05:24:30.000000;95f312bf-5a88-46b2-b1dc-e82d1f4d4c94;370.99;10.41600237;UNKNOWN
2016-02-09T05:24:30.000000;2016-02-09T05:24:30.000000;bd346836-b662-4247-a326-17a4fb30c362;370.99;1.51;UNKNOWN
2016-02-09T05:24:30.000000;2016-02-09T05:24:30.000000;1b91da0d-4337-417a-81f9-ab65995ba2b7;370.98;6.4631;UNKNOWN
2016-02-09T05:24:30.000000;2016-02-09T05:24:30.000000;017bccdb-79c1-452e-9551-6f846da3a8f2;370.81;5.3758;UNKNOWN
2016-02-09T05:24:30.000000;2016-02-09T05:24:30.000000;26d16545-f307-40a1-8a80-95cf8a30e927;370.72;3.0;UNKNOWN
2016-02-09T05:24:30.000000;2016-02-09T05:24:30.000000;e5652561-a0ce-4784-9c49-a88ce564da8e;370.72;6.0;UNKNOWN
2016-02-09T05:24:30.000000;2016-02-09T05:24:30.000000;6f5cc353-e9c4-41cd-8c56-6f77da517a5b;370.71;6.7335;UNKNOWN
2016-02-09T05:24:30.000000;2016-02-09T05:24:30.000000;e8fa4f6a-0c51-4d22-a22b-abbcfc9f9e3b;370.71;1.91;UNKNOWN
2016-02-09T05:24:30.000000;2016-02-09T05:24:30.000000;bbaa0adf-6165-4958-abb1-10c32ab8a222;370.72;0.5;UNKNOWN
2016-02-09T05:24:30.000000;2016-02-09T05:24:30.000000;66e629a8-90e6-4ac0-b8d7-c9a8aad37a62;370.98;12.0;UNKNOWN
2016-02-09T05:25:19.000000;2016-02-09T05:25:19.000000;7c06fc76-90eb-40e8-8719-f94bc783c225;370.75;1.51;UNKNOWN
2016-02-09T05:25:19.000000;2016-02-09T05:25:19.000000;cd2f1b0c-8a9d-409c-8777-81db3e3c07f5;370.74;0.5;UNKNOWN
2016-02-09T05:25:44.000000;2016-02-09T05:25:44.000000;519598dc-fb79-4cb7-b991-29d7cf81b449;370.62;1.0;UNKNOWN
2016-02-09T05:25:58.000000;2016-02-09T05:25:58.000000;d00d2546-cafd-4cd7-9dc2-b226649a1165;370.63;1.0;UNKNOWN
2016-02-09T05:26:05.000000;2016-02-09T05:26:05.000000;f2e84c14-734f-41ad-a2b9-2b24bc438f57;370.63;0.96414728;UNKNOWN
2016-02-09T05:26:47.000000;2016-02-09T05:26:47.000000;9fc0364f-59d2-4b86-a543-e1774b3fcdca;370.63;1.0;UNKNOWN
2016-02-09T05:29:05.000000;2016-02-09T05:29:05.000000;4b76d620-83e3-4bd9-a5bb-ecd1567496ce;370.43;0.0322222;UNKNOWN
2016-02-09T05:29:05.000000;2016-02-09T05:29:05.000000;064c3195-bf0c-495c-846c-dd368610a245;370.42;0.26298298;UNKNOWN
2016-02-09T05:29:05.000000;2016-02-09T05:29:05.000000;b6cb77eb-78fb-42c7-b2e0-23947ad3defa;370.58;0.03583582;UNKNOWN
2016-02-09T05:29:05.000000;2016-02-09T05:29:05.000000;9a68c0d8-eb61-4d8b-b5fe-3de852c18011;370.43;0.0322222;UNKNOWN
2016-02-09T05:29:05.000000;2016-02-09T05:29:05.000000;48685d70-2de7-4dc1-9ca1-8b6868bc0af1;370.58;0.0322222;UNKNOWN
2016-02-09T05:29:05.000000;2016-02-09T05:29:05.000000;ba4f2d46-ca43-4cd2-bcb8-8e14db51a4b1;370.58;0.0322222;UNKNOWN
2016-02-09T05:29:05.000000;2016-02-09T05:29:05.000000;ae76a1dd-8d3a-4dc7-ade1-e4183d88d281;370.44;3.0;UNKNOWN
2016-02-09T05:29:05.000000;2016-02-09T05:29:05.000000;53f00e05-fee2-49dd-a5dd-37fab7de92d3;370.43;0.0322222;UNKNOWN
2016-02-09T05:29:05.000000;2016-02-09T05:29:05.000000;49664a30-d010-4ebf-884e-d2814fc48727;370.58;0.0122222;UNKNOWN
2016-02-09T05:29:05.000000;2016-02-09T05:29:05.000000;a9e07cc7-b528-4759-8a56-128e00f44844;370.58;0.0322222;UNKNOWN
2016-02-09T05:29:05.000000;2016-02-09T05:29:05.000000;b33db7f2-29b7-4648-a91e-d4d77b4bcef0;370.59;0.0322222;UNKNOWN
2016-02-09T05:29:05.000000;2016-02-09T05:29:05.000000;d75fbef8-22be-47bb-b188-3a987a7552e4;370.44;0.5;UNKNOWN
2016-02-09T05:29:05.000000;2016-02-09T05:29:05.000000;a4ee035c-1c53-41b2-aa5e-7468731ee7bd;370.42;0.10101011;UNKNOWN
2016-02-09T05:29:05.000000;2016-02-09T05:29:05.000000;5efc20ab-f951-449f-9524-36c068023357;370.56;0.0122222;UNKNOWN
2016-02-09T05:29:05.000000;2016-02-09T05:29:05.000000;57ce8cf1-82be-4681-bf45-b60a8b1d8b3a;370.58;0.0322222;UNKNOWN
2016-02-09T05:29:05.000000;2016-02-09T05:29:05.000000;c1833fb0-f529-434a-8d45-2ef92a760ba7;370.58;0.0122222;UNKNOWN
2016-02-09T05:29:05.000000;2016-02-09T05:29:05.000000;b499a678-ef3d-480e-a1b9-d195bd2a14aa;370.58;0.0322222;UNKNOWN
2016-02-09T05:29:05.000000;2016-02-09T05:29:05.000000;5964a6ac-f1c8-4645-9adf-117d197d9b7b;370.59;0.0122222;UNKNOWN
2016-02-09T05:29:05.000000;2016-02-09T05:29:05.000000;8099f791-996a-4d9f-a692-f6c3d1520bd9;370.61;0.0727;UNKNOWN
2016-02-09T05:29:05.000000;2016-02-09T05:29:05.000000;47da5145-f446-44c3-853b-4eb00fa2ab08;370.58;0.03583582;UNKNOWN
2016-02-09T05:29:42.000000;2016-02-09T05:29:42.000000;f17a05d6-dca3-4dc0-a85a-28fa1c5b2e7b;370.42;0.0322222;UNKNOWN
2016-02-09T05:29:42.000000;2016-02-09T05:29:42.000000;f70d0762-c2cc-4027-8ac5-ee340ebbc871;370.42;0.28585546;UNKNOWN
2016-02-09T05:29:42.000000;2016-02-09T05:29:42.000000;dfd497c7-6aad-4c99-af11-f2edb078fd8e;370.42;0.0322222;UNKNOWN
2016-02-09T05:30:09.000000;2016-02-09T05:30:09.000000;9939b1b3-4d65-4148-8f36-ed7b631212cb;370.36;1.63;UNKNOWN
2016-02-09T05:31:04.000000;2016-02-09T05:31:04.000000;c6da7917-f03e-48fc-9fc4-3da48f432702;370.62;0.05;UNKNOWN
2016-02-09T05:31:05.000000;2016-02-09T05:31:05.000000;80fd85b7-52af-4126-8098-ae27516477d0;370.41;2.68831374;UNKNOWN
2016-02-09T05:36:06.000000;2016-02-09T05:36:06.000000;c3c31148-31a4-4734-8cda-938bf5c8bf1f;370.63;1.0;UNKNOWN
2016-02-09T05:36:13.000000;2016-02-09T05:36:13.000000;af82f1d3-0434-4cee-8b74-86255a461cb3;370.63;1.0;UNKNOWN
2016-02-09T05:36:24.000000;2016-02-09T05:36:24.000000;c7f4d045-ee43-4801-a3c1-bbcd3b66d41e;370.69;0.01894728;UNKNOWN
2016-02-09T05:36:24.000000;2016-02-09T05:36:24.000000;988edd3e-0cf5-4058-8e55-024d3a3ad181;370.63;0.98105272;UNKNOWN
2016-02-09T05:36:26.000000;2016-02-09T05:36:26.000000;8a2bad7b-859a-44f8-8beb-aaa3497e3d7d;370.7;1.0;UNKNOWN
2016-02-09T05:36:29.000000;2016-02-09T05:36:29.000000;931d5288-18f3-43cb-9da9-44061b4ad296;370.98;3.99;UNKNOWN
2016-02-09T05:36:29.000000;2016-02-09T05:36:29.000000;5e54d9eb-04db-4f38-9c6e-3ccb3cae9be9;370.7;1.01;UNKNOWN
2016-02-09T05:36:34.000000;2016-02-09T05:36:34.000000;8708e539-2b0e-44c8-9e84-e4ad15a489ad;370.99;1.0;UNKNOWN
2016-02-09T05:36:39.000000;2016-02-09T05:36:39.000000;473183e9-218c-4233-890b-633f6dfa7ee0;370.98;1.0;UNKNOWN
2016-02-09T05:36:49.000000;2016-02-09T05:36:49.000000;64a9c2e9-9d65-4099-ade1-4f6331a5e502;370.99;1.0;UNKNOWN
2016-02-09T05:37:00.000000;2016-02-09T05:37:00.000000;930961ab-ac44-4d83-9e10-a627ffa80208;370.97;1.0;UNKNOWN
2016-02-09T05:44:42.000000;2016-02-09T05:44:42.000000;ce52e553-b9a8-4be3-be7d-ee75d1c121b7;370.79;1.0;UNKNOWN
2016-02-09T05:44:44.000000;2016-02-09T05:44:44.000000;96e5fdf2-4236-4775-b339-c65e35f17a97;370.79;1.0;UNKNOWN
2016-02-09T05:44:47.000000;2016-02-09T05:44:47.000000;deb3030f-1921-4016-a307-77f59b9ae274;370.79;1.0;UNKNOWN
2016-02-09T05:44:48.000000;2016-02-09T05:44:48.000000;3b824521-5e93-42a3-af50-2d1d162619a3;370.79;1.0;UNKNOWN
2016-02-09T05:44:51.000000;2016-02-09T05:44:51.000000;f89e5c4e-10d4-4136-8025-d53dbd036520;370.79;1.0;UNKNOWN
2016-02-09T05:44:53.000000;2016-02-09T05:44:53.000000;e61670f6-7fb7-41df-b101-85cff7f36c13;370.79;1.0;UNKNOWN
2016-02-09T05:46:01.000000;2016-02-09T05:46:01.000000;44a082e9-7576-4a0c-9710-413eca0732ef;370.63;0.01000142;UNKNOWN
2016-02-09T05:46:40.000000;2016-02-09T05:46:40.000000;e5265e38-6c9e-4bbd-8fdc-a4c77bdf7e83;370.72;3.5;UNKNOWN
2016-02-09T05:47:17.000000;2016-02-09T05:47:17.000000;0037bc9c-64f8-494d-a7d4-9d3075e73541;370.75;0.2;UNKNOWN
2016-02-09T05:47:37.000000;2016-02-09T05:47:37.000000;f161e468-aeb9-4755-beee-11c109d118d6;370.75;5.0;UNKNOWN
2016-02-09T05:48:48.000000;2016-02-09T05:48:48.000000;98b07f8a-9eac-4ed0-90d2-a5da287c4abd;370.75;2.0;UNKNOWN
2016-02-09T05:51:20.000000;2016-02-09T05:51:20.000000;42ed01f2-6ab0-4e00-93a4-0aef84d51101;370.74;0.11;UNKNOWN
2016-02-09T05:52:15.000000;2016-02-09T05:52:15.000000;9827690c-24d9-4079-955e-b1bb195138c4;370.75;3.0;UNKNOWN
2016-02-09T05:52:20.000000;2016-02-09T05:52:20.000000;7aae7bb4-b918-473f-a94c-207d850cdc5c;370.75;1.2095;UNKNOWN
2016-02-09T05:52:20.000000;2016-02-09T05:52:20.000000;dc0d66ce-ae92-414f-9ba8-9f9f1f1f83f6;370.79;2.1605;UNKNOWN
2016-02-09T05:52:54.000000;2016-02-09T05:52:54.000000;314f0dca-4c0d-4848-b81f-5b4696f4bc2a;370.8;1.0;UNKNOWN
2016-02-09T05:53:05.000000;2016-02-09T05:53:05.000000;5fb4e500-e322-4430-878c-71bfb2b7c62b;370.98;0.1;UNKNOWN
2016-02-09T05:53:20.000000;2016-02-09T05:53:20.000000;5b04d2e6-f836-4139-9e47-c0b422afa329;371.0;19.0;UNKNOWN
2016-02-09T05:53:20.000000;2016-02-09T05:53:20.000000;1dbd2cc6-aa56-4659-93da-acfdeda51372;371.0;9.0;UNKNOWN
2016-02-09T05:53:20.000000;2016-02-09T05:53:20.000000;24446041-4e84-4cb8-ac5b-5c0ec60580e3;371.0;4.91827957;UNKNOWN
2016-02-09T05:54:14.000000;2016-02-09T05:54:14.000000;be9f97bc-e949-45e6-8866-9e9da1d8f0f7;371.28;6.6806;UNKNOWN
2016-02-09T05:55:00.000000;2016-02-09T05:55:00.000000;05a39f3c-ca30-4f30-be3c-937c006e6eb1;371.3;10.77;UNKNOWN
2016-02-09T05:55:00.000000;2016-02-09T05:55:00.000000;4de88377-77f9-4ac9-b3b9-99f5c8c872c5;371.3;0.1;UNKNOWN
2016-02-09T05:55:00.000000;2016-02-09T05:55:00.000000;164c9b1a-0c47-475c-9dd3-94b1068f2dbd;371.3;0.12577688;UNKNOWN
2016-02-09T05:55:07.000000;2016-02-09T05:55:07.000000;4047dc0c-fccd-47cc-84c5-2724e39cc412;371.31;0.5;UNKNOWN
2016-02-09T05:55:22.000000;2016-02-09T05:55:22.000000;76da88a0-8493-4e42-953d-795c7b120143;371.72;0.21;UNKNOWN
2016-02-09T05:55:22.000000;2016-02-09T05:55:22.000000;8bb4e9b8-970d-4fdb-8434-76ce3ef69591;371.44;0.01;UNKNOWN
2016-02-09T05:55:22.000000;2016-02-09T05:55:22.000000;76def584-aa88-44c2-aa46-bc5a27530626;371.54;0.01;UNKNOWN
2016-02-09T05:55:22.000000;2016-02-09T05:55:22.000000;53f39efb-e98d-4829-a85a-e38e85004bcc;371.64;0.01;UNKNOWN
2016-02-09T05:55:22.000000;2016-02-09T05:55:22.000000;28266876-0bb6-42dc-9c74-f957c002c024;371.34;0.01;UNKNOWN
2016-02-09T05:56:11.000000;2016-02-09T05:56:11.000000;182166a3-cca6-4b48-8079-cbababe505b4;371.73;1.08172043;UNKNOWN
2016-02-09T05:56:49.000000;2016-02-09T05:56:49.000000;793a1b43-2c00-415b-8640-eec5297b12ac;371.6;0.1;UNKNOWN
2016-02-09T05:56:59.000000;2016-02-09T05:56:59.000000;ff5e3dc8-09fd-4e74-9296-bb6e258c6388;371.6;0.09979;UNKNOWN
2016-02-09T05:57:02.000000;2016-02-09T05:57:02.000000;a239090e-785f-43b0-abc9-ae09a1f7ec8f;371.6;0.00021;UNKNOWN
2016-02-09T05:57:12.000000;2016-02-09T05:57:12.000000;68b01426-8d08-4d0c-bf45-c55c52314853;371.71;0.11;UNKNOWN
2016-02-09T05:58:11.000000;2016-02-09T05:58:11.000000;3a050cdb-cb42-4008-94f7-d22c4a9fc48b;371.61;0.1;UNKNOWN
2016-02-09T05:58:44.000000;2016-02-09T05:58:44.000000;ebac7cdf-d97d-4851-93bd-32941420cf97;371.61;0.1;UNKNOWN
2016-02-09T05:58:44.000000;2016-02-09T05:58:44.000000;8f4a5f70-f738-4ef6-b1e3-328aea0111c0;371.61;0.1;UNKNOWN
2016-02-09T05:58:53.000000;2016-02-09T05:58:53.000000;a5de308f-3072-4e14-8d12-f117daa085c3;371.61;0.1;UNKNOWN
2016-02-09T05:59:14.000000;2016-02-09T05:59:14.000000;f2793767-ace6-48b2-9a52-375816d00c6c;371.61;0.1;UNKNOWN
2016-02-09T06:00:01.000000;2016-02-09T06:00:01.000000;4955efa9-e606-4ebc-88a6-2ba71acd255b;371.62;0.2;UNKNOWN
2016-02-09T06:00:42.000000;2016-02-09T06:00:42.000000;cb2a3694-5c3f-41a9-8de6-1f1f58a3b3f0;371.62;5.0;UNKNOWN
2016-02-09T06:01:36.000000;2016-02-09T06:01:36.000000;f0e1f5c3-c998-46ae-a28f-4d71d8b960f1;371.61;0.1;UNKNOWN
2016-02-09T06:01:40.000000;2016-02-09T06:01:40.000000;4e8a95ea-eac7-45cc-b285-0cb26261d15e;371.61;0.1;UNKNOWN
2016-02-09T06:01:40.000000;2016-02-09T06:01:40.000000;b75da9f0-884e-4747-87c0-14f92179a6af;371.61;0.1;UNKNOWN
2016-02-09T06:01:43.000000;2016-02-09T06:01:43.000000;59d9e311-7e83-457d-ab3c-00fe985e7f52;371.61;0.1;UNKNOWN
2016-02-09T06:02:13.000000;2016-02-09T06:02:13.000000;46277473-3d00-4feb-8ab5-19027e94fdef;371.63;0.01;UNKNOWN
2016-02-09T06:03:34.000000;2016-02-09T06:03:34.000000;105c7932-e2f8-446b-945e-251341c71a9a;371.61;0.22308535;UNKNOWN
2016-02-09T06:04:20.000000;2016-02-09T06:04:20.000000;01840643-4662-48e1-b807-31327a38b5f2;371.63;0.09;UNKNOWN
2016-02-09T06:04:31.000000;2016-02-09T06:04:31.000000;90f7adeb-7df4-4abf-b339-14169aaea7d4;371.63;0.01;UNKNOWN
2016-02-09T06:04:31.000000;2016-02-09T06:04:31.000000;9a497cc7-0941-47cf-91e6-f0a8acdfe342;371.61;1.63691465;UNKNOWN
2016-02-09T06:04:31.000000;2016-02-09T06:04:31.000000;af51da42-9d7e-443a-9bbf-c3fc31b9a3c1;371.6;0.319;UNKNOWN
2016-02-09T06:05:05.000000;2016-02-09T06:05:05.000000;fec11a6c-76f5-44dd-bc8f-f8c0b94b9b4a;371.46;0.01;UNKNOWN
2016-02-09T06:06:05.000000;2016-02-09T06:06:05.000000;b264f9ca-765f-4d3b-bffe-1453644e0386;371.6;0.1;UNKNOWN
2016-02-09T06:09:11.000000;2016-02-09T06:09:11.000000;ca787c9e-402c-442f-b099-cf8c37cbd723;371.46;0.01;UNKNOWN
2016-02-09T06:09:16.000000;2016-02-09T06:09:16.000000;9366f36e-63ea-418c-a0f9-9cc0ee4b25d0;371.5;0.01611413;UNKNOWN
2016-02-09T06:09:42.000000;2016-02-09T06:09:42.000000;2c85e0a3-5c38-4a8f-9807-0c4973d0e098;371.46;0.052901;UNKNOWN
2016-02-09T06:09:58.000000;2016-02-09T06:09:58.000000;98f61aa0-26a9-42d8-910a-8d85a22fd3f9;370.88;1.29;UNKNOWN
2016-02-09T06:09:58.000000;2016-02-09T06:09:58.000000;b9141339-9e18-4eae-8db7-814bac52d10e;370.85;3.0;UNKNOWN
2016-02-09T06:09:58.000000;2016-02-09T06:09:58.000000;b25f4e77-2aac-4400-8d83-1a6988daff93;370.89;0.5;UNKNOWN
2016-02-09T06:13:33.000000;2016-02-09T06:13:33.000000;0f2e8958-b20d-41a0-9225-c617f4a736b6;370.46;6.0;UNKNOWN
2016-02-09T06:13:33.000000;2016-02-09T06:13:33.000000;ce1becb0-43a9-4607-acac-f650f72b4b32;370.45;0.99;UNKNOWN
2016-02-09T06:13:33.000000;2016-02-09T06:13:33.000000;d0392774-68ee-49da-ba09-5e64cc894756;370.7;0.01;UNKNOWN
2016-02-09T06:13:33.000000;2016-02-09T06:13:33.000000;830a0191-63ee-4e00-b49b-b53aaaf9686a;370.46;3.0;UNKNOWN
2016-02-09T06:14:05.000000;2016-02-09T06:14:05.000000;e40ded41-53bd-4b80-ac3a-b20a7c2f0672;370.6;2.78863567;UNKNOWN
2016-02-09T06:15:41.000000;2016-02-09T06:15:41.000000;c9174294-79e5-4e8f-ac1e-64c7370d3f26;370.52;6.0;UNKNOWN
2016-02-09T06:15:41.000000;2016-02-09T06:15:41.000000;1273c5b0-56db-4476-b3e0-e5c59b387275;370.53;3.0;UNKNOWN
2016-02-09T06:15:41.000000;2016-02-09T06:15:41.000000;6e866b80-bc58-4351-8d49-56a5e89c180e;370.54;0.5;UNKNOWN
2016-02-09T06:23:33.000000;2016-02-09T06:23:33.000000;1f9d83b6-796d-41df-9161-4243e48f1e2d;370.72;6.10289062;UNKNOWN
2016-02-09T06:24:07.000000;2016-02-09T06:24:07.000000;742dfa07-025e-4ed3-bac3-12acc075c2a4;370.74;3.0;UNKNOWN
2016-02-09T06:24:07.000000;2016-02-09T06:24:07.000000;26b3d353-f2c1-48c0-9805-a6303665b963;370.74;0.5;UNKNOWN
2016-02-09T06:24:21.000000;2016-02-09T06:24:21.000000;354453c1-7a68-4626-86e6-c3b742dd98f4;370.84;3.89;UNKNOWN
2016-02-09T06:24:21.000000;2016-02-09T06:24:21.000000;02642814-5ac0-4391-8241-8ff5e99a3d8f;370.83;6.11;UNKNOWN
2016-02-09T06:29:32.000000;2016-02-09T06:29:32.000000;9aef0588-c442-4cba-a814-039c303fd3e2;371.01;1.0;UNKNOWN
2016-02-09T06:29:49.000000;2016-02-09T06:29:49.000000;3d3a8810-6830-4043-ac4f-8635d8b151ec;371.01;1.0;UNKNOWN
2016-02-09T06:29:53.000000;2016-02-09T06:29:53.000000;9eb6226e-d1b5-4f61-bbee-249def72f2c7;371.02;1.95;UNKNOWN
2016-02-09T06:29:53.000000;2016-02-09T06:29:53.000000;acc43f92-7c71-4c5b-acb6-1ad30bf4b69f;371.14;6.6638;UNKNOWN
2016-02-09T06:29:53.000000;2016-02-09T06:29:53.000000;7379ffde-ff74-40ea-8c64-119fed6e2dee;371.17;1.3862;UNKNOWN
2016-02-09T06:30:25.000000;2016-02-09T06:30:25.000000;923db373-d318-4a50-915f-584686d84532;370.94;0.037;UNKNOWN
2016-02-09T06:30:26.000000;2016-02-09T06:30:26.000000;008f7960-64f2-4b25-824d-4d1c6a6bc895;371.01;0.04;UNKNOWN
2016-02-09T06:30:31.000000;2016-02-09T06:30:31.000000;f1f9c64c-af78-4084-af2b-0af8450e2cc0;370.97;0.112;UNKNOWN
2016-02-09T06:30:32.000000;2016-02-09T06:30:32.000000;3c064774-9616-495e-9457-10702370a454;371.29;0.344;UNKNOWN
2016-02-09T06:30:32.000000;2016-02-09T06:30:32.000000;10766bf7-4e8d-492c-baf6-941c908fc172;371.01;0.156;UNKNOWN
2016-02-09T06:30:47.000000;2016-02-09T06:30:47.000000;3ed57e99-3412-42f7-abbd-6d5b0ce7e8ce;370.81;0.08;UNKNOWN
2016-02-09T06:30:50.000000;2016-02-09T06:30:50.000000;24c86e26-5c12-4493-bcbf-cfb98e2cdb79;370.85;0.205;UNKNOWN
2016-02-09T06:30:54.000000;2016-02-09T06:30:54.000000;9e1690a8-b27e-4d6e-a69d-58502db97cb0;370.85;0.047;UNKNOWN
2016-02-09T06:31:02.000000;2016-02-09T06:31:02.000000;93fe0310-c465-4b44-bfc3-7b125dd94a7c;370.86;0.038;UNKNOWN
2016-02-09T06:31:15.000000;2016-02-09T06:31:15.000000;acc00ef1-aa87-4b0c-98e2-5ece6d667eac;371.3;0.11;UNKNOWN
2016-02-09T06:31:27.000000;2016-02-09T06:31:27.000000;e52affb3-071b-4b01-ae03-5cfa83f87bc4;371.35;0.05;UNKNOWN
2016-02-09T06:32:27.000000;2016-02-09T06:32:27.000000;f560b0b2-d5d4-4f32-9cf9-c6b0154a40b4;371.46;1.0;UNKNOWN
2016-02-09T06:33:47.000000;2016-02-09T06:33:47.000000;318823ab-6349-4f11-a197-dda048dc3885;371.5;3.0;UNKNOWN
2016-02-09T06:37:08.000000;2016-02-09T06:37:08.000000;78dedc18-a312-49c1-928d-e55d29ae03ae;371.41;0.55679;UNKNOWN
2016-02-09T06:37:08.000000;2016-02-09T06:37:08.000000;d40f50ed-c973-4087-8144-ae94f43441f3;371.4;0.1;UNKNOWN
2016-02-09T06:37:08.000000;2016-02-09T06:37:08.000000;a83152b4-5c2d-41e3-83c6-f904c9ca2d23;371.5;5.34321;UNKNOWN
2016-02-09T06:37:24.000000;2016-02-09T06:37:24.000000;691ce187-a883-4096-9c93-b46493abd090;371.42;2.11514704;UNKNOWN
2016-02-09T06:37:24.000000;2016-02-09T06:37:24.000000;206466e3-80ec-443b-8d5d-65d726a42406;371.39;3.88485296;UNKNOWN
2016-02-09T06:37:40.000000;2016-02-09T06:37:40.000000;84c4ec22-0d38-4c70-94fc-d7a51e19876d;371.53;3.88389736;UNKNOWN
2016-02-09T06:37:40.000000;2016-02-09T06:37:40.000000;ff0e0129-6148-465a-9ee8-4e679533df52;371.57;1.01610264;UNKNOWN
2016-02-09T06:37:40.000000;2016-02-09T06:37:40.000000;d433af70-e05e-4244-ad50-583905fa3f91;371.51;0.1;UNKNOWN
2016-02-09T06:37:44.000000;2016-02-09T06:37:44.000000;5ec9bf28-4788-4555-98be-405a319b7701;371.5;0.1;UNKNOWN
2016-02-09T06:38:59.000000;2016-02-09T06:38:59.000000;2e0eab38-4cba-4ef4-93eb-bd09f20b3a1a;371.42;0.1;UNKNOWN
2016-02-09T06:39:06.000000;2016-02-09T06:39:06.000000;c28cfe90-8932-497a-8784-56a28e381bce;371.42;0.07231415;UNKNOWN
2016-02-09T06:41:04.000000;2016-02-09T06:41:04.000000;3ad18ee5-4141-4acd-b20c-71d39503bd40;371.45;0.23024074;UNKNOWN
2016-02-09T06:41:33.000000;2016-02-09T06:41:33.000000;7ae8c960-693f-4294-9588-2b23f34d45f0;371.3;1.0;UNKNOWN
2016-02-09T06:48:33.000000;2016-02-09T06:48:33.000000;0fdc9b43-206b-4372-9a33-73c89586a9d5;371.3;0.38098324;UNKNOWN
2016-02-09T06:48:33.000000;2016-02-09T06:48:33.000000;8113800a-f87b-4f24-bb55-3c5b36b9c886;371.3;0.91;UNKNOWN
2016-02-09T06:48:33.000000;2016-02-09T06:48:33.000000;d2e33da5-3fe4-46be-b90b-2f7ce94361b9;371.3;0.25;UNKNOWN
2016-02-09T06:49:01.000000;2016-02-09T06:49:01.000000;e85d9016-712a-4931-950e-2ddb39f042d5;370.94;1.1;UNKNOWN
2016-02-09T06:50:01.000000;2016-02-09T06:50:01.000000;4eb7204b-964b-4256-b1f8-5df70b71c7c0;371.0;0.13818215;UNKNOWN
2016-02-09T06:50:01.000000;2016-02-09T06:50:01.000000;09c95a6e-f50c-46d7-9d8a-b37a6ce963b4;371.02;0.06181785;UNKNOWN
2016-02-09T06:53:03.000000;2016-02-09T06:53:03.000000;b3ae85c9-1c18-40ac-a46b-c23ec8382f71;371.02;0.9688;UNKNOWN
2016-02-09T06:55:20.000000;2016-02-09T06:55:20.000000;cfa1ce0f-3c10-4bd5-9f72-e5a1f14ec5be;370.92;2.7398;UNKNOWN
2016-02-09T06:55:20.000000;2016-02-09T06:55:20.000000;524bdf63-2be8-463e-bb49-e414b6b56af3;370.93;0.2602;UNKNOWN
2016-02-09T06:55:31.000000;2016-02-09T06:55:31.000000;19b9e2a4-0f1a-4d02-9795-6ad37c9e2255;370.92;9.6702;UNKNOWN
2016-02-09T06:55:31.000000;2016-02-09T06:55:31.000000;d6ab045a-5172-4448-a66b-7f15825674dc;370.91;0.3298;UNKNOWN
2016-02-09T06:56:04.000000;2016-02-09T06:56:04.000000;b24f97db-3702-42c2-9d54-93eb8f1e9f26;370.74;0.08439388;UNKNOWN
2016-02-09T06:57:50.000000;2016-02-09T06:57:50.000000;42badd31-227c-47d5-bf5e-3b719b00b9ce;370.85;5.0;UNKNOWN
