time_exchange;time_coinpai;guid;price;base_amount;taker_side
2016-02-09T00:02:30.430000;2016-02-09T00:02:30.420000;dce5a28a-f1e1-45d2-b392-9eff287b685c;371.02;0.01;SELL
2016-02-09T00:02:30.430000;2016-02-09T00:02:30.453000;837f0038-c73c-49db-a7ef-cc91aabcf9c7;371.02;0.087;SELL
2016-02-09T00:02:30.430000;2016-02-09T00:02:30.453000;fc7c7fc1-c083-4edf-8936-3ccfad453022;371.0;0.0115;SELL
2016-02-09T00:02:30.430000;2016-02-09T00:02:30.453000;c8fa10da-2d59-4589-bc7b-1e65559f3469;370.99;0.074;SELL
2016-02-09T00:02:30.430000;2016-02-09T00:02:30.453000;c9292ccf-334a-4870-906c-4ef07cc0cc7d;370.98;0.17;SELL
2016-02-09T00:02:30.430000;2016-02-09T00:02:30.453000;b2582da2-bb16-4377-87a9-01821850ffcb;370.96;0.087;SELL
2016-02-09T00:02:30.433000;2016-02-09T00:02:30.453000;adec5d73-a5fd-490c-a5d3-da3faf60bb94;370.93;0.104;SELL
2016-02-09T00:02:30.433000;2016-02-09T00:02:30.470000;6845b9fb-e5f1-44cc-972d-ba38a2607c53;370.9;0.084;SELL
2016-02-09T00:02:30.433000;2016-02-09T00:02:30.470000;21e57201-60be-4a54-be87-ce1edd67ec4c;370.88;0.01;SELL
2016-02-09T00:02:30.433000;2016-02-09T00:02:30.470000;8884a901-6d2c-414d-814b-9fe77a12c70b;370.88;0.32;SELL
2016-02-09T00:02:30.433000;2016-02-09T00:02:30.470000;42c4805a-85e0-47dc-95c8-bce2028dde73;370.87;0.09;SELL
2016-02-09T00:02:30.433000;2016-02-09T00:02:30.470000;04e47752-58b6-4638-8cfb-f1d0e74f3638;370.87;0.96;SELL
2016-02-09T00:02:30.433000;2016-02-09T00:02:30.517000;a150236a-186f-463d-b196-388a3f66bccc;370.84;0.078;SELL
2016-02-09T00:02:30.433000;2016-02-09T00:02:30.530000;73cecfe4-b8a7-4a7f-8ce9-8f02141cd375;370.81;0.101;SELL
2016-02-09T00:02:30.433000;2016-02-09T00:02:30.530000;e818b449-caa7-431f-adac-0ed13b982146;370.78;0.079;SELL
2016-02-09T00:02:30.433000;2016-02-09T00:02:30.530000;bd6000f3-a868-4672-886e-41e5f636ec03;370.75;0.117;SELL
2016-02-09T00:02:30.433000;2016-02-09T00:02:30.530000;20fcd117-408f-42ce-a693-7ac166234b84;370.74;0.01;SELL
2016-02-09T00:02:30.433000;2016-02-09T00:02:30.530000;f428589b-e82f-4363-8b58-1ef877edf7a0;370.73;1.0;SELL
2016-02-09T00:02:30.433000;2016-02-09T00:02:30.530000;0ea5026e-7d35-458e-8d97-46ea8a5e3c8b;370.72;0.076;SELL
2016-02-09T00:02:30.433000;2016-02-09T00:02:30.530000;0fe9e012-9c63-496e-89bf-b472ec7e25f1;370.7;1.92;SELL
2016-02-09T00:02:30.433000;2016-02-09T00:02:30.530000;9b92dd34-452b-462b-901d-163335276819;370.69;0.114;SELL
2016-02-09T00:02:30.433000;2016-02-09T00:02:30.530000;b18f86c8-1daf-4871-af0f-3fb4c66911db;370.69;2.0;SELL
2016-02-09T00:02:30.437000;2016-02-09T00:02:30.530000;7d4d0715-6fe7-40f3-b4be-108965355b9c;370.68;2.4975;SELL
2016-02-09T00:04:13.060000;2016-02-09T00:04:13.110000;179ac2fb-1313-41f0-9a73-d01c7cbd3e7f;370.82;0.25;BUY
2016-02-09T00:04:13.060000;2016-02-09T00:04:13.127000;4234f70d-7474-4c7b-bdfb-43745c35462e;370.86;0.05;BUY
2016-02-09T00:05:23.203000;2016-02-09T00:05:23.250000;581e9ded-7e28-4f76-9ad9-d6c936e62695;370.9;0.188855;BUY
2016-02-09T00:07:07.103000;2016-02-09T00:07:07.143000;95f75ae7-6480-4c93-963e-49a0f63b0744;370.9;0.061145;BUY
2016-02-09T00:07:07.103000;2016-02-09T00:07:07.173000;85ddef95-3ce9-4b8b-8440-1b777e863aeb;370.92;0.01;BUY
2016-02-09T00:07:07.107000;2016-02-09T00:07:07.173000;3e842e6f-d672-4bce-9ddf-06c75ccb71d8;370.98;0.686655;BUY
2016-02-09T00:07:07.110000;2016-02-09T00:07:07.173000;eeb366c1-8c0f-4a5c-bbd4-fd3f634c1dc5;370.98;0.124995;BUY
2016-02-09T00:09:34.147000;2016-02-09T00:09:34.190000;cd2f3451-8c7b-42b9-8076-ba070f91c3ce;370.95;0.01;SELL
2016-02-09T00:09:34.147000;2016-02-09T00:09:34.190000;b8b0e66d-7703-473e-be09-c96e774125d1;370.95;0.086;SELL
2016-02-09T00:09:34.150000;2016-02-09T00:09:34.203000;863e806b-655b-47e4-b1cb-073d914a3a16;370.88;2.08;SELL
2016-02-09T00:09:34.150000;2016-02-09T00:09:34.203000;e7bea208-e4f2-4fa9-adb8-d2f35badc6e4;370.87;9.43048;SELL
2016-02-09T00:09:34.150000;2016-02-09T00:09:34.203000;e3af21f0-d504-4820-ad9a-eef6200015fe;370.86;1.773;SELL
2016-02-09T00:09:34.150000;2016-02-09T00:09:34.203000;ca74e731-a0e1-4eae-a38d-6966d3ab53b8;370.83;1.769;SELL
2016-02-09T00:09:34.150000;2016-02-09T00:09:34.220000;236009ce-5b21-4974-8d77-6a3d2da92ffc;370.8;0.85152;SELL
2016-02-09T00:11:08.557000;2016-02-09T00:11:08.597000;17dfad54-e21c-4964-b1a3-9732f5ca7e3c;370.84;0.1;SELL
2016-02-09T00:12:49.887000;2016-02-09T00:12:49.907000;51f2b75b-6099-4495-855c-6bcf18fadafc;370.81;0.01;SELL
2016-02-09T00:12:49.887000;2016-02-09T00:12:49.940000;1e83d518-ced7-4e12-9f6d-56e84464ccb5;370.81;0.34;SELL
2016-02-09T00:13:08.117000;2016-02-09T00:13:08.143000;3a3d3441-6319-4fce-bb08-013a17ed1c9a;370.79;0.25;BUY
2016-02-09T00:13:08.117000;2016-02-09T00:13:08.157000;ba0525e3-de7f-4ced-b3a4-74f8ac279f3a;370.81;0.06019;BUY
2016-02-09T00:13:08.120000;2016-02-09T00:13:08.157000;7ff2493c-bcb6-4420-9288-36ae65c28bec;370.81;0.5052;BUY
2016-02-09T00:13:08.143000;2016-02-09T00:13:08.173000;5a10e6a5-eec5-4c67-9ef5-a81dcd176477;370.81;0.13461;BUY
2016-02-09T00:14:48.847000;2016-02-09T00:14:48.877000;dd377a62-d9ad-4d28-bf6e-0f7237055dc8;370.76;0.01;SELL
2016-02-09T00:14:48.847000;2016-02-09T00:14:48.893000;1e0bff61-9f4e-49fb-805b-7d13324c3958;370.76;0.078;SELL
2016-02-09T00:14:48.847000;2016-02-09T00:14:48.893000;3ae19a46-43ca-4531-b87a-c97127f5bd06;370.73;0.092;SELL
2016-02-09T00:14:48.847000;2016-02-09T00:14:48.893000;cb553f91-7afa-41e3-adc3-63f971e1ad01;370.7;0.088;SELL
2016-02-09T00:14:48.850000;2016-02-09T00:14:48.893000;7c49dbf3-dc26-47a3-8b46-53430929d216;370.69;0.01;SELL
2016-02-09T00:14:48.850000;2016-02-09T00:14:48.987000;836255cf-0af6-4499-8ee3-9c66e5199031;370.67;0.125;SELL
2016-02-09T00:14:48.850000;2016-02-09T00:14:48.987000;4f53e822-1d18-4145-8bd1-2837dc07ce58;370.64;0.083;SELL
2016-02-09T00:14:48.850000;2016-02-09T00:14:48.987000;1dcc7a96-9e48-4295-aca5-087d30978c27;370.62;4.8;SELL
2016-02-09T00:14:48.850000;2016-02-09T00:14:48.987000;9f5f2e53-8d81-4881-80a1-119e1909f735;370.61;0.128;SELL
2016-02-09T00:14:48.850000;2016-02-09T00:14:48.987000;a19d2c59-f523-4596-be83-ba1fe8fba163;370.61;6.586;SELL
2016-02-09T00:15:08.867000;2016-02-09T00:15:08.893000;e824b012-edbb-44e7-8be5-45d6b74e8310;370.64;0.00107652;BUY
2016-02-09T00:15:22.230000;2016-02-09T00:15:22.250000;44ea767a-f75f-4a0f-9e92-066ba7eaeb83;370.59;0.00067459;SELL
2016-02-09T00:15:31.077000;2016-02-09T00:15:31.110000;60083d93-4c91-4784-8a16-dc4e2c717685;370.64;0.00067282;BUY
2016-02-09T00:16:13.113000;2016-02-09T00:16:13.143000;b35c2d11-d08f-406a-b7a5-f44418515dca;370.59;0.00080951;SELL
2016-02-09T00:16:36.213000;2016-02-09T00:16:36.237000;8be0d390-6da1-4067-b3d4-808e070feafb;370.63;0.00094198;BUY
2016-02-09T00:16:54.517000;2016-02-09T00:16:54.550000;95040611-38f2-4fc2-a43f-4e4aec991ea6;370.6;0.00102536;SELL
2016-02-09T00:17:09.900000;2016-02-09T00:17:09.907000;daa217fc-f22f-49be-ae8b-71ac741fa631;370.63;0.00123803;BUY
2016-02-09T00:17:23.417000;2016-02-09T00:17:23.440000;5d0dc17c-5f5e-4db2-b2b5-522c103f1095;370.6;0.00148407;SELL
2016-02-09T00:17:33.900000;2016-02-09T00:17:33.923000;803a8ade-9a53-43c4-a823-81428d78b543;370.64;0.00174934;BUY
2016-02-09T00:17:45.820000;2016-02-09T00:17:45.847000;92db3a45-d563-4a44-a0d8-a7cce21f83c1;370.62;0.00148399;SELL
2016-02-09T00:17:46.857000;2016-02-09T00:17:46.877000;4bac12af-5c6a-477d-92ce-c39095bc53bd;370.64;0.00757784;BUY
2016-02-09T00:17:46.857000;2016-02-09T00:17:46.893000;780c23b4-b38a-4382-8634-ce04ef7fb2db;370.66;0.10199616;BUY
2016-02-09T00:17:47.803000;2016-02-09T00:17:47.830000;e88f461b-5f10-4ccb-8718-3b9c5349a752;370.69;0.163842;BUY
2016-02-09T00:17:55.860000;2016-02-09T00:17:55.877000;498a1018-7f3e-497c-93ba-49419bd40790;370.66;0.00188381;BUY
2016-02-09T00:18:21.243000;2016-02-09T00:18:21.250000;605469c0-fb98-4dea-98ff-41cc9c4a5e7d;370.59;0.00043174;SELL
2016-02-09T00:18:32.170000;2016-02-09T00:18:32.190000;4b7808cd-28ce-45f1-84c7-1a44235ae9c3;370.64;0.00045752;BUY
2016-02-09T00:18:34.377000;2016-02-09T00:18:34.393000;3336cf43-576b-43d7-8530-0280cd29f5fe;370.64;0.12;BUY
2016-02-09T00:18:54.047000;2016-02-09T00:18:54.063000;b981662a-2869-4e9b-b5cb-957a72e48f7b;370.64;0.02;BUY
2016-02-09T00:19:09.330000;2016-02-09T00:19:09.347000;9bedf588-100a-437f-a802-08dd1efe4788;370.63;0.00067452;SELL
2016-02-09T00:19:31.427000;2016-02-09T00:19:31.357000;ab8817f7-43fe-47de-8c0a-e70e24e6b87d;370.64;0.00053826;BUY
2016-02-09T00:19:40.177000;2016-02-09T00:19:40.093000;fc30e7cb-12ee-494e-aebd-1c5fc265502f;370.6;0.00080949;SELL
2016-02-09T00:19:48.850000;2016-02-09T00:19:48.780000;8e15eca2-8773-440f-831a-be655044e35c;370.64;0.00094195;BUY
2016-02-09T00:22:50.843000;2016-02-09T00:22:50.750000;d1ceb37a-92a6-4954-84f8-64f354009922;370.61;0.123;SELL
2016-02-09T00:22:50.843000;2016-02-09T00:22:50.763000;5a376788-1e51-42d7-91b3-3a79ff7f2ed8;370.6;0.44;SELL
2016-02-09T00:22:50.843000;2016-02-09T00:22:50.763000;3a2bd986-5374-4696-aa0a-44491212634d;370.58;0.124;SELL
2016-02-09T00:22:50.843000;2016-02-09T00:22:50.763000;638daaa0-b1a9-4de1-b0de-e9c37cf6b52a;370.57;0.32;SELL
2016-02-09T00:22:50.843000;2016-02-09T00:22:50.763000;931d3101-04d3-4f60-853c-de9dba19869f;370.56;4.003;SELL
2016-02-09T00:22:50.843000;2016-02-09T00:22:50.797000;4f7a2357-75ef-43c3-a52d-cb7947c1b748;370.55;0.086;SELL
2016-02-09T00:22:50.847000;2016-02-09T00:22:50.797000;56eadf23-6396-45d7-a6d2-b116e1fa8f74;370.53;5.904;SELL
2016-02-09T00:23:24.560000;2016-02-09T00:23:24.467000;48d2a65b-f156-49a8-bf56-dc6d006136b9;370.62;0.01;SELL
2016-02-09T00:27:31.807000;2016-02-09T00:27:31.703000;f05f1427-4e45-447c-ac92-166c714f887e;370.61;0.25;BUY
2016-02-09T00:27:31.807000;2016-02-09T00:27:31.717000;0c599a25-c713-4493-9fb9-5c580561b1ea;370.65;0.01;BUY
2016-02-09T00:27:31.807000;2016-02-09T00:27:31.717000;51d57a8a-c98a-4368-9f4b-25a87eb83ac5;370.66;0.00811619;BUY
2016-02-09T00:27:31.807000;2016-02-09T00:27:31.717000;9d30744e-6b93-4706-894a-f2b615f00cf8;370.67;0.01;BUY
2016-02-09T00:27:31.807000;2016-02-09T00:27:31.717000;80ab1849-ad1d-455e-bd08-7a7fcb9b4095;370.71;3.04;BUY
2016-02-09T00:27:31.807000;2016-02-09T00:27:31.810000;62d12fbf-541e-4daa-a0c9-525cfa969af2;370.72;0.01;BUY
2016-02-09T00:27:31.807000;2016-02-09T00:27:31.810000;4cd1f57a-3ebc-49e4-abe1-ccd1987d3c64;370.72;0.01;BUY
2016-02-09T00:27:31.807000;2016-02-09T00:27:31.810000;6aea1665-1685-42e6-acb7-34731e7172ff;370.72;9.3957;BUY
2016-02-09T00:27:31.810000;2016-02-09T00:27:31.810000;554a9792-16d5-430d-9cf4-b903ef40cf4f;370.72;0.087;BUY
2016-02-09T00:27:31.810000;2016-02-09T00:27:31.810000;c1078fd5-a348-4405-beef-6b4f9ac21672;370.75;0.126;BUY
2016-02-09T00:27:31.810000;2016-02-09T00:27:31.810000;595c68c8-86e9-405e-bf7a-e14e86e46674;370.76;0.087;BUY
2016-02-09T00:27:31.810000;2016-02-09T00:27:31.810000;c24d5ee2-96d6-4205-94c8-e88acc361f19;370.79;0.081;BUY
2016-02-09T00:27:31.810000;2016-02-09T00:27:31.810000;94e0c024-d67e-4c34-a9b5-30d9368f47f5;370.82;0.073;BUY
2016-02-09T00:27:31.810000;2016-02-09T00:27:31.810000;6e7f6e1d-681b-4004-aa6b-c33feb307556;370.84;0.32;BUY
2016-02-09T00:27:31.810000;2016-02-09T00:27:31.810000;d4b9bdaa-be70-4b15-84d6-3061bddb8222;370.85;0.01;BUY
2016-02-09T00:27:31.810000;2016-02-09T00:27:31.810000;e6ede9a0-2666-405c-8e6b-7292f140726b;370.85;0.103;BUY
2016-02-09T00:27:31.810000;2016-02-09T00:27:31.810000;445fc88f-11a9-4b50-8dc4-81138a2fff37;370.85;0.16;BUY
2016-02-09T00:27:31.810000;2016-02-09T00:27:31.810000;9d1b66d5-c579-4e12-ab2c-1626654f3841;370.86;0.01;BUY
2016-02-09T00:27:31.810000;2016-02-09T00:27:31.810000;27b60633-73cb-46be-ad57-3a36fcb038fc;370.86;0.108;BUY
2016-02-09T00:27:31.810000;2016-02-09T00:27:31.810000;5c6b3015-8c44-42aa-92b1-abf9de752a8e;370.86;2.4;BUY
2016-02-09T00:27:31.810000;2016-02-09T00:27:31.810000;a6b44f9d-b095-487f-9343-b7404131abad;370.87;0.01;BUY
2016-02-09T00:27:31.810000;2016-02-09T00:27:31.810000;b280493e-8720-44f2-bbd2-f8f866e2c3b4;370.88;0.64242381;BUY
2016-02-09T00:28:02.243000;2016-02-09T00:28:02.140000;3e6587d1-6d95-494c-a971-08a1b6f2658d;370.75;0.25;BUY
2016-02-09T00:28:02.243000;2016-02-09T00:28:02.140000;f72a3445-addf-4dcb-aa13-d6dd1ed1d5e6;370.75;0.074;BUY
2016-02-09T00:28:02.243000;2016-02-09T00:28:02.157000;48ff0e11-7578-4480-8753-e8545bed32d9;370.76;0.01;BUY
2016-02-09T00:28:02.247000;2016-02-09T00:28:02.157000;14f3b526-9177-4ae7-9d09-449f77c7ba98;370.78;0.01;BUY
2016-02-09T00:28:02.247000;2016-02-09T00:28:02.170000;1bb66126-1632-4851-9cd5-5c86b0a79b50;370.78;0.127;BUY
2016-02-09T00:28:02.247000;2016-02-09T00:28:02.170000;2c541793-f57f-49d3-8903-2f460188a396;370.79;0.01;BUY
2016-02-09T00:28:02.247000;2016-02-09T00:28:02.170000;10326f03-2e4f-4853-8ce8-2e7321a27bee;370.8;0.66885;BUY
2016-02-09T00:28:31.927000;2016-02-09T00:28:31.827000;3166744c-f465-4f69-8c8f-1ccdcde94278;370.8;0.25;BUY
2016-02-09T00:28:31.927000;2016-02-09T00:28:31.843000;a54d5bac-569a-45d3-95e3-487745256b7a;370.81;0.01;BUY
2016-02-09T00:28:31.927000;2016-02-09T00:28:31.843000;2f354987-d35c-446a-939a-91f0b1d51cb5;370.83;0.128;BUY
2016-02-09T00:28:31.927000;2016-02-09T00:28:31.843000;a2c92165-f08b-46eb-a375-e77a0f87cd5d;370.86;0.107;BUY
2016-02-09T00:28:31.927000;2016-02-09T00:28:31.843000;8f197763-b89c-4c6b-8f7e-c3b510c70f1e;370.89;0.01;BUY
2016-02-09T00:28:31.927000;2016-02-09T00:28:31.860000;977b919f-f5c9-4d6a-a245-0b180581ec75;370.89;0.00327;BUY
2016-02-09T00:28:57.570000;2016-02-09T00:28:57.453000;44fc8248-4aec-45e2-b024-812f5f945973;370.78;1.504;SELL
2016-02-09T00:28:57.570000;2016-02-09T00:28:57.483000;f9e90449-b1ad-4ce6-8081-35d98e09e442;370.77;1.52;SELL
2016-02-09T00:28:57.570000;2016-02-09T00:28:57.483000;c60d48f1-1314-48dc-b084-61d2d0649897;370.77;9.41605;SELL
2016-02-09T00:28:57.570000;2016-02-09T00:28:57.483000;cc5f120d-6a3c-4acd-a682-fe4c11e582ed;370.76;1.514;SELL
2016-02-09T00:28:57.570000;2016-02-09T00:28:57.483000;9fb192bc-b9a5-400b-a45d-8925a978cc68;370.76;3.04595;SELL
2016-02-09T00:29:01.980000;2016-02-09T00:29:01.873000;1adb4839-3944-44de-a4a4-baaa620de1a9;370.82;0.25;BUY
2016-02-09T00:29:01.980000;2016-02-09T00:29:01.890000;ff9598dd-64c5-4899-b708-7796806fc842;370.82;0.289;BUY
2016-02-09T00:29:01.983000;2016-02-09T00:29:01.890000;f5755852-681e-4558-bc8c-bdfed77488cf;370.85;0.18365;BUY
2016-02-09T00:29:49.850000;2016-02-09T00:29:49.733000;4ae533b3-fcf6-4574-84df-2b28644f6a35;370.77;0.25;BUY
2016-02-09T00:30:01.813000;2016-02-09T00:30:01.703000;22554c72-44c1-4b00-9d92-e3ee7acc8399;370.89;0.74567;SELL
2016-02-09T00:30:31.833000;2016-02-09T00:30:31.717000;a0723f7b-ed17-4c21-9d0a-f7c84a872992;370.9;0.01;BUY
2016-02-09T00:30:31.833000;2016-02-09T00:30:31.750000;38b9a12d-696c-486e-80d3-13c373b22a36;370.91;0.01;BUY
2016-02-09T00:30:31.833000;2016-02-09T00:30:31.750000;bfe22593-0c91-4272-8409-774b61d52ec0;370.94;0.01;BUY
2016-02-09T00:30:31.833000;2016-02-09T00:30:31.750000;ddf81104-9af0-4bc0-861b-7671bd9ee8e1;370.99;0.01;BUY
2016-02-09T00:30:31.833000;2016-02-09T00:30:31.750000;6e34a80b-0916-4628-afa3-65084c4da5ec;371.01;0.25;BUY
2016-02-09T00:30:31.837000;2016-02-09T00:30:31.827000;50d309e0-b45d-431a-a08b-88e760a254dc;371.02;0.01;BUY
2016-02-09T00:30:31.837000;2016-02-09T00:30:31.827000;717a992d-594a-4182-aa30-c7709070084c;371.02;2.83406;BUY
2016-02-09T00:30:52.190000;2016-02-09T00:30:52.077000;a4023400-5c94-4885-8e7d-eb73856a3f89;371.01;0.0346165;BUY
2016-02-09T00:30:54.603000;2016-02-09T00:30:54.500000;fab952b2-1eac-4075-a736-128a5603319d;371.01;0.2153835;BUY
2016-02-09T00:30:54.603000;2016-02-09T00:30:54.547000;dd27bc1f-6106-4e9b-a6ad-7604c0634608;371.03;3.55;BUY
2016-02-09T00:30:54.603000;2016-02-09T00:30:54.547000;6a19be18-8cb4-4345-a0c2-00f4da07055d;371.03;0.44;BUY
2016-02-09T00:30:54.603000;2016-02-09T00:30:54.547000;16cdaa1f-9297-4acf-b578-e04d51266cff;371.05;3.6946165;BUY
2016-02-09T00:31:02.153000;2016-02-09T00:31:02.077000;8c24fc5d-f874-422b-beb7-36f610bd8623;371.04;0.25;BUY
2016-02-09T00:31:02.153000;2016-02-09T00:31:02.093000;c3c303b3-5532-4966-991c-efb1881327b1;371.05;0.02043;BUY
2016-02-09T00:32:01.953000;2016-02-09T00:32:01.827000;24e29781-fc32-42d3-aa23-65c54c7bccff;371.04;0.73928;SELL
2016-02-09T00:32:31.967000;2016-02-09T00:32:31.843000;945ae58f-83cd-4dcf-98c5-40dc24280e51;371.05;0.10799;BUY
2016-02-09T00:33:01.800000;2016-02-09T00:33:01.687000;17f5cbee-d2b0-45ee-aeda-9d0f858cfa95;371.04;0.01228;SELL
2016-02-09T00:33:31.887000;2016-02-09T00:33:31.763000;f746ab96-4647-4a99-884c-5f06c6d55dad;371.05;4.51238;BUY
2016-02-09T00:34:02.100000;2016-02-09T00:34:01.983000;3ba8eb18-70a8-4308-9962-b5154bdde534;371.04;0.15159;SELL
2016-02-09T00:34:09.037000;2016-02-09T00:34:08.920000;e57085ea-73ae-4b6a-81e0-25a327010be7;371.04;0.02;SELL
2016-02-09T00:34:09.037000;2016-02-09T00:34:08.937000;8bb85f61-24e3-4306-b40a-99caa4e5852c;371.04;1.301;SELL
2016-02-09T00:34:09.037000;2016-02-09T00:34:08.937000;0e2dd122-0915-4a42-a752-625aeba94c89;371.01;1.306;SELL
2016-02-09T00:34:09.037000;2016-02-09T00:34:08.937000;bd1040fd-42b5-4ab9-bcec-5079914d6355;371.01;4.067;SELL
2016-02-09T00:34:09.037000;2016-02-09T00:34:08.937000;de61edd5-c89e-40dd-9874-fd75798d8355;371.0;0.0115;SELL
2016-02-09T00:34:09.037000;2016-02-09T00:34:09.000000;3bf6a7ff-d32b-45e0-bb17-027322aea552;371.0;3.2945;SELL
2016-02-09T00:34:20.807000;2016-02-09T00:34:20.687000;67ee31d5-85dd-4bb0-8508-7992d089b8ec;371.05;0.04;BUY
2016-02-09T00:34:32.123000;2016-02-09T00:34:32.187000;45c49d90-bd90-4496-a93a-fb965cbcf5ce;371.05;0.63326;BUY
2016-02-09T00:35:02.157000;2016-02-09T00:35:02.233000;a99bab1d-3417-4c71-9436-f24baec303a9;371.05;0.9913235;BUY
2016-02-09T00:35:02.157000;2016-02-09T00:35:02.233000;89414434-1eba-44b7-8ec9-66be87bd6d38;371.05;0.02;BUY
2016-02-09T00:35:02.157000;2016-02-09T00:35:02.247000;dfbf52bb-9c57-487c-b08c-efe0e8329745;371.06;0.01;BUY
2016-02-09T00:35:02.157000;2016-02-09T00:35:02.263000;8798e388-d1d2-4157-8457-1a3f99e97624;371.09;0.9465965;BUY
2016-02-09T00:35:31.783000;2016-02-09T00:35:31.840000;63597156-99cd-47ab-af9d-57a20aeef5e7;371.06;0.5669;SELL
2016-02-09T00:36:02.273000;2016-02-09T00:36:02.343000;febf1daf-093a-4de0-b6d3-f8a298e3183b;371.04;0.01;BUY
2016-02-09T00:36:02.273000;2016-02-09T00:36:02.343000;15d94ff3-aa20-4c54-90aa-522200cf6d01;371.04;0.01;BUY
2016-02-09T00:36:02.273000;2016-02-09T00:36:02.343000;7eaf02a1-453e-47da-8216-7abf5ba6f1b4;371.09;0.23368;BUY
2016-02-09T00:36:04.693000;2016-02-09T00:36:04.747000;3acd3678-f145-40a3-8815-adf19e99bbdc;371.09;0.076606;BUY
2016-02-09T00:36:32.207000;2016-02-09T00:36:32.263000;42ae2653-8e4f-434a-bbcf-9b6fb29d6170;371.09;0.13096;SELL
2016-02-09T00:37:31.837000;2016-02-09T00:37:31.903000;efc4fa41-0e43-4065-a7e3-639160c9351f;371.1;0.01;BUY
2016-02-09T00:37:31.837000;2016-02-09T00:37:31.903000;3f0aaf92-d098-421c-8a4d-75ac2ca37bf0;371.1;0.01;BUY
2016-02-09T00:37:31.837000;2016-02-09T00:37:31.903000;4d819550-fa9c-4d80-b4cc-d26a94b0d436;371.1;0.01;BUY
2016-02-09T00:37:31.837000;2016-02-09T00:37:31.903000;e4d39e8a-875d-4ef9-bbf6-5bca904ecd52;371.1;0.01;BUY
2016-02-09T00:37:31.837000;2016-02-09T00:37:31.903000;06249b42-b7c0-4686-af04-8aab9c44b773;371.11;10.0;BUY
2016-02-09T00:37:31.837000;2016-02-09T00:37:31.920000;539eedd6-b775-453a-95df-ab804706b191;371.13;0.01;BUY
2016-02-09T00:37:31.837000;2016-02-09T00:37:31.920000;a8d21d8d-449b-4356-a0db-a59148841188;371.16;0.01;BUY
2016-02-09T00:37:31.837000;2016-02-09T00:37:31.920000;86d7c3b3-3714-45b8-ba2a-3c06f1dc6fd8;371.19;0.01;BUY
2016-02-09T00:37:31.837000;2016-02-09T00:37:31.920000;03d8a68d-e1e5-41dd-beeb-2c1998f7e8e4;371.2;0.01;BUY
2016-02-09T00:37:31.837000;2016-02-09T00:37:31.920000;466b5b24-5997-4877-b3c4-4a911e435eef;371.21;3.6318;BUY
2016-02-09T00:38:03.947000;2016-02-09T00:38:03.997000;b2031435-669e-47ba-9af2-936092389268;371.24;0.01;BUY
2016-02-09T00:38:03.947000;2016-02-09T00:38:04.013000;5cc2a9fc-00b7-4d0a-bab6-23e30029c812;371.24;0.01;BUY
2016-02-09T00:38:03.947000;2016-02-09T00:38:04.013000;643709d0-b20b-4303-a8e8-8dc5d71c3bd9;371.25;0.01;BUY
2016-02-09T00:38:03.947000;2016-02-09T00:38:04.013000;8ecb4533-5f9b-48e6-a76c-109ae837ab8a;371.26;0.01;BUY
2016-02-09T00:38:03.947000;2016-02-09T00:38:04.013000;f0f17bb8-7f6f-40bc-acf3-d5aa8843f17e;371.28;0.01;BUY
2016-02-09T00:38:03.947000;2016-02-09T00:38:04.043000;93d6d7f7-7cc0-483d-aba0-59a9820f1bec;371.29;0.104;BUY
2016-02-09T00:38:03.950000;2016-02-09T00:38:04.043000;6af59dbe-c57e-4aad-8490-8f208042dfe4;371.32;0.105;BUY
2016-02-09T00:38:03.950000;2016-02-09T00:38:04.043000;4cb97e1d-a1b6-46f1-9cd0-e1801ca50326;371.33;0.01;BUY
2016-02-09T00:38:03.950000;2016-02-09T00:38:04.043000;77189952-ce92-4c44-96e1-6a308b636544;371.33;0.01;BUY
2016-02-09T00:38:03.950000;2016-02-09T00:38:04.043000;1b40e660-1517-4ecd-a29c-c6e31c04eaf7;371.35;0.01;BUY
2016-02-09T00:38:03.950000;2016-02-09T00:38:04.043000;c1d7e0c5-8dcb-40ca-b018-49e106589b2a;371.35;0.1;BUY
2016-02-09T00:38:03.950000;2016-02-09T00:38:04.043000;eea897d2-aa8f-44d2-a478-7087783eae99;371.36;0.01;BUY
2016-02-09T00:38:03.950000;2016-02-09T00:38:04.043000;396e397b-63d8-4681-9028-4f06b9c05c74;371.38;0.129;BUY
2016-02-09T00:38:03.950000;2016-02-09T00:38:04.060000;cee5db03-56f4-4083-aa15-4d14c72c8d55;371.39;0.01;BUY
2016-02-09T00:38:03.950000;2016-02-09T00:38:04.060000;8164e4d8-e01c-4acd-8e78-04313c055277;371.39;0.01;BUY
2016-02-09T00:38:03.950000;2016-02-09T00:38:04.077000;1eccced8-5f7f-4035-a91d-0b2bf7ee6e31;371.4;0.27;BUY
2016-02-09T00:38:03.950000;2016-02-09T00:38:04.077000;84ff57c6-40ce-4804-97b9-9c7f8df6c7cc;371.41;0.01;BUY
2016-02-09T00:38:03.950000;2016-02-09T00:38:04.077000;90d56cfc-905d-4fa6-a126-7c05ad276a06;371.41;0.099;BUY
2016-02-09T00:38:03.950000;2016-02-09T00:38:04.077000;c96e27fb-7748-4f66-9abe-8ee0a3bb064b;371.43;0.01;BUY
2016-02-09T00:38:03.950000;2016-02-09T00:38:04.077000;678559a6-56bf-449e-92aa-4240423f6bd1;371.44;0.01;BUY
2016-02-09T00:38:03.950000;2016-02-09T00:38:04.077000;48d6af58-2358-46c6-9b6d-d12952a9b447;371.44;0.108;BUY
2016-02-09T00:38:03.950000;2016-02-09T00:38:04.077000;2011593e-5042-48a7-9293-36dcda08af55;371.45;0.01;BUY
2016-02-09T00:38:03.953000;2016-02-09T00:38:04.077000;3e48fe3c-f678-4d7f-a3e9-3164e420c527;371.45;0.074;BUY
2016-02-09T00:38:03.953000;2016-02-09T00:38:04.077000;106a8891-6532-453f-b574-2f8e698568ec;371.46;0.01;BUY
2016-02-09T00:38:03.953000;2016-02-09T00:38:04.093000;ac8e5689-e07c-4824-a38a-95d5c19170c0;371.48;0.01;BUY
2016-02-09T00:38:03.953000;2016-02-09T00:38:04.093000;8c26f9de-1ce3-4f87-82da-a277189fac56;371.48;0.079;BUY
2016-02-09T00:38:03.953000;2016-02-09T00:38:04.093000;27f49c09-7db3-44e6-9dc5-5130ba272e04;371.5;0.01;BUY
2016-02-09T00:38:03.953000;2016-02-09T00:38:04.093000;0625d088-e76d-415a-b260-f1dc9434f675;371.5;0.01232423;BUY
2016-02-09T00:38:03.953000;2016-02-09T00:38:04.093000;ccb574c6-e103-4bfb-a22f-fe2042404b5f;371.51;0.096;BUY
2016-02-09T00:38:03.953000;2016-02-09T00:38:04.093000;f9a04bbb-a0fe-4e5e-84ec-56a6e06e5422;371.52;0.01;BUY
2016-02-09T00:38:03.953000;2016-02-09T00:38:04.107000;b0529c02-418a-4840-84d1-4d19801926d3;371.52;0.16;BUY
2016-02-09T00:38:03.953000;2016-02-09T00:38:04.107000;de438013-e300-45c6-8e73-0917044e43cc;371.53;0.01324577;BUY
2016-02-09T00:38:31.710000;2016-02-09T00:38:31.763000;0e498cbf-4fae-4baa-8db0-923d75b235de;371.39;0.23028;SELL
2016-02-09T00:39:01.730000;2016-02-09T00:39:01.793000;4d12a99f-0291-4265-b3e1-513f2b888333;371.39;0.02;SELL
2016-02-09T00:39:01.730000;2016-02-09T00:39:01.793000;26622f09-35f1-4131-b1df-04fb331f1ff5;371.38;0.26;SELL
2016-02-09T00:39:01.730000;2016-02-09T00:39:01.793000;be760987-9958-4850-b9f5-5c0729d39469;371.31;0.01;SELL
2016-02-09T00:39:01.730000;2016-02-09T00:39:01.793000;b1610870-ac50-4b28-b899-2648f4567cc5;371.31;0.11767;SELL
2016-02-09T00:39:30.770000;2016-02-09T00:39:30.827000;d2d4b10e-292f-4921-9b49-c37466700cf9;371.39;0.02;SELL
2016-02-09T00:39:30.773000;2016-02-09T00:39:30.843000;4879632d-baa1-4213-aa82-b3b37f92d39b;371.33;0.11305;SELL
2016-02-09T00:39:45.497000;2016-02-09T00:39:45.560000;df84fcf2-f861-46ec-8f34-2f48012731de;371.34;0.16;SELL
2016-02-09T00:39:45.497000;2016-02-09T00:39:45.560000;4dbd3828-ae4f-49ec-bbba-ea58c0305e84;371.33;9.37945;SELL
2016-02-09T00:39:45.497000;2016-02-09T00:39:45.560000;e2f6b3a3-83b6-47a9-8a87-5925e6aa5759;371.32;1.164;SELL
2016-02-09T00:39:45.497000;2016-02-09T00:39:45.593000;b2cf3194-8e43-43e4-a9c4-67d4d5615451;371.3;0.0115;SELL
2016-02-09T00:39:45.497000;2016-02-09T00:39:45.607000;5c36dd92-a628-4d8e-869f-44f12db678fa;371.29;0.01;SELL
2016-02-09T00:39:45.497000;2016-02-09T00:39:45.607000;87480a48-bb0c-4ab9-81ef-a79289439ecf;371.29;0.01;SELL
2016-02-09T00:39:45.497000;2016-02-09T00:39:45.607000;af5d1e44-fff1-4ee6-9657-5e1b0b8462ab;371.29;1.19;SELL
2016-02-09T00:39:45.497000;2016-02-09T00:39:45.607000;5c984e58-46cb-40fc-9a34-5e1143759dcc;371.27;0.01;SELL
2016-02-09T00:39:45.497000;2016-02-09T00:39:45.640000;1f5dc074-d7cb-4f0c-99f3-cd1398f2302f;371.27;0.01;SELL
2016-02-09T00:39:45.500000;2016-02-09T00:39:45.653000;138f4885-6907-41f6-ad4f-367966afc2c6;371.26;1.139;SELL
2016-02-09T00:39:45.500000;2016-02-09T00:39:45.653000;3948cc54-2cab-4410-8fe6-fabd8191bf3b;371.23;1.138;SELL
2016-02-09T00:39:45.500000;2016-02-09T00:39:45.653000;d38ff8f9-df8d-4df5-9127-2c6d2a78c6cf;371.21;0.77805;SELL
2016-02-09T00:40:00.710000;2016-02-09T00:40:00.763000;5ab3271e-2b5a-43bb-99cf-83cc1131ccac;371.32;0.145;BUY
2016-02-09T00:40:00.710000;2016-02-09T00:40:00.780000;336602cc-a8ff-4ebe-a77c-a6c1ba518f8a;371.33;0.121;BUY
2016-02-09T00:40:00.710000;2016-02-09T00:40:00.780000;0be143a6-e3ad-4ae7-91e8-11d81ef85d3c;371.33;0.16;BUY
2016-02-09T00:40:00.713000;2016-02-09T00:40:00.780000;c6faa733-c827-4e2e-a6a6-9b895e240cd4;371.34;0.01;BUY
2016-02-09T00:40:00.713000;2016-02-09T00:40:00.780000;00ff3c5d-ffe0-4a55-be16-fb6ecb14c597;371.34;0.073;BUY
2016-02-09T00:40:00.713000;2016-02-09T00:40:00.793000;d2e37b57-9a6e-4a3e-9ac2-110135d8aef4;371.35;0.48103;BUY
2016-02-09T00:40:42.457000;2016-02-09T00:40:42.497000;6d8515cf-5836-4b92-b01b-32c183fdc92d;371.31;0.09;BUY
2016-02-09T00:41:01.393000;2016-02-09T00:41:01.437000;7e2bde49-f1bd-467d-903b-ba1da8cd58d0;371.29;0.07423;BUY
2016-02-09T00:41:13.700000;2016-02-09T00:41:13.747000;ad8512a6-41e9-49a9-9cef-0f44503d1998;371.29;0.04;BUY
2016-02-09T00:41:27.707000;2016-02-09T00:41:27.747000;ee68f3d9-eb84-4b51-b095-10faa747ecc0;371.29;0.01;BUY
2016-02-09T00:41:48.627000;2016-02-09T00:41:48.670000;49dcebc3-e867-45b5-9a97-17824955c4ba;371.29;0.02;BUY
2016-02-09T00:41:57.333000;2016-02-09T00:41:57.373000;c3f1db76-afa1-4b30-a3c0-3a03aaf3e2cb;371.29;1.596;BUY
2016-02-09T00:41:57.333000;2016-02-09T00:41:57.403000;48c42691-2cbe-44a0-8d2b-973779254092;371.3;0.76781434;BUY
2016-02-09T00:41:58.307000;2016-02-09T00:41:58.357000;b70c986e-95b7-4626-ab94-08dbc00522c7;371.29;1.506;BUY
2016-02-09T00:41:58.307000;2016-02-09T00:41:58.357000;9f8db59d-d5b0-48e2-89dd-d8b94ed42323;371.31;0.85781434;BUY
2016-02-09T00:41:59.277000;2016-02-09T00:41:59.343000;25570051-be15-4a10-8d48-cc8d9e7e09ff;371.3;1.45;BUY
2016-02-09T00:41:59.277000;2016-02-09T00:41:59.343000;0923ee3d-a241-49a3-b61a-05746de2a94f;371.31;0.91381434;BUY
2016-02-09T00:42:00.257000;2016-02-09T00:42:00.310000;753c3f7b-bbd2-4cf5-a1c4-bab5940a3b4a;371.3;1.367;BUY
2016-02-09T00:42:00.257000;2016-02-09T00:42:00.310000;4876f0a0-fe9b-4150-a721-a08b343fa416;371.31;0.99681434;BUY
2016-02-09T00:42:01.127000;2016-02-09T00:42:01.170000;37d3bb5c-c0fe-42fe-94a7-481cb987fdfa;371.28;0.01;SELL
2016-02-09T00:42:01.127000;2016-02-09T00:42:01.187000;8ed16d7f-0ba7-4706-a119-01b98914d67c;371.28;0.02;SELL
2016-02-09T00:42:01.127000;2016-02-09T00:42:01.187000;687da4c2-3501-4dd7-bd79-ee58ca9af286;371.26;0.01;SELL
2016-02-09T00:42:01.127000;2016-02-09T00:42:01.187000;9b726452-10d2-480d-aa04-ac49749b91dd;371.26;0.01;SELL
2016-02-09T00:42:01.127000;2016-02-09T00:42:01.200000;34c52b9f-8bc9-41b3-965c-cb28d46170e9;371.25;0.02688;SELL
2016-02-09T00:42:01.127000;2016-02-09T00:42:01.217000;e5b04421-42ee-444a-853e-b75fa5a540dc;371.24;2.36381434;SELL
2016-02-09T00:42:01.127000;2016-02-09T00:42:01.217000;36089b06-4173-4b73-9f7c-d4497a6e78cd;371.23;0.01;SELL
2016-02-09T00:42:01.127000;2016-02-09T00:42:01.217000;a6446537-8707-45b3-a70c-d613d201069b;371.16;8.20704566;SELL
2016-02-09T00:42:01.337000;2016-02-09T00:42:01.390000;4e0c3b8b-b6da-4390-b97b-55ac0d54a73d;371.33;2.36381434;BUY
2016-02-09T00:42:30.900000;2016-02-09T00:42:30.937000;8c838ec7-de37-46e5-ab39-3ee75e06e704;371.19;0.50494;BUY
2016-02-09T00:43:01.037000;2016-02-09T00:43:01.077000;54e5e52c-5f17-41b1-8c52-381817e52930;371.19;0.02;BUY
2016-02-09T00:43:01.037000;2016-02-09T00:43:01.093000;94042c0d-9fd3-4d11-837e-1b0b680efcb1;371.19;1.06946;BUY
2016-02-09T00:43:25.127000;2016-02-09T00:43:25.170000;42ea6a71-d173-4f26-b4d5-28be8dce2213;371.2;0.01;BUY
2016-02-09T00:43:31.070000;2016-02-09T00:43:31.107000;d91f990a-3e31-4fde-9fa6-59ed5118d3d0;371.2;0.58621;BUY
2016-02-09T00:44:01.063000;2016-02-09T00:44:01.107000;5bf5035a-d6cd-40bc-baea-b7c62a8e609b;371.18;0.01;SELL
2016-02-09T00:44:01.063000;2016-02-09T00:44:01.123000;e8b8e230-3deb-4680-a569-e8d09de593e6;371.17;0.01;SELL
2016-02-09T00:44:01.063000;2016-02-09T00:44:01.123000;6cf06aef-0b00-443e-a570-9d1b19dfa2fe;371.15;0.01;SELL
2016-02-09T00:44:01.063000;2016-02-09T00:44:01.123000;c01b0afd-3d52-4f6b-9432-aa391b289ef2;371.15;0.62794;SELL
2016-02-09T00:45:01.157000;2016-02-09T00:45:01.200000;5679d332-aa09-4c4b-8d0a-b0b9ba886f50;371.26;0.01;BUY
2016-02-09T00:45:01.157000;2016-02-09T00:45:01.217000;5eb433a4-c40a-42e9-911a-34ecccf1b735;371.33;0.01;BUY
2016-02-09T00:45:01.157000;2016-02-09T00:45:01.217000;07d7689e-c4ab-416b-998e-975efb4ecd08;371.36;0.01;BUY
2016-02-09T00:45:01.160000;2016-02-09T00:45:01.217000;a81de21e-c71f-420c-b6f1-a2cb39f6dd7f;371.36;0.01;BUY
2016-02-09T00:45:01.160000;2016-02-09T00:45:01.217000;3810f199-68ff-453d-8bc3-e0ef27478f41;371.38;0.01;BUY
2016-02-09T00:45:01.160000;2016-02-09T00:45:01.217000;c237d545-22b8-4624-848b-126d3600658d;371.38;0.01;BUY
2016-02-09T00:45:01.160000;2016-02-09T00:45:01.233000;751737b5-552b-4b8f-9112-c2ade24724aa;371.4;0.01;BUY
2016-02-09T00:45:01.160000;2016-02-09T00:45:01.233000;6c6189a2-85ec-4d6a-8861-6bcb6b7c7c11;371.42;0.01;BUY
2016-02-09T00:45:01.160000;2016-02-09T00:45:01.233000;79965801-3dae-42f8-a524-92b18ae069a3;371.42;0.01;BUY
2016-02-09T00:45:01.160000;2016-02-09T00:45:01.233000;c1602990-6574-4549-a8d7-1ee875e84cff;371.44;0.01;BUY
2016-02-09T00:45:01.160000;2016-02-09T00:45:01.233000;49603971-994a-4335-9d2c-5f0d46d84fa5;371.44;0.01;BUY
2016-02-09T00:45:01.160000;2016-02-09T00:45:01.233000;389b9783-a926-4b65-97a3-431341642271;371.44;0.075;BUY
2016-02-09T00:45:01.160000;2016-02-09T00:45:01.233000;eef95dda-0411-4d55-8a89-1f07cdd88f4f;371.47;0.072;BUY
2016-02-09T00:45:01.160000;2016-02-09T00:45:01.233000;905b61fd-4158-42db-b086-1ad274dc3748;371.5;0.01;BUY
2016-02-09T00:45:01.160000;2016-02-09T00:45:01.233000;7c17121b-242a-46bc-a0eb-1b34e3c44aaf;371.5;0.126;BUY
2016-02-09T00:45:01.160000;2016-02-09T00:45:01.247000;fbe460ac-a5ab-42e7-9977-ca82e991504c;371.53;0.00675423;BUY
2016-02-09T00:45:01.160000;2016-02-09T00:45:01.247000;96cb1fad-fe13-4279-8e65-83e330e28070;371.53;0.113;BUY
2016-02-09T00:45:01.160000;2016-02-09T00:45:01.247000;8ad83bd7-3cba-4b0b-b84f-d28b36c6db12;371.54;2.13019577;BUY
2016-02-09T00:45:02.377000;2016-02-09T00:45:02.420000;3d782ead-21ae-4735-bd82-921fd302c3fa;371.46;0.01;SELL
2016-02-09T00:45:31.193000;2016-02-09T00:45:31.247000;11b68914-fcc3-49af-aadf-c0cd96284232;371.48;0.01;BUY
2016-02-09T00:45:31.193000;2016-02-09T00:45:31.247000;45a4c4ca-d0a6-4380-8868-0fa2c3d8763c;371.48;0.106;BUY
2016-02-09T00:45:31.193000;2016-02-09T00:45:31.247000;604094b0-646e-4b7d-a95b-66f3516bec74;371.5;0.01;BUY
2016-02-09T00:45:31.193000;2016-02-09T00:45:31.247000;aa82bbfa-5a49-4ffe-9b12-3be6c3722858;371.51;0.13;BUY
2016-02-09T00:45:31.193000;2016-02-09T00:45:31.327000;d532ac76-273c-46ab-9b17-c98b6ed68f92;371.52;0.01;BUY
2016-02-09T00:45:31.193000;2016-02-09T00:45:31.327000;ac86a591-03ff-4953-ab33-082bb80067e2;371.52;0.01;BUY
2016-02-09T00:45:31.193000;2016-02-09T00:45:31.327000;fd9120fe-6816-472f-b858-8b8efa15fc99;371.54;0.089;BUY
2016-02-09T00:45:31.193000;2016-02-09T00:45:31.327000;ccf0ef23-63a9-4395-a14f-be7b218fcd57;371.55;0.9615;BUY
2016-02-09T00:45:31.193000;2016-02-09T00:45:31.327000;00e9531f-3387-4b5c-90df-d4070a9afa61;371.56;0.01;BUY
2016-02-09T00:45:31.197000;2016-02-09T00:45:31.327000;e1fbcc25-e676-482b-a11c-b535dd8d3611;371.57;0.095;BUY
2016-02-09T00:45:31.197000;2016-02-09T00:45:31.327000;38642533-80ad-4dcb-a831-b5b9968524b3;371.59;1.77293;BUY
2016-02-09T00:46:01.147000;2016-02-09T00:46:01.187000;316e1ba7-ac63-4939-a4ca-8b1029762884;371.6;0.05;BUY
2016-02-09T00:46:05.293000;2016-02-09T00:46:05.343000;f70ff630-214c-4be7-a7e4-b73f16128248;371.63;0.104;BUY
2016-02-09T00:46:05.293000;2016-02-09T00:46:05.343000;84705ba5-77bd-406a-a4fb-fefe7cef474c;371.66;0.01;BUY
2016-02-09T00:46:05.297000;2016-02-09T00:46:05.343000;31e5bb94-753b-444a-ae43-6c631f0be541;371.66;0.113;BUY
2016-02-09T00:46:05.297000;2016-02-09T00:46:05.343000;02bf54e2-6ad5-41ad-add9-8d9781c951c0;371.68;0.01;BUY
2016-02-09T00:46:05.297000;2016-02-09T00:46:05.373000;1e8ab310-ce7f-48fa-926a-3dc88140a62c;371.68;0.01;BUY
2016-02-09T00:46:05.297000;2016-02-09T00:46:05.373000;2d331c5c-53d0-439a-8294-6a6ce6bbf3d8;371.69;0.01;BUY
2016-02-09T00:46:05.297000;2016-02-09T00:46:05.373000;30a5365c-3246-41e7-921d-0b9339e944e6;371.69;2.0;BUY
2016-02-09T00:46:05.297000;2016-02-09T00:46:05.373000;a031abf5-e45a-4349-82af-c9f83c6721ad;371.69;0.087;BUY
2016-02-09T00:46:05.297000;2016-02-09T00:46:05.373000;ab2c12a2-d410-4fa9-9fb1-b0a9c77efed4;371.7;0.01;BUY
2016-02-09T00:46:05.297000;2016-02-09T00:46:05.373000;c8c6c298-9a9b-4716-aa0a-2fc82a7753e9;371.7;0.01;BUY
2016-02-09T00:46:05.297000;2016-02-09T00:46:05.373000;bd75e714-1c1a-428b-9d3c-72e0606d90d1;371.72;0.01;BUY
2016-02-09T00:46:05.297000;2016-02-09T00:46:05.373000;6b28c5d1-f49a-404c-be12-d0fd43a1af34;371.72;0.01;BUY
2016-02-09T00:46:05.297000;2016-02-09T00:46:05.373000;45840780-ecc9-4fd1-a649-47bc816bfb72;371.72;0.098;BUY
2016-02-09T00:46:05.297000;2016-02-09T00:46:05.390000;d6e428eb-75b9-4ac2-9ab7-f9f7ddf86811;371.74;0.01;BUY
2016-02-09T00:46:05.297000;2016-02-09T00:46:05.390000;5e5550a7-db78-48e3-a9ce-36a68a8b059d;371.74;6.98385;BUY
2016-02-09T00:46:31.703000;2016-02-09T00:46:31.747000;8493fc13-859a-4839-970f-b370632c9445;371.73;0.01;BUY
2016-02-09T00:46:31.703000;2016-02-09T00:46:31.747000;cfe3f078-f7e6-42ba-8a52-164553cf98bf;371.73;0.05248;BUY
2016-02-09T00:46:44.937000;2016-02-09T00:46:44.983000;a41a33e2-3982-4454-b48b-3b0353bcab18;371.76;0.01;BUY
2016-02-09T00:46:44.937000;2016-02-09T00:46:44.983000;836b9868-8ec8-4aa9-8235-b31b88e009ae;371.76;0.03118879;BUY
2016-02-09T00:46:51.030000;2016-02-09T00:46:51.060000;b1647a72-988c-417e-a470-efd89fd52c84;371.76;2.4;SELL
2016-02-09T00:46:51.030000;2016-02-09T00:46:51.060000;1988a9f6-d1e3-4716-8ee6-39c99009b1c3;371.75;0.02;SELL
2016-02-09T00:46:51.030000;2016-02-09T00:46:51.093000;6c87de33-557d-4356-92e6-f9ea8fe2bab2;371.7;9.3689;SELL
2016-02-09T00:46:51.030000;2016-02-09T00:46:51.093000;80a13702-ef62-4e84-96a1-3e2e3e70e3b4;371.68;4.2111;SELL
2016-02-09T00:47:01.290000;2016-02-09T00:47:01.327000;b0b0997f-3764-45f1-b606-545cc6c0a305;371.77;0.633;BUY
2016-02-09T00:47:01.293000;2016-02-09T00:47:01.327000;d82bc08b-5227-4f8c-9a23-d42f9bbd7486;371.77;9.38721;BUY
2016-02-09T00:47:01.293000;2016-02-09T00:47:01.327000;2fb8a84f-e93f-4156-93ef-badcc4afb53d;371.78;0.16114;BUY
2016-02-09T00:47:30.613000;2016-02-09T00:47:30.640000;71b9a6e2-bdb0-4ac4-b075-74e41c5399ab;371.79;0.12;BUY
2016-02-09T00:47:31.380000;2016-02-09T00:47:31.403000;7e93c0eb-91cc-4a96-8997-35281bc30934;371.76;0.02;SELL
2016-02-09T00:47:31.380000;2016-02-09T00:47:31.420000;a1606fa1-dab8-4f06-a407-fe6a1b742a81;371.66;0.02425;SELL
2016-02-09T00:48:02.570000;2016-02-09T00:48:02.607000;9ee1ba4b-0b1a-4c76-bfbe-8fe8e21a8493;371.74;0.02;SELL
2016-02-09T00:48:02.570000;2016-02-09T00:48:02.607000;56fa2c54-951b-4231-ab30-949ca2a3b548;371.7;0.01;SELL
2016-02-09T00:48:02.573000;2016-02-09T00:48:02.623000;2c0c0f81-cac9-4166-9a1d-f84f7b22cce8;371.67;2.88;SELL
2016-02-09T00:48:02.573000;2016-02-09T00:48:02.623000;b2647ce3-527f-4c51-92af-a32c3bb7d1ef;371.65;0.01;SELL
2016-02-09T00:48:02.573000;2016-02-09T00:48:02.623000;19b5d22b-714a-4c59-a4c9-f64e9364b5ed;371.64;0.0115;SELL
2016-02-09T00:48:02.573000;2016-02-09T00:48:02.623000;0bfb0925-5151-4fb4-a213-8837b65e5cb0;371.62;0.088;SELL
2016-02-09T00:48:02.573000;2016-02-09T00:48:02.640000;3e29f3f8-ff2c-4caa-869a-d914be16335d;371.59;1.9805;SELL
2016-02-09T00:48:31.410000;2016-02-09T00:48:31.437000;1eeb1de5-0101-49cc-9843-17005e908a73;371.79;0.01;BUY
2016-02-09T00:48:31.410000;2016-02-09T00:48:31.450000;e09deb9f-cb8e-492e-9c05-6441908044ae;371.79;0.08;BUY
2016-02-09T00:48:31.410000;2016-02-09T00:48:31.450000;93313d8a-e4b4-4e83-b8c1-e5896d95baf3;371.79;1.0;BUY
2016-02-09T00:48:31.410000;2016-02-09T00:48:31.450000;d1d3a16a-6141-4d0c-b713-494e7b84a5fd;371.81;0.3338;BUY
2016-02-09T00:48:31.410000;2016-02-09T00:48:31.450000;45a920fa-8b21-412e-b95c-bbbd02050084;371.82;0.01;BUY
2016-02-09T00:48:31.410000;2016-02-09T00:48:31.450000;1a945c48-4f3e-4e81-ba21-0c8d1ec36e9c;371.82;0.127;BUY
2016-02-09T00:48:31.410000;2016-02-09T00:48:31.467000;9905b7f0-7d5e-44d0-b78b-f4e63b21e971;371.82;0.24;BUY
2016-02-09T00:48:31.410000;2016-02-09T00:48:31.467000;238d2105-a2af-465d-a49c-166982d3ce3e;371.83;0.01;BUY
2016-02-09T00:48:31.410000;2016-02-09T00:48:31.467000;59e7b2bc-e977-4449-b97d-49d540342695;371.85;0.084;BUY
2016-02-09T00:48:31.410000;2016-02-09T00:48:31.467000;dd750746-a3c0-4717-b899-fa729de8c84a;371.86;0.0046;BUY
2016-02-09T00:49:05.257000;2016-02-09T00:49:05.280000;704b992f-9ee0-4190-b332-f7c6c06461b8;371.86;0.0054;BUY
2016-02-09T00:49:05.257000;2016-02-09T00:49:05.297000;58a3ebf8-258b-4265-8452-5a76a7f6e088;371.86;0.103;BUY
2016-02-09T00:49:05.257000;2016-02-09T00:49:05.297000;f9a90825-f642-4334-942c-b5272ff61845;371.88;0.01;BUY
2016-02-09T00:49:05.257000;2016-02-09T00:49:05.297000;8f82ee5e-1f29-4f57-a334-1ee5c4be2584;371.88;0.01;BUY
2016-02-09T00:49:05.257000;2016-02-09T00:49:05.327000;596bcab5-a432-45a2-ae69-5e058b1dbb69;371.88;1.0;BUY
2016-02-09T00:49:05.257000;2016-02-09T00:49:05.327000;88fdc900-5116-4931-9c6a-7c122d084030;371.89;0.327;BUY
2016-02-09T00:49:05.257000;2016-02-09T00:49:05.327000;ae325d04-e20b-40cf-830d-f6d49e1cd3e1;371.92;0.332;BUY
2016-02-09T00:49:05.257000;2016-02-09T00:49:05.327000;d0050398-7784-4a60-b46c-bc60c4be6e29;371.93;0.01;BUY
2016-02-09T00:49:05.257000;2016-02-09T00:49:05.327000;ac0b513c-123f-480c-bb78-4e5c2b3129b8;371.93;0.02;BUY
2016-02-09T00:49:05.257000;2016-02-09T00:49:05.327000;61113261-82bf-46dc-bb1c-bb0605772517;371.95;0.01;BUY
2016-02-09T00:49:05.257000;2016-02-09T00:49:05.327000;a44962a1-b720-485f-8491-3c0edac21730;371.95;0.02;BUY
2016-02-09T00:49:05.260000;2016-02-09T00:49:05.327000;aca65b97-4b12-411b-adf4-dbfaad349c3c;371.95;0.314;BUY
2016-02-09T00:49:05.260000;2016-02-09T00:49:05.343000;06dea211-5091-43dc-8242-84aa49477508;371.98;0.313;BUY
2016-02-09T00:49:05.260000;2016-02-09T00:49:05.343000;20afea91-656e-4846-86b6-044012bda071;372.0;0.01;BUY
2016-02-09T00:49:05.260000;2016-02-09T00:49:05.357000;fbc27cb5-5907-42c2-aadf-f5c303029aa5;372.01;0.329;BUY
2016-02-09T00:49:05.260000;2016-02-09T00:49:05.357000;7ead56bc-433a-4d6c-9fc8-df0bdcc17e48;372.04;0.323;BUY
2016-02-09T00:49:05.260000;2016-02-09T00:49:05.357000;9b67fa92-1ada-445b-9348-c3f2d7d168df;372.07;0.301;BUY
2016-02-09T00:49:05.260000;2016-02-09T00:49:05.357000;54c9267a-b76b-43b3-b3a4-0374bf6ccb96;372.1;0.337;BUY
2016-02-09T00:49:05.260000;2016-02-09T00:49:05.357000;3bf2f094-774e-45ad-b0a0-8e89c2c5ed76;372.11;0.01;BUY
2016-02-09T00:49:05.260000;2016-02-09T00:49:05.357000;a3d2a02a-02e5-4bc7-9647-501171c3ba4f;372.11;2.0;BUY
2016-02-09T00:49:05.260000;2016-02-09T00:49:05.373000;7f0ffb88-aa83-4343-b465-c0b07b58881c;372.12;0.64;BUY
2016-02-09T00:49:05.260000;2016-02-09T00:49:05.373000;d9ff2598-2b00-46ef-b9c5-2e1076e6b45e;372.13;0.19003;BUY
2016-02-09T00:49:08.803000;2016-02-09T00:49:08.827000;18b7eb0d-146f-4d45-908d-6b3c9f1fb492;371.99;0.01;BUY
2016-02-09T00:49:08.803000;2016-02-09T00:49:08.843000;b4c26403-4ee0-4961-b602-e5ed009d1245;371.99;0.01;BUY
2016-02-09T00:49:08.803000;2016-02-09T00:49:08.843000;de99736a-b738-48e3-a0c3-7287b5d548c6;371.99;0.078;BUY
2016-02-09T00:49:08.803000;2016-02-09T00:49:08.843000;18589954-e065-4483-a101-5ab2533c9a4c;372.01;0.002;BUY
2016-02-09T00:49:31.013000;2016-02-09T00:49:31.047000;801aecec-5bc8-4614-ae0d-53c2e6d76f80;371.99;0.01;BUY
2016-02-09T00:49:31.013000;2016-02-09T00:49:31.060000;ce53b372-d348-486b-95f9-48418614a471;371.99;0.117;BUY
2016-02-09T00:49:31.013000;2016-02-09T00:49:31.060000;dfd60f72-e7e2-4d74-9293-f447e8f0b389;372.01;0.008;BUY
2016-02-09T00:49:31.013000;2016-02-09T00:49:31.060000;4bf941a5-6745-4ec0-9981-66e402f3c060;372.02;0.096;BUY
2016-02-09T00:49:31.013000;2016-02-09T00:49:31.060000;ecbf47e4-914a-449b-871b-f98165b54c59;372.03;0.01;BUY
2016-02-09T00:49:31.013000;2016-02-09T00:49:31.140000;3d9f6cdc-143f-42c0-94bd-eed06a923678;372.03;0.01;BUY
2016-02-09T00:49:31.013000;2016-02-09T00:49:31.140000;935895a8-acae-4624-99eb-7162dbf1361e;372.05;0.01;BUY
2016-02-09T00:49:31.013000;2016-02-09T00:49:31.140000;7d072b30-3b81-4151-a313-c2bb263020b0;372.05;0.108;BUY
2016-02-09T00:49:31.013000;2016-02-09T00:49:31.140000;6e73f234-5f28-404d-8fb5-f0a0a1edb3c2;372.07;0.01;BUY
2016-02-09T00:49:31.013000;2016-02-09T00:49:31.140000;61b4e386-4c37-4c7e-af87-9f54dd270fc1;372.08;0.1002;BUY
2016-02-09T00:50:00.940000;2016-02-09T00:50:00.983000;7903eafd-6fef-4dce-b9a3-541e472a4572;372.0;0.407;BUY
2016-02-09T00:50:00.940000;2016-02-09T00:50:00.997000;e72a21c3-c33a-40db-be29-51e91a255906;372.01;0.68716;BUY
2016-02-09T00:50:31.420000;2016-02-09T00:50:31.450000;a7bec45d-94e7-48c6-afd4-405a8f28cc70;372.0;0.0115;SELL
2016-02-09T00:50:31.420000;2016-02-09T00:50:31.467000;fc0360c4-1a4d-4f8c-b175-8f7e653a6346;371.95;0.0115;SELL
2016-02-09T00:50:31.420000;2016-02-09T00:50:31.467000;8ea2f8b6-d634-471f-9128-417fc104c396;371.94;0.00056;SELL
2016-02-09T00:51:01.057000;2016-02-09T00:51:01.093000;f5ff18de-86a5-41a6-a86f-e33179e8fe71;371.98;0.11;BUY
2016-02-09T00:51:01.057000;2016-02-09T00:51:01.107000;19258204-e13a-45a8-b031-4e391e3a5ae1;371.99;0.197;BUY
2016-02-09T00:51:01.057000;2016-02-09T00:51:01.107000;c0b63d34-5455-4e87-9ef8-a120b63b4edf;372.0;0.15067;BUY
2016-02-09T00:51:35.927000;2016-02-09T00:51:35.967000;59f294bf-758b-4b25-a7a1-4b15b2e43aa1;371.95;0.01;SELL
2016-02-09T00:52:01.003000;2016-02-09T00:52:01.047000;0b0edffb-5ccf-4078-8050-dce56e6c5a7c;371.94;0.01;SELL
2016-02-09T00:52:01.003000;2016-02-09T00:52:01.047000;d5cf56a5-2c39-4754-8c2e-e41a74cf56c6;371.93;0.01;SELL
2016-02-09T00:52:01.003000;2016-02-09T00:52:01.077000;714d64c0-2244-402b-ae51-0aea66e128f5;371.9;0.01;SELL
2016-02-09T00:52:01.003000;2016-02-09T00:52:01.077000;ae132394-80f8-4e06-b7b1-a79b4f3f4de2;371.89;0.01;SELL
2016-02-09T00:52:01.003000;2016-02-09T00:52:01.077000;7dbc7a1e-2a84-468a-8853-aeae899eb5bd;371.87;0.01;SELL
2016-02-09T00:52:01.003000;2016-02-09T00:52:01.077000;2fc772c8-0e03-459e-ae4e-ee050c8ace2a;371.87;0.01;SELL
2016-02-09T00:52:01.003000;2016-02-09T00:52:01.077000;c23962c2-7be5-4915-9610-6098342623a2;371.85;0.01;SELL
2016-02-09T00:52:01.003000;2016-02-09T00:52:01.077000;9ac6456b-5812-4953-811e-a011191821ca;371.83;0.01;SELL
2016-02-09T00:52:01.003000;2016-02-09T00:52:01.077000;96613aab-d3b7-41b4-b3f6-030d9e94b8da;371.81;0.01;SELL
2016-02-09T00:52:01.003000;2016-02-09T00:52:01.077000;76290bdc-d5e1-4fe6-9a0a-6d671c97f3b4;371.81;0.01;SELL
2016-02-09T00:52:01.003000;2016-02-09T00:52:01.077000;177f2070-cddf-4512-a62f-73f57725357d;371.79;0.01;SELL
2016-02-09T00:52:01.003000;2016-02-09T00:52:01.077000;728bc69b-d978-4411-a670-047529b88f9e;371.76;0.01;SELL
2016-02-09T00:52:01.003000;2016-02-09T00:52:01.093000;6d38cb3d-af6d-452f-bf7a-d6852dc60187;371.76;0.87023;SELL
2016-02-09T00:52:22.567000;2016-02-09T00:52:22.607000;8c8ecd92-e306-4e9c-b971-2d3ee45ab26a;371.81;0.874;BUY
2016-02-09T00:52:22.567000;2016-02-09T00:52:22.623000;4b3ecade-bf40-43e7-989c-428a456b4ff9;371.82;5.6;BUY
2016-02-09T00:52:22.567000;2016-02-09T00:52:22.623000;cb57932a-51cb-462f-90c1-640bb5390f2d;371.83;2.136;BUY
2016-02-09T00:52:31.153000;2016-02-09T00:52:31.187000;7e4dc8b6-5ded-422e-8a5d-c7c348d4ff3f;371.81;0.53354;BUY
2016-02-09T00:53:16.850000;2016-02-09T00:53:16.890000;a77b0c94-6ea3-4ec5-b7f7-ec6e8c180501;371.85;0.02;BUY
2016-02-09T00:53:31.037000;2016-02-09T00:53:31.060000;6ee8daa6-fb09-4125-8dd7-24aa454fcbee;371.85;0.32372;BUY
2016-02-09T00:54:01.097000;2016-02-09T00:54:01.123000;101d3b69-3bdd-47f1-9fcf-1d189f4975f8;371.83;0.48;BUY
2016-02-09T00:54:01.097000;2016-02-09T00:54:01.153000;4973759a-c9d6-4ac7-bbe7-bad4f7c1f2d6;371.84;0.69525;BUY
2016-02-09T00:54:31.063000;2016-02-09T00:54:31.093000;e14497da-dce3-4398-83df-efba8dc0590d;371.85;0.13434;BUY
2016-02-09T00:55:01.047000;2016-02-09T00:55:01.077000;d8ab1b35-2c44-4460-acaa-cbec9b0a71a4;371.88;0.01;BUY
2016-02-09T00:55:01.047000;2016-02-09T00:55:01.093000;223c7813-8bbc-425f-9230-8158440aabf1;371.9;0.01;BUY
2016-02-09T00:55:01.047000;2016-02-09T00:55:01.093000;0881aa8d-e025-4f02-9438-b93717107a1b;371.9;0.01;BUY
2016-02-09T00:55:01.047000;2016-02-09T00:55:01.093000;0e2149c3-9e4d-4d8a-a76d-c81c0666ff82;371.92;0.427;BUY
2016-02-09T00:55:01.047000;2016-02-09T00:55:01.107000;134c68cc-e574-46bb-bf78-e30ab4ad2610;371.92;0.38769;BUY
2016-02-09T00:55:43.047000;2016-02-09T00:55:43.077000;2073a849-9dd2-443f-9490-f4f75c6326cb;371.92;0.01;BUY
2016-02-09T00:55:43.047000;2016-02-09T00:55:43.093000;4de90a8f-b9b8-4248-aec5-38d67960029c;371.94;0.01;BUY
2016-02-09T00:55:43.047000;2016-02-09T00:55:43.093000;7c6f4133-dc38-4afc-ae42-91f9626a31ed;371.97;0.11;BUY
2016-02-09T00:55:43.047000;2016-02-09T00:55:43.093000;b4d6767c-62bd-48b6-b877-cbf1ed646914;372.0;0.13716;BUY
2016-02-09T00:56:07.683000;2016-02-09T00:56:07.717000;b68be391-33dc-48e6-b22c-565e6601f39c;371.94;0.04;BUY
2016-02-09T00:56:08.417000;2016-02-09T00:56:08.437000;1f20dbba-0673-4b48-b5a7-e3d790551545;371.95;0.09;BUY
2016-02-09T00:56:08.640000;2016-02-09T00:56:08.670000;31d63d2e-a0df-4562-a2b3-762e76ba0397;371.95;0.29;BUY
2016-02-09T00:56:31.017000;2016-02-09T00:56:31.047000;eefa8400-2119-4fe9-9316-dcefa7e7826e;371.94;0.19208;BUY
2016-02-09T00:56:45.883000;2016-02-09T00:56:45.903000;629a9889-13a1-40ef-a3ba-5f97d1473a06;371.9;0.02;SELL
2016-02-09T00:56:45.883000;2016-02-09T00:56:45.937000;2379b5cf-2a3a-4ee2-94bb-60905a9f3d79;371.9;0.28;SELL
2016-02-09T00:56:45.883000;2016-02-09T00:56:45.937000;2cc6f9b5-7172-4095-ad22-0996123886c8;371.9;1.823;SELL
2016-02-09T00:56:45.887000;2016-02-09T00:56:45.937000;f667e17b-2fa2-418b-be2b-647493dc90cd;371.89;1.832;SELL
2016-02-09T00:56:45.887000;2016-02-09T00:56:45.950000;30cdb26c-e2b1-4fdb-9301-1a26bee97d9b;371.88;0.125;SELL
2016-02-09T00:56:45.887000;2016-02-09T00:56:45.950000;5862d0a0-a853-409d-b18f-07dfa77d282b;371.86;0.01;SELL
2016-02-09T00:56:45.887000;2016-02-09T00:56:45.950000;e6715ace-b667-4d79-8105-90d4e63cd890;371.85;0.096;SELL
2016-02-09T00:56:45.887000;2016-02-09T00:56:45.967000;0f744199-693f-4458-85ee-1f2305e5ee1f;371.83;9.39901;SELL
2016-02-09T00:56:45.887000;2016-02-09T00:56:45.967000;2874ace0-0b42-4f38-8e2a-78d5d2aafb7a;371.82;0.103;SELL
2016-02-09T00:56:45.887000;2016-02-09T00:56:45.967000;f357b0cc-1d33-45ff-8352-561dc02c8506;371.8;0.01;SELL
2016-02-09T00:56:45.887000;2016-02-09T00:56:45.967000;2268b727-3071-4d08-9b4f-6c36ddad4bc6;371.79;0.093;SELL
2016-02-09T00:56:45.887000;2016-02-09T00:56:45.967000;2186c56e-e1f1-48a5-8481-b746a98adc01;371.78;0.01;SELL
2016-02-09T00:56:45.887000;2016-02-09T00:56:45.983000;ca185869-21dc-4097-99e8-745ea10f2604;371.76;0.01;SELL
2016-02-09T00:56:45.887000;2016-02-09T00:56:45.983000;365c5963-3046-46ae-8323-2484c267d7bf;371.76;0.081;SELL
2016-02-09T00:56:45.887000;2016-02-09T00:56:45.983000;34e44637-1337-4eb8-94d2-f1c166fe1395;371.73;0.102;SELL
2016-02-09T00:56:45.887000;2016-02-09T00:56:45.983000;ec9dd5c0-3f95-41ba-863f-67e5b6dd8dc9;371.7;0.01;SELL
2016-02-09T00:56:45.887000;2016-02-09T00:56:45.983000;bf7a67f6-265a-45be-a505-8c1965be5633;371.7;0.123;SELL
2016-02-09T00:56:45.887000;2016-02-09T00:56:45.983000;56106240-5720-48ca-a987-c74c471b697c;371.69;0.117;SELL
2016-02-09T00:56:45.887000;2016-02-09T00:56:45.983000;77cbc724-4a7a-4603-a950-1213e7e60496;371.66;0.115;SELL
2016-02-09T00:56:45.887000;2016-02-09T00:56:45.983000;62703dd2-6b25-4669-a131-2ecd36801f36;371.63;0.097;SELL
2016-02-09T00:56:45.890000;2016-02-09T00:56:45.983000;cd0cb07a-9005-44c8-808d-2e1d98e24d8d;371.6;0.076;SELL
2016-02-09T00:56:45.890000;2016-02-09T00:56:46.000000;1f7bae39-2e4e-423d-b021-43a4ffb6f9dd;371.59;0.078;SELL
2016-02-09T00:56:45.890000;2016-02-09T00:56:46.000000;20b96fe7-3f95-4b2a-af8e-56a9f65b8b91;371.57;1.12;SELL
2016-02-09T00:56:45.890000;2016-02-09T00:56:46.000000;3bca6c0c-d134-4d9b-8621-cc434e91b766;371.56;0.121;SELL
2016-02-09T00:56:45.890000;2016-02-09T00:56:46.000000;604819de-9caf-4f60-ac15-38d5a7f6d737;371.55;0.96;SELL
2016-02-09T00:56:45.890000;2016-02-09T00:56:46.000000;9d40d658-26fa-478a-a5fe-e6b7f85f353a;371.54;0.01;SELL
2016-02-09T00:56:45.890000;2016-02-09T00:56:46.000000;541b07e8-58b7-4f7a-88c5-5a7722a44bbc;371.54;0.96;SELL
2016-02-09T00:56:45.890000;2016-02-09T00:56:46.000000;4791003d-dd6e-4027-8a55-ac85104f3082;371.53;0.076;SELL
2016-02-09T00:56:45.890000;2016-02-09T00:56:46.000000;659bc904-ed8e-4c4a-b687-39456d16ca31;371.53;0.96;SELL
2016-02-09T00:56:45.890000;2016-02-09T00:56:46.000000;06c9052f-fd4d-4380-bb76-d68aaa3c08cd;371.52;0.102;SELL
2016-02-09T00:56:45.890000;2016-02-09T00:56:46.000000;eba761ad-9540-4a65-9d41-91192dfcddec;371.51;0.08099;SELL
2016-02-09T00:57:07.950000;2016-02-09T00:57:08.000000;0c49b759-9e9b-4312-9f24-1c0d49ebe31c;371.69;0.01;SELL
2016-02-09T00:57:07.950000;2016-02-09T00:57:08.000000;4ab87a51-9125-45de-b119-d197e0e38dad;371.69;0.02;SELL
2016-02-09T00:57:07.950000;2016-02-09T00:57:08.000000;4a1d0952-cdbd-4b42-b1c5-54b7acb52b7e;371.67;0.01;SELL
2016-02-09T00:57:07.950000;2016-02-09T00:57:08.013000;f1cb8de4-cbff-4b23-aa6f-66723b9a0393;371.65;0.01;SELL
2016-02-09T00:57:07.950000;2016-02-09T00:57:08.013000;fbcc2fb4-0a38-410f-aa06-f128558943f0;371.65;0.09;SELL
2016-02-09T00:57:07.950000;2016-02-09T00:57:08.030000;8c026e6b-7a32-41d2-ba89-ec9111a315da;371.63;0.01;SELL
2016-02-09T00:57:07.950000;2016-02-09T00:57:08.030000;c2f2b466-5b8e-43ea-8540-76b5edad1435;371.61;0.01;SELL
2016-02-09T00:57:07.950000;2016-02-09T00:57:08.030000;a08954f1-853c-4827-b819-0a43d6ae3515;371.61;0.117;SELL
2016-02-09T00:57:07.950000;2016-02-09T00:57:08.030000;412fc2af-8577-414b-893a-b55033a845a1;371.59;0.01;SELL
2016-02-09T00:57:07.950000;2016-02-09T00:57:08.030000;ba62162f-0d61-4d29-9a1f-849aa2243bf0;371.58;0.111;SELL
2016-02-09T00:57:07.950000;2016-02-09T00:57:08.047000;d9a0c2c9-27fe-4ceb-8374-e6b29a7a51ff;371.57;0.01;SELL
2016-02-09T00:57:07.953000;2016-02-09T00:57:08.047000;dbf88c1a-7690-4a3d-8785-68c251db74e4;371.56;0.01;SELL
2016-02-09T00:57:07.953000;2016-02-09T00:57:08.047000;19ca23a5-83e5-4b6f-8c54-a85c7a845ee0;371.55;0.01;SELL
2016-02-09T00:57:07.953000;2016-02-09T00:57:08.047000;3442d5c2-1a59-4e49-ba14-a74f4e3cb2a4;371.55;0.126;SELL
2016-02-09T00:57:07.953000;2016-02-09T00:57:08.047000;17a7f08b-d596-4633-8134-f42e3cf21a67;371.53;0.01;SELL
2016-02-09T00:57:07.953000;2016-02-09T00:57:08.047000;6f912bd8-ad93-4f78-86cf-336a12b3f349;371.52;0.123;SELL
2016-02-09T00:57:07.953000;2016-02-09T00:57:08.047000;47d34921-fe3e-4d3c-b45b-ce29fb55617e;371.5;0.0115;SELL
2016-02-09T00:57:07.953000;2016-02-09T00:57:08.047000;4e60d6f8-7757-470f-ae95-5708a53f9cfb;371.49;0.113;SELL
2016-02-09T00:57:07.953000;2016-02-09T00:57:08.047000;c0eece48-dff9-43dd-9213-260dbab48fac;371.48;1.0;SELL
2016-02-09T00:57:07.953000;2016-02-09T00:57:08.047000;a5c47729-36f3-4103-9a16-380f1e526d87;371.47;0.072;SELL
2016-02-09T00:57:07.953000;2016-02-09T00:57:08.060000;5a2e25bd-cda6-43ea-a983-3cc657ddcdda;371.47;5.26488;SELL
2016-02-09T00:57:11.053000;2016-02-09T00:57:11.077000;23cb3a4f-ae2e-46d1-ac96-b9efc59d23a4;371.67;0.01;BUY
2016-02-09T00:57:11.053000;2016-02-09T00:57:11.093000;3fa1e919-ef7f-4807-a72a-7a01f540639c;371.68;0.0155;BUY
2016-02-09T00:57:11.060000;2016-02-09T00:57:11.093000;421cbf66-c7db-40a8-89a8-b93765d9f535;371.68;0.0745;BUY
2016-02-09T00:58:00.997000;2016-02-09T00:58:01.013000;4263c624-faeb-4fbe-8c39-b104950035ff;371.63;0.01;BUY
2016-02-09T00:58:00.997000;2016-02-09T00:58:01.030000;bf554399-1eef-4779-b060-54975907795e;371.63;0.00955;BUY
2016-02-09T00:58:31.060000;2016-02-09T00:58:31.077000;fc4e739a-3cb1-412c-b5fb-bd0327e5fd60;371.6;0.32;BUY
2016-02-09T00:58:31.060000;2016-02-09T00:58:31.093000;d23e2d41-3c88-4417-a0fb-016c7842b1f3;371.61;2.55904;BUY
2016-02-09T00:58:51.670000;2016-02-09T00:58:51.687000;b5a0ccf8-ef19-4f35-a51c-60ff15a1076d;371.63;0.00045;BUY
2016-02-09T00:58:51.670000;2016-02-09T00:58:51.700000;bb50f35c-ff3c-407d-9e92-48b175cb232a;371.63;0.009559;BUY
2016-02-09T00:59:01.303000;2016-02-09T00:59:01.310000;dc4f2483-ee6b-49f4-b1f2-0d77d6c03a0c;371.6;0.33423;BUY
2016-02-09T00:59:31.250000;2016-02-09T00:59:31.280000;1f0b6d24-d36b-45dc-8772-f074cc7e9fa5;371.61;0.04417;BUY
2016-02-09T01:00:01.363000;2016-02-09T01:00:01.373000;fb936ade-03b1-48bd-923f-c1dfd9716281;371.58;0.123;SELL
2016-02-09T01:00:01.363000;2016-02-09T01:00:01.403000;8b4a4a9a-9a35-4fe9-adf5-a9129012994b;371.55;0.122;SELL
2016-02-09T01:00:01.363000;2016-02-09T01:00:01.403000;07589d28-3dd6-4bb5-bf76-f80c7b246716;371.54;0.01;SELL
2016-02-09T01:00:01.363000;2016-02-09T01:00:01.403000;a20b92b9-810e-47b5-90c0-2ce3ade5f320;371.54;0.01;SELL
2016-02-09T01:00:01.363000;2016-02-09T01:00:01.403000;072b1984-93ff-48d6-9930-69c6ed59e638;371.52;0.01;SELL
2016-02-09T01:00:01.363000;2016-02-09T01:00:01.420000;28979616-f6dd-4e7a-9a3b-ee3ccdc00d52;371.52;0.095;SELL
2016-02-09T01:00:01.363000;2016-02-09T01:00:01.420000;d33c7cbf-9841-434c-b982-9219b3edc0d8;371.5;0.01;SELL
2016-02-09T01:00:01.363000;2016-02-09T01:00:01.420000;819f1337-7b3b-4c10-ab8e-75ce85e11f36;371.49;0.128;SELL
2016-02-09T01:00:01.363000;2016-02-09T01:00:01.420000;5fe47d1e-8e66-406f-9282-3425f1116cc2;371.46;0.096;SELL
2016-02-09T01:00:01.363000;2016-02-09T01:00:01.420000;6145fd8d-acea-45ec-ab00-172b091a7dd3;371.44;0.46941;SELL
2016-02-09T01:00:31.137000;2016-02-09T01:00:31.153000;4db7e7e7-346d-4796-9c62-6f8db765ee5f;371.55;0.02;BUY
2016-02-09T01:00:31.137000;2016-02-09T01:00:31.170000;d770b9eb-dbe0-4d5a-81d3-2dc85effe38c;371.57;0.01;BUY
2016-02-09T01:00:31.137000;2016-02-09T01:00:31.170000;d107fec4-6180-4eb2-8b86-5bbc67cf3551;371.62;0.14869;BUY
2016-02-09T01:01:01.297000;2016-02-09T01:01:01.310000;bbccff83-2570-4c8d-81ab-3b08d1bd852e;371.53;0.02;BUY
2016-02-09T01:01:01.297000;2016-02-09T01:01:01.327000;c21ca9b0-601d-46f9-927b-b3e1b01f28d6;371.58;0.12665;BUY
2016-02-09T01:01:31.213000;2016-02-09T01:01:31.217000;090f0eb4-063b-434a-9fbb-e3332037bcc4;371.57;0.02;BUY
2016-02-09T01:01:31.213000;2016-02-09T01:01:31.250000;798cbd1a-d245-43de-a051-c34a9d79fc23;371.61;0.10608;BUY
2016-02-09T01:02:01.893000;2016-02-09T01:02:01.903000;ac442965-40af-45f4-beb4-81b0604de0c0;371.54;0.02;BUY
2016-02-09T01:02:01.893000;2016-02-09T01:02:01.920000;d3084e78-111f-4ddf-9221-df1db4d6101c;371.57;1.28053;BUY
2016-02-09T01:02:31.580000;2016-02-09T01:02:31.593000;5f97ee33-64c5-40c8-944e-a55d8e6b83a2;371.57;0.01;SELL
2016-02-09T01:02:31.580000;2016-02-09T01:02:31.607000;c751a6f5-bcf8-412e-9c52-dd39689cd03d;371.56;0.081;SELL
2016-02-09T01:02:31.580000;2016-02-09T01:02:31.607000;b4986386-b5b0-40e4-93d1-89dfaf6f01c3;371.54;0.078;SELL
2016-02-09T01:02:31.580000;2016-02-09T01:02:31.607000;9f2a97fa-52a9-4f03-92d3-cb4165c0e3f2;371.53;0.116;SELL
2016-02-09T01:02:31.580000;2016-02-09T01:02:31.607000;6bf1b65f-e439-4594-b24a-07e7b68ef635;371.51;0.126;SELL
2016-02-09T01:02:31.580000;2016-02-09T01:02:31.623000;41b02538-4053-4eb3-93e8-86a2c6c4efee;371.49;0.01;SELL
2016-02-09T01:02:31.580000;2016-02-09T01:02:31.623000;781539a9-b0ea-47db-ad2f-6bf992eb036c;371.48;0.08;SELL
2016-02-09T01:02:31.580000;2016-02-09T01:02:31.623000;da4ea6e7-f691-43b5-a161-1eb3a4bb568c;371.46;0.04295;SELL
2016-02-09T01:02:50.597000;2016-02-09T01:02:50.607000;34bdac0b-6b66-4635-b4ef-cbe05310ecb7;371.48;0.01;SELL
2016-02-09T01:02:50.597000;2016-02-09T01:02:50.623000;15caff73-45f0-41a5-9b95-a0f122dc3c0f;371.48;0.083;SELL
2016-02-09T01:02:50.597000;2016-02-09T01:02:50.623000;37202ebe-f3a2-424d-94ee-13abd69a40e0;371.46;4.893;SELL
2016-02-09T01:02:50.597000;2016-02-09T01:02:50.623000;0fb1473d-a7d7-4604-a9d8-9b120db21e05;371.46;1.12;SELL
2016-02-09T01:02:50.597000;2016-02-09T01:02:50.623000;00ebaf21-28c4-4f19-ae10-66094c88615e;371.45;4.894;SELL
2016-02-09T01:03:01.513000;2016-02-09T01:03:01.530000;5f82b169-c38d-4fad-9a79-159384fbc5d8;371.5;0.02;BUY
2016-02-09T01:03:01.513000;2016-02-09T01:03:01.530000;11d32589-871c-4740-8e01-ffb654e262c9;371.51;0.01;BUY
2016-02-09T01:03:01.517000;2016-02-09T01:03:01.530000;b5329ccd-db39-4e12-8d2f-3637ce317f8e;371.56;0.01;BUY
2016-02-09T01:03:01.517000;2016-02-09T01:03:01.547000;12f366b8-5790-4b4d-a894-cca994c808a0;371.57;0.22;BUY
2016-02-09T01:03:01.517000;2016-02-09T01:03:01.547000;6b795805-1b29-4d74-8eea-466ab57133a4;371.59;0.62183;BUY
2016-02-09T01:03:31.343000;2016-02-09T01:03:31.343000;e0018a64-628e-4d1a-80c6-32642245ba50;371.53;0.02;BUY
2016-02-09T01:03:31.343000;2016-02-09T01:03:31.357000;f0af469c-69ed-4a05-b848-f6856a24fb2e;371.56;0.99426;BUY
2016-02-09T01:04:01.313000;2016-02-09T01:04:01.310000;837dfed7-5be0-4f3e-ab7b-8caa8909bc4e;371.53;0.02;BUY
2016-02-09T01:04:01.313000;2016-02-09T01:04:01.327000;12d55552-ab3f-4fde-a4cc-b09312359f97;371.56;0.0095;BUY
2016-02-09T01:04:02.997000;2016-02-09T01:04:03.000000;e20db4ac-2263-40ca-8675-442bf96c67ba;371.49;0.02971003;SELL
2016-02-09T01:04:31.570000;2016-02-09T01:04:31.593000;51c083ad-a481-464c-966a-2a050f72baf4;371.57;0.01;BUY
2016-02-09T01:04:31.570000;2016-02-09T01:04:31.593000;1d764415-9a8b-404b-b912-a1f5f2c8b0bf;371.63;0.19262;BUY
2016-02-09T01:04:41.413000;2016-02-09T01:04:41.420000;9b1e49b3-3735-45fb-bb65-64bfc64b6b5c;371.63;0.06;BUY
2016-02-09T01:05:01.887000;2016-02-09T01:05:01.947000;ad46a797-7189-46ab-abfd-ea4afd8b8261;371.63;0.737821;BUY
2016-02-09T01:05:01.887000;2016-02-09T01:05:01.947000;23737a21-ee8f-4974-8ca9-4946e6ae5add;371.65;0.01;BUY
2016-02-09T01:05:01.887000;2016-02-09T01:05:01.980000;439c1edf-8a9c-43cb-a96d-4bd6af85eb23;371.69;0.664729;BUY
2016-02-09T01:05:31.633000;2016-02-09T01:05:31.667000;fd108367-f546-4dfd-8e43-28dd89c08cd0;371.63;1.51;SELL
2016-02-09T01:05:31.633000;2016-02-09T01:05:31.697000;7340a6a9-ad6e-42e5-b42a-6fd96f9559f9;371.62;2.62426;SELL
2016-02-09T01:06:01.627000;2016-02-09T01:06:01.667000;f1673ff5-bf60-4144-a05b-b383de38dc18;371.61;0.01;SELL
2016-02-09T01:06:01.630000;2016-02-09T01:06:01.683000;797e74b0-798e-4957-81a2-0d7e288a178a;371.61;0.01;SELL
2016-02-09T01:06:01.630000;2016-02-09T01:06:01.683000;a1975f27-a028-49a0-9f58-8653c57b3186;371.59;0.26;SELL
2016-02-09T01:06:01.630000;2016-02-09T01:06:01.683000;40065aae-2ea9-4991-8a31-cb34d017ee67;371.59;0.114;SELL
2016-02-09T01:06:01.630000;2016-02-09T01:06:01.697000;3a65f2f6-6ee7-423d-89f1-43f19920819b;371.56;0.096;SELL
2016-02-09T01:06:01.630000;2016-02-09T01:06:01.760000;38097fba-fe9a-4a39-8743-e6e067850831;371.53;0.1;SELL
2016-02-09T01:06:01.630000;2016-02-09T01:06:01.760000;ebdde07f-7c91-435d-9095-6e16106d4019;371.52;2.67356;SELL
2016-02-09T01:06:32.453000;2016-02-09T01:06:32.493000;48d57011-3afd-4ae8-a49a-79198ecf3f0a;371.52;0.01;SELL
2016-02-09T01:06:32.453000;2016-02-09T01:06:32.510000;6f478af8-0c87-4955-84b5-5b4f97a5e899;371.52;0.111;SELL
2016-02-09T01:06:32.453000;2016-02-09T01:06:32.510000;03a39fe0-6743-4f60-87bf-9044022c9797;371.5;0.01;SELL
2016-02-09T01:06:32.453000;2016-02-09T01:06:32.510000;77571269-3041-49f0-b207-d602ad18d894;371.49;0.121;SELL
2016-02-09T01:06:32.453000;2016-02-09T01:06:32.527000;1e39a94e-9392-4afd-bd3e-c29db0674260;371.48;0.01;SELL
2016-02-09T01:06:32.453000;2016-02-09T01:06:32.527000;c7813710-2b76-45e2-9979-b79c5a9325b7;371.46;0.093;SELL
2016-02-09T01:06:32.453000;2016-02-09T01:06:32.527000;5c575f63-191a-4998-b119-eb37fd1c1662;371.46;0.28721;SELL
2016-02-09T01:07:01.653000;2016-02-09T01:07:01.683000;ab8f4660-c60e-4f40-b060-4c48eec18e1c;371.57;0.67488;BUY
2016-02-09T01:07:31.667000;2016-02-09T01:07:31.697000;b66afaa4-df12-4e00-8537-1ecafc686b8c;371.57;0.53204;BUY
2016-02-09T01:07:56.850000;2016-02-09T01:07:56.900000;22ae57ad-2cab-4283-9d7f-19c89e9a3a91;371.58;0.01;BUY
2016-02-09T01:07:56.850000;2016-02-09T01:07:56.900000;0fef35be-89db-42cb-a5ec-123dde9d8a66;371.58;0.01;BUY
2016-02-09T01:07:56.850000;2016-02-09T01:07:56.917000;2502e65a-c975-45e1-9619-7c5ab5f36a0b;371.61;0.01;BUY
2016-02-09T01:07:56.853000;2016-02-09T01:07:56.917000;ee6c6806-8365-49cd-9069-d6d8436eed40;371.61;0.01;BUY
2016-02-09T01:08:01.593000;2016-02-09T01:08:01.637000;929e09db-8c2d-4eb0-923d-4bc7b6021224;371.68;0.01;BUY
2016-02-09T01:08:01.593000;2016-02-09T01:08:01.637000;36873ce9-a1ea-4d38-8f3f-509a2985d146;371.69;0.01;BUY
2016-02-09T01:08:01.593000;2016-02-09T01:08:01.650000;3e3ea4e8-a9bc-4595-8b6f-5f8d22730e35;371.69;0.01;BUY
2016-02-09T01:08:01.593000;2016-02-09T01:08:01.650000;1cd86a70-c5e9-495b-9d7a-43732d81b24f;371.69;0.00849;BUY
2016-02-09T01:08:31.487000;2016-02-09T01:08:31.527000;24891590-3b78-43ae-9ddc-6c4728e4b779;371.63;1.195;BUY
2016-02-09T01:08:31.487000;2016-02-09T01:08:31.543000;e7291a89-9d4e-47b7-ba15-77580ca03b95;371.63;1.89677;BUY
2016-02-09T01:09:12.963000;2016-02-09T01:09:12.993000;d2d4841d-1a36-4aed-aa91-7664d39b4094;371.62;0.01;SELL
2016-02-09T01:09:12.963000;2016-02-09T01:09:13.010000;fb16c7f0-b23b-46b8-854c-d6d7937f8bfc;371.54;0.081;SELL
2016-02-09T01:09:12.963000;2016-02-09T01:09:13.010000;408595ca-d24c-4012-af08-4211365e0ae3;371.51;0.099;SELL
2016-02-09T01:09:12.963000;2016-02-09T01:09:13.027000;a74bc0d8-d1ca-4c92-80d6-d621dc4e6887;371.5;0.01;SELL
2016-02-09T01:09:12.963000;2016-02-09T01:09:13.027000;6ce2c9d8-f7dc-4a71-a4d4-b8cba8546938;371.49;0.01;SELL
2016-02-09T01:09:31.380000;2016-02-09T01:09:31.417000;6e788e86-2f75-4695-9140-f660490eb3ec;371.58;0.48;BUY
2016-02-09T01:09:31.383000;2016-02-09T01:09:31.417000;725bd9ef-1976-49fa-9db6-0dd3be394fbb;371.59;0.05594;BUY
2016-02-09T01:09:57.317000;2016-02-09T01:09:57.353000;ae1e03cf-31a1-4bbe-9333-f833dad1986f;371.54;0.01;SELL
2016-02-09T01:09:57.317000;2016-02-09T01:09:57.370000;47b03363-1bb1-4d79-a849-84f36d27cbfa;371.54;0.01;SELL
2016-02-09T01:09:57.317000;2016-02-09T01:09:57.370000;de88d6f8-6f4b-4b3a-a0ac-b939bca48cd5;371.54;0.913;SELL
2016-02-09T01:09:57.317000;2016-02-09T01:09:57.370000;a9f94cfe-5b52-4aed-80d8-90717fcb2466;371.51;1.407;SELL
2016-02-09T01:09:57.317000;2016-02-09T01:09:57.370000;7c10baf9-f046-49d3-87df-2ef840a888a0;371.5;9.35061;SELL
2016-02-09T01:09:57.317000;2016-02-09T01:09:57.447000;ebac1512-1c76-42a4-a46c-b13f671709e1;371.48;1.30939;SELL
2016-02-09T01:11:01.203000;2016-02-09T01:11:01.260000;a33c5c8e-b15b-4257-8e3e-5c0fd894e55f;371.52;1.44;BUY
2016-02-09T01:11:01.203000;2016-02-09T01:11:01.260000;1578b23d-46b8-43f1-9334-aa8de27e7151;371.53;0.44499;BUY
2016-02-09T01:11:17.270000;2016-02-09T01:11:17.307000;76c02ab5-2dc9-4efb-998f-2e49ef8e5b78;371.52;0.15;BUY
2016-02-09T01:11:31.230000;2016-02-09T01:11:31.247000;0f214feb-8554-4e5a-9070-7eb267888ca0;371.51;1.06689;BUY
2016-02-09T01:12:01.223000;2016-02-09T01:12:01.260000;6fee6e0d-94c2-4508-880e-4a5507407227;371.49;0.01;SELL
2016-02-09T01:12:01.223000;2016-02-09T01:12:01.260000;47627121-8b4d-455a-996e-5ebab401afb7;371.47;0.01;SELL
2016-02-09T01:12:01.227000;2016-02-09T01:12:01.260000;383809a6-ed32-4e4d-be2f-e07921223ed1;371.45;0.01;SELL
2016-02-09T01:12:01.227000;2016-02-09T01:12:01.260000;786ebae1-41ec-4df4-af40-68c6f6b545cd;371.45;0.128;SELL
2016-02-09T01:12:01.227000;2016-02-09T01:12:01.277000;c30cab83-b15d-4c3d-ac31-f698e4ccaeff;371.44;0.04415;SELL
2016-02-09T01:12:26.940000;2016-02-09T01:12:26.963000;84fc1374-6ff5-4600-9e4b-f82b2500444b;371.47;0.38;BUY
2016-02-09T01:12:31.347000;2016-02-09T01:12:31.370000;60e5ad0f-ba44-49ab-afdf-ece94f0c7659;371.4;0.01;SELL
2016-02-09T01:12:31.347000;2016-02-09T01:12:31.387000;bd9d5f76-c0ae-46d1-8afa-d2bd48322de4;371.4;0.29;SELL
2016-02-09T01:12:31.347000;2016-02-09T01:12:31.387000;41dfc7ff-9356-4d28-94c1-187f53a382d6;371.36;6.24;SELL
2016-02-09T01:12:31.347000;2016-02-09T01:12:31.400000;9b696e97-ced9-42ee-b1aa-63c949acf702;371.35;0.3347;SELL
2016-02-09T01:12:31.347000;2016-02-09T01:12:31.400000;fe30b9f8-d945-49f6-9b4c-5b11d04a7ff1;371.35;5.94947;SELL
2016-02-09T01:13:01.210000;2016-02-09T01:13:01.260000;0e10db5b-ee98-486f-a3aa-b61182f4cdaa;371.37;0.01;SELL
2016-02-09T01:13:01.210000;2016-02-09T01:13:01.277000;fdbbb2ff-f669-48cf-a359-99408c477dbf;371.37;1.224;SELL
2016-02-09T01:13:01.210000;2016-02-09T01:13:01.277000;2688e7b9-ebd1-4aeb-99a1-75ac981934fe;371.35;0.96;SELL
2016-02-09T01:13:01.210000;2016-02-09T01:13:01.277000;0039c8de-9842-4a80-a9d2-ffdebd6e7e3a;371.34;2.03825;SELL
2016-02-09T01:13:39.120000;2016-02-09T01:13:39.150000;8e5effe8-2bd5-4da9-b108-8f6b4fe4eba4;371.41;0.06499;BUY
2016-02-09T01:14:01.143000;2016-02-09T01:14:01.167000;48541b67-1369-4727-85b2-d5b4577a006a;371.42;1.39;BUY
2016-02-09T01:14:01.143000;2016-02-09T01:14:01.183000;5722ccd1-e52a-4f3d-becb-5a623f408001;371.42;1.18348;BUY
2016-02-09T01:14:10.777000;2016-02-09T01:14:10.807000;ed251efb-8f79-4ecc-807c-730940f226b9;371.39;0.01;BUY
2016-02-09T01:14:42.317000;2016-02-09T01:14:42.353000;afd6bc70-7a0b-4b8b-84ab-5ab45332cee0;371.33;0.01;SELL
2016-02-09T01:14:42.317000;2016-02-09T01:14:42.353000;271470df-372d-4d2c-a93d-2b3d61a1a23f;371.33;0.01;SELL
2016-02-09T01:14:42.317000;2016-02-09T01:14:42.353000;6080d0f9-0b03-4208-8a7c-f45c5bc2d0e0;371.33;0.115;SELL
2016-02-09T01:14:42.317000;2016-02-09T01:14:42.353000;5516cb10-78dd-4791-879c-fae796632fb0;371.31;0.01;SELL
2016-02-09T01:14:42.317000;2016-02-09T01:14:42.370000;f0e703e8-942a-40ff-b3e6-b191cf300136;371.31;0.089;SELL
2016-02-09T01:14:42.317000;2016-02-09T01:14:42.370000;70e689da-6b7b-4f04-b694-ba36d4f87d5e;371.3;0.108;SELL
2016-02-09T01:14:42.317000;2016-02-09T01:14:42.370000;6c2b6f76-3633-4cc8-aa92-5b86f0c91edb;371.29;0.01;SELL
2016-02-09T01:14:42.317000;2016-02-09T01:14:42.370000;601718e9-99eb-4607-a3d9-0c82962a2058;371.29;0.01;SELL
2016-02-09T01:14:42.317000;2016-02-09T01:14:42.370000;d659a13a-2dab-4ad8-a4ee-1776065bdff4;371.28;0.127;SELL
2016-02-09T01:14:42.317000;2016-02-09T01:14:42.400000;0073aa37-8ceb-40f0-8378-7e2a8509fdcb;371.27;0.01;SELL
2016-02-09T01:14:42.317000;2016-02-09T01:14:42.400000;cb5e7c71-e275-42b3-b47e-89f54b2095b9;371.27;0.108;SELL
2016-02-09T01:14:42.317000;2016-02-09T01:14:42.400000;0800988c-530f-41b4-9e61-6597e6a0fd51;371.24;0.129;SELL
2016-02-09T01:14:42.317000;2016-02-09T01:14:42.400000;7ab1eb6d-a36a-4026-8ea1-86dccc39e67f;371.23;0.16;SELL
2016-02-09T01:14:42.317000;2016-02-09T01:14:42.400000;935a88c2-6930-4a65-87a3-ed781ba72aa5;371.22;0.097;SELL
2016-02-09T01:14:42.317000;2016-02-09T01:14:42.417000;abd58763-f4f5-46e9-82aa-fa68e7b8852b;371.21;1.44;SELL
2016-02-09T01:14:42.317000;2016-02-09T01:14:42.417000;4aa73b20-0be7-470d-8f22-d8e3a63caca3;371.2;0.96;SELL
2016-02-09T01:14:42.320000;2016-02-09T01:14:42.417000;e63792be-0489-4483-9f54-1da44b2d14fb;371.19;0.077;SELL
2016-02-09T01:14:42.320000;2016-02-09T01:14:42.417000;25e9fc8f-13a6-4449-a104-e7510c9fc64d;371.18;2.08;SELL
2016-02-09T01:14:42.320000;2016-02-09T01:14:42.417000;9087f21c-a957-445c-8125-c94f460ba93b;371.18;0.01;SELL
2016-02-09T01:14:42.320000;2016-02-09T01:14:42.417000;11d1f18e-c149-4eb4-a355-6e3976527b6e;371.17;0.16;SELL
2016-02-09T01:14:42.320000;2016-02-09T01:14:42.417000;750420eb-04d3-42c7-81e4-e2923ca6d91b;371.17;0.59284;SELL
2016-02-09T01:15:01.240000;2016-02-09T01:15:01.260000;74c82d09-6e02-412b-b427-faf1bc3f7e6b;371.33;6.03889;BUY
2016-02-09T01:15:09.130000;2016-02-09T01:15:09.150000;246a535e-ac35-4e59-99e7-7704e570be11;371.35;0.01;BUY
2016-02-09T01:15:09.130000;2016-02-09T01:15:09.150000;aab46434-ac59-4383-828d-93681aeec319;371.35;0.01;BUY
2016-02-09T01:15:09.130000;2016-02-09T01:15:09.150000;102279b8-a980-45b2-a567-0ed3329e9653;371.37;0.01;BUY
2016-02-09T01:15:09.130000;2016-02-09T01:15:09.167000;dd45409a-25c9-4f51-97df-c2e6b4a69512;371.38;0.15;BUY
2016-02-09T01:15:26.893000;2016-02-09T01:15:26.917000;ad8e181a-5f45-4ee4-868e-0e0ea15f8174;371.37;0.25956531;BUY
2016-02-09T01:16:01.280000;2016-02-09T01:16:01.293000;ef940707-3d1d-4961-9823-7bc94842d0f3;371.33;2.62173;BUY
2016-02-09T01:16:31.343000;2016-02-09T01:16:31.353000;1c159135-11c0-43b1-988c-783feef2671c;371.28;0.1;SELL
2016-02-09T01:16:31.343000;2016-02-09T01:16:31.370000;2a4d90b9-e4f7-400d-b774-6247ec41ea7e;371.27;0.01;SELL
2016-02-09T01:16:31.343000;2016-02-09T01:16:31.370000;cc5c707a-2979-4cc9-8e97-00a6f9d39894;371.25;0.01;SELL
2016-02-09T01:16:31.343000;2016-02-09T01:16:31.400000;153c471e-003d-486a-9483-de5aaa577546;371.23;0.01;SELL
2016-02-09T01:16:31.343000;2016-02-09T01:16:31.400000;2f5e641b-1e99-4f01-8734-14b35f88713d;371.23;0.084;SELL
2016-02-09T01:16:31.343000;2016-02-09T01:16:31.400000;33f9fbe7-25e3-40a2-985d-668290aef76a;371.21;5.76;SELL
2016-02-09T01:16:31.343000;2016-02-09T01:16:31.400000;ed52856c-4534-4c1a-8959-d531736b1761;371.2;0.115;SELL
2016-02-09T01:16:31.343000;2016-02-09T01:16:31.400000;f1004356-0dda-47f2-8569-754baf1339f1;371.2;0.78386;SELL
2016-02-09T01:17:01.493000;2016-02-09T01:17:01.510000;cc18a088-1253-4d08-9918-46d656f65bb3;371.26;0.01;SELL
2016-02-09T01:17:01.497000;2016-02-09T01:17:01.510000;70223268-851a-4b40-99fa-2c8855dfee44;371.24;0.121;SELL
2016-02-09T01:17:01.497000;2016-02-09T01:17:01.527000;3ffe0019-1068-4414-8ac6-133072fa52d9;371.23;0.01;SELL
2016-02-09T01:17:01.497000;2016-02-09T01:17:01.527000;a644c876-592e-4e78-ada0-575114c8575f;371.23;0.01;SELL
2016-02-09T01:17:01.497000;2016-02-09T01:17:01.527000;be4b2ce7-c3ce-4d28-a0f1-7c46c659eaba;371.21;0.127;SELL
2016-02-09T01:17:01.497000;2016-02-09T01:17:01.527000;c1d969e2-edf3-4c5d-b799-0072dbefa565;371.18;0.084;SELL
2016-02-09T01:17:01.497000;2016-02-09T01:17:01.527000;6c1d6ca3-7493-430b-9365-7a290dd4a1bf;371.16;0.00724;SELL
2016-02-09T01:17:09.597000;2016-02-09T01:17:09.637000;689484a2-26bc-4723-a6bb-ea500466ef33;371.26;0.01;BUY
2016-02-09T01:17:31.327000;2016-02-09T01:17:31.340000;dc7efaad-b02d-41b9-a068-7d662a815301;371.26;1.92;BUY
2016-02-09T01:17:31.327000;2016-02-09T01:17:31.353000;b01c2097-b590-41c0-b78a-af30771f6d33;371.27;0.01;BUY
2016-02-09T01:17:31.327000;2016-02-09T01:17:31.370000;e01732ef-3f2f-4c8d-9542-d47c4c374298;371.29;1.44249;BUY
2016-02-09T01:18:31.340000;2016-02-09T01:18:31.340000;c3616ff4-f322-4c60-b1da-0a7945276ca9;371.27;0.16;BUY
2016-02-09T01:18:31.340000;2016-02-09T01:18:31.353000;38d670e9-17b5-4cf1-beb6-323a0059efc2;371.28;0.01;BUY
2016-02-09T01:18:31.340000;2016-02-09T01:18:31.353000;a912f5c4-64ce-4972-8d5f-c1bb98c53d1e;371.28;0.32;BUY
2016-02-09T01:18:31.340000;2016-02-09T01:18:31.370000;c5250f50-55d8-4f46-8f99-6895644f31d3;371.29;0.00972;BUY
2016-02-09T01:19:01.370000;2016-02-09T01:19:01.370000;c27b7018-afac-41bc-bf9f-4c859a220100;371.22;0.01;SELL
2016-02-09T01:19:01.370000;2016-02-09T01:19:01.387000;a90bf89e-05d7-4238-a8d5-96ed47559553;371.22;0.117;SELL
2016-02-09T01:19:01.370000;2016-02-09T01:19:01.387000;ca14351c-3b30-461a-894b-19b49bf0529b;371.19;0.01;SELL
2016-02-09T01:19:01.370000;2016-02-09T01:19:01.400000;f2870e86-1a6e-4971-a169-d61687d70581;371.19;0.03955;SELL
2016-02-09T01:19:19.033000;2016-02-09T01:19:19.043000;4c36ba63-b68f-4873-a500-5609c47cd329;371.29;1.194;SELL
2016-02-09T01:19:19.033000;2016-02-09T01:19:19.057000;58d484fc-932e-4a40-97b7-0cf853246655;371.28;4.227;SELL
2016-02-09T01:19:19.033000;2016-02-09T01:19:19.057000;0d57f9f5-cc94-4279-b7ae-0527bf5bffc9;371.28;1.194;SELL
2016-02-09T01:19:19.033000;2016-02-09T01:19:19.073000;43ac0594-153f-492f-84e6-e8e49fac290b;371.26;1.199;SELL
2016-02-09T01:19:19.033000;2016-02-09T01:19:19.073000;ad7722b1-8dd5-494c-a4c3-a726756b1535;371.26;4.05;SELL
2016-02-09T01:19:19.037000;2016-02-09T01:19:19.073000;ff678d66-dd35-4f71-9e17-a2e61b0c16ec;371.25;1.169;SELL
2016-02-09T01:19:19.037000;2016-02-09T01:19:19.073000;32a575d1-5e97-4a02-a9de-50f466954eeb;371.23;1.143;SELL
2016-02-09T01:19:19.037000;2016-02-09T01:19:19.073000;066e3c4d-a514-4946-8c46-285f3626ee7a;371.21;1.145;SELL
2016-02-09T01:19:19.037000;2016-02-09T01:19:19.073000;1124201c-50ae-49ac-9065-3c57a54286d6;371.18;1.181;SELL
2016-02-09T01:19:19.037000;2016-02-09T01:19:19.073000;48997c6e-e89e-42ca-9791-b7c7a587ed68;371.16;1.76;SELL
2016-02-09T01:19:19.037000;2016-02-09T01:19:19.073000;c8f4f786-d5a0-48cd-8355-afb9c304bd55;371.15;1.73587434;SELL
2016-02-09T01:19:19.037000;2016-02-09T01:19:19.073000;68eb81ab-3b4c-482c-aeaa-b855b726c9f5;371.14;0.00212566;SELL
2016-02-09T01:19:30.350000;2016-02-09T01:19:30.353000;d2f15a77-f324-4cb8-925a-f8ecbecb0c6e;371.21;0.097;BUY
2016-02-09T01:19:30.350000;2016-02-09T01:19:30.353000;177c2170-c464-4931-9f37-9ec188694807;371.21;0.32;BUY
2016-02-09T01:19:30.350000;2016-02-09T01:19:30.370000;e0bd89d4-26e5-43be-a1c9-cb402015b9bc;371.22;0.01;BUY
2016-02-09T01:19:30.350000;2016-02-09T01:19:30.370000;550d0583-d885-4186-b4a1-21669732a4ac;371.23;1.76;BUY
2016-02-09T01:19:30.350000;2016-02-09T01:19:30.370000;83b4e1b3-971e-42b3-a673-b256f3379965;371.24;0.159;BUY
2016-02-09T01:19:30.350000;2016-02-09T01:19:30.370000;56966f83-34f4-4897-8ddf-5095eb92e315;371.24;2.24;BUY
2016-02-09T01:19:30.350000;2016-02-09T01:19:30.387000;83461609-75fa-4d9f-81d2-d31ccebd22f7;371.25;0.80829;BUY
2016-02-09T01:19:31.400000;2016-02-09T01:19:31.400000;1c3deea0-1d86-467f-9cfc-d3a6f45750ec;371.25;1.20817;BUY
2016-02-09T01:20:01.467000;2016-02-09T01:20:01.480000;0a71b9fa-0dd9-42c6-81b6-36f768eb7d1b;371.21;0.16;BUY
2016-02-09T01:20:01.467000;2016-02-09T01:20:01.480000;24c8d005-1934-46aa-9072-f6d416be7e2f;371.22;0.259;BUY
2016-02-09T01:20:01.467000;2016-02-09T01:20:01.497000;f5b52f9d-c8e3-4ed3-8296-63b6104b56ed;371.24;2.4;BUY
2016-02-09T01:20:01.467000;2016-02-09T01:20:01.497000;3c0fe696-6a0b-49ba-9c78-d8462fcaaf5b;371.25;1.08354;BUY
2016-02-09T01:20:01.467000;2016-02-09T01:20:01.497000;41df5f7c-f395-42b0-ae01-cbc74425eb2c;371.25;0.507;BUY
2016-02-09T01:20:01.467000;2016-02-09T01:20:01.497000;8815ac0b-c026-4b39-b04e-9920a7aaac49;371.25;4.12528;BUY
2016-02-09T01:20:31.360000;2016-02-09T01:20:31.423000;1112f29c-31db-45f2-9a68-0df509d32a97;371.27;0.01;BUY
2016-02-09T01:20:31.360000;2016-02-09T01:20:31.423000;7be9e2e4-f2ae-4220-ac68-07ec0804e299;371.28;0.01;BUY
2016-02-09T01:20:31.363000;2016-02-09T01:20:31.440000;83314d92-a0d4-4a6c-adde-2644ca013d39;371.29;0.1;BUY
2016-02-09T01:20:31.363000;2016-02-09T01:20:31.440000;7ca5f223-ea28-47c5-98d1-e82a2d9f5c44;371.31;0.01;BUY
2016-02-09T01:20:31.363000;2016-02-09T01:20:31.440000;fbfdcf5a-b06c-4f70-82a6-3e17ecb448c0;371.31;0.01;BUY
2016-02-09T01:20:31.363000;2016-02-09T01:20:31.440000;f882f66a-6104-4eb4-ac70-2df4fe050243;371.31;0.127;BUY
2016-02-09T01:20:31.363000;2016-02-09T01:20:31.440000;25a3b622-4945-4466-b8b6-cbe2060e9c9f;371.34;0.24;BUY
2016-02-09T01:20:31.363000;2016-02-09T01:20:31.440000;4a6d1874-c8ca-4462-b6a8-647b07feeed5;371.35;1.96937;BUY
2016-02-09T01:21:01.317000;2016-02-09T01:21:01.377000;1f455a28-333f-42d9-adc1-152ff3ba9666;371.34;0.01;BUY
2016-02-09T01:21:01.317000;2016-02-09T01:21:01.393000;e1cd903b-ad23-499d-93c7-5c8ffb1960a1;371.34;0.111;BUY
2016-02-09T01:21:01.317000;2016-02-09T01:21:01.393000;fe1298f4-1d83-4c60-afd1-013eb0a1d925;371.37;0.133;BUY
2016-02-09T01:21:01.317000;2016-02-09T01:21:01.407000;b4d269ca-3fc2-4352-832c-06c1810d02bb;371.39;0.16;BUY
2016-02-09T01:21:01.317000;2016-02-09T01:21:01.407000;d00fc898-44ca-4e47-bc7a-9adcd05be173;371.4;0.111;BUY
2016-02-09T01:21:01.317000;2016-02-09T01:21:01.470000;eb1059a5-85bf-4c3e-b74f-3f0024695baa;371.42;0.96;BUY
2016-02-09T01:21:01.317000;2016-02-09T01:21:01.470000;1e1f4bed-2372-4853-a1d8-46bb7097ba20;371.43;0.108;BUY
2016-02-09T01:21:01.317000;2016-02-09T01:21:01.470000;085ede92-bc7b-4400-a845-bdcba461d47d;371.43;8.74657;BUY
2016-02-09T01:21:31.903000;2016-02-09T01:21:31.953000;15bb8768-aa78-49a5-a75a-1f6c07373719;371.36;0.34059;SELL
2016-02-09T01:22:01.467000;2016-02-09T01:22:01.517000;7882c1b1-f249-4733-a31b-34a43942aab2;371.4;0.01;BUY
2016-02-09T01:22:01.467000;2016-02-09T01:22:01.533000;8bb71e81-4e99-4117-a9eb-d21e9b1420ca;371.4;0.075;BUY
2016-02-09T01:22:01.467000;2016-02-09T01:22:01.533000;540072c4-bc84-416a-86d1-bab9f39463fb;371.42;0.01;BUY
2016-02-09T01:22:01.467000;2016-02-09T01:22:01.550000;bad059e0-1d96-45c2-944d-bc679109bdb1;371.43;0.076;BUY
2016-02-09T01:22:01.467000;2016-02-09T01:22:01.550000;d420acc5-3907-43c1-b6c6-9d388934844b;371.44;0.01;BUY
2016-02-09T01:22:01.467000;2016-02-09T01:22:01.550000;99360e09-a5fc-40d6-9ca3-589f795808d9;371.45;0.01;BUY
2016-02-09T01:22:01.470000;2016-02-09T01:22:01.550000;33ae469e-c7fc-4fcf-814c-3603b6e8785b;371.46;0.148;BUY
2016-02-09T01:22:01.470000;2016-02-09T01:22:01.627000;3ef107e8-5419-442a-aece-67609592f4a4;371.48;0.01;BUY
2016-02-09T01:22:01.470000;2016-02-09T01:22:01.627000;b8f52d33-1b5a-4cbc-b8cc-1d28805421f1;371.49;0.093;BUY
2016-02-09T01:22:01.470000;2016-02-09T01:22:01.627000;9459971c-73d5-494f-bc0d-47f40e1478a0;371.5;0.01;BUY
2016-02-09T01:22:01.470000;2016-02-09T01:22:01.627000;6b314ae8-f44a-4c8e-b590-ef71ce0b3863;371.51;0.01;BUY
2016-02-09T01:22:01.470000;2016-02-09T01:22:01.627000;039bd769-20c6-4c6f-bd3f-39c148a60d52;371.52;0.092;BUY
2016-02-09T01:22:01.470000;2016-02-09T01:22:01.627000;b00b7377-8ca6-4209-b6bd-ea1306bb720b;371.55;0.109;BUY
2016-02-09T01:22:01.470000;2016-02-09T01:22:01.627000;13a87af4-0da9-4b3b-a99f-05e67938e083;371.57;0.01;BUY
2016-02-09T01:22:01.470000;2016-02-09T01:22:01.627000;597c7b3f-b041-434f-9c48-73de5b07df47;371.58;0.123;BUY
2016-02-09T01:22:01.470000;2016-02-09T01:22:01.627000;2663868b-43d2-4126-b559-10e787e12c15;371.6;0.01;BUY
2016-02-09T01:22:01.470000;2016-02-09T01:22:01.627000;6203ca74-3e94-4006-b9fd-b8b63661f0ae;371.6;0.01;BUY
2016-02-09T01:22:01.470000;2016-02-09T01:22:01.627000;5249feec-9d43-4be6-bd93-e6a4b2ad956b;371.6;0.01;BUY
2016-02-09T01:22:01.470000;2016-02-09T01:22:01.627000;80326a8a-4831-429e-b4cb-a4e7f63b6c81;371.61;0.102;BUY
2016-02-09T01:22:01.470000;2016-02-09T01:22:01.627000;a7b4a8e8-1512-4821-8e90-63a5a11e04c2;371.64;0.03463;BUY
2016-02-09T01:22:45.807000;2016-02-09T01:22:45.860000;05db7041-2c66-4494-9090-7ee9e1c9dd97;371.46;0.01;SELL
2016-02-09T01:22:45.807000;2016-02-09T01:22:45.860000;993601bd-0da7-4281-8bb6-4f23e9ae7abb;371.46;0.16;SELL
2016-02-09T01:22:45.807000;2016-02-09T01:22:45.893000;3224182e-6b84-4598-b5ee-2843cfc384d7;371.44;0.01;SELL
2016-02-09T01:22:45.807000;2016-02-09T01:22:45.893000;4ddc39ec-dc83-4594-afe4-75a918780595;371.44;0.01;SELL
2016-02-09T01:22:45.807000;2016-02-09T01:22:45.893000;f8aef4be-29f2-44c5-a45c-83cbd6def318;371.42;0.01;SELL
2016-02-09T01:22:45.807000;2016-02-09T01:22:45.893000;4e8d7231-c52b-4afd-b44d-499df126a610;371.42;0.873177;SELL
2016-02-09T01:22:45.820000;2016-02-09T01:22:45.940000;4c79df42-8a00-4338-bf4b-344c2a2e4958;371.42;0.064358;SELL
2016-02-09T01:22:45.823000;2016-02-09T01:22:45.940000;ef2280b2-871c-4f5c-8fa2-b2e25bab7248;371.42;0.5588;SELL
2016-02-09T01:23:02.883000;2016-02-09T01:23:02.953000;683b2cbe-75ff-4666-8ad3-07847080a01f;371.43;0.65849;BUY
2016-02-09T01:23:31.383000;2016-02-09T01:23:31.423000;f8cf13d7-226b-41d0-bfd9-6a6dc62d8910;371.43;0.8569;BUY
2016-02-09T01:24:01.650000;2016-02-09T01:24:01.690000;342ba4a8-d5ce-4c7d-8521-beee8bf3059a;371.43;0.68557;BUY
2016-02-09T01:24:31.527000;2016-02-09T01:24:31.563000;84062b0d-dd8d-4d45-ae51-c47446b31a9d;371.43;0.49518;BUY
2016-02-09T01:25:01.477000;2016-02-09T01:25:01.533000;73e748e4-31f0-4e58-86a9-cc5319bbc028;371.43;4.55188;BUY
2016-02-09T01:25:31.347000;2016-02-09T01:25:31.393000;b209e5b5-3262-49e2-8546-9481a546e139;371.42;0.01;SELL
2016-02-09T01:25:31.347000;2016-02-09T01:25:31.407000;8be44519-da1d-49a1-ba34-5f0a96752091;371.42;0.18;SELL
2016-02-09T01:25:31.347000;2016-02-09T01:25:31.407000;d6f0ffb2-3955-4920-bff9-c01dd9985369;371.4;0.01;SELL
2016-02-09T01:25:31.347000;2016-02-09T01:25:31.407000;49b91068-e529-4e23-993c-200c696ef77f;371.4;0.0115;SELL
2016-02-09T01:25:31.347000;2016-02-09T01:25:31.423000;53ccff2d-9464-44e4-87bd-1a9f28675e64;371.38;0.01;SELL
2016-02-09T01:25:31.347000;2016-02-09T01:25:31.423000;b9a56f61-944a-4bdf-83e9-ad03b70c9312;371.38;0.01;SELL
2016-02-09T01:25:31.350000;2016-02-09T01:25:31.423000;ec619434-dd42-4f18-9093-8930d625e294;371.32;0.01;SELL
2016-02-09T01:25:31.350000;2016-02-09T01:25:31.423000;09cebe3a-1947-46cf-9bba-b6a51dc1bf0c;371.31;0.01;SELL
2016-02-09T01:25:31.350000;2016-02-09T01:25:31.423000;3d422671-e3d2-4f0b-8a17-22f56db066d3;371.31;0.01;SELL
2016-02-09T01:25:31.350000;2016-02-09T01:25:31.423000;1b08371d-b422-4972-bbeb-21241525da13;371.31;0.125;SELL
2016-02-09T01:25:31.350000;2016-02-09T01:25:31.423000;d6e142a6-7f8f-4186-a5db-852b166b8efc;371.29;0.0785;SELL
2016-02-09T01:26:31.467000;2016-02-09T01:26:31.500000;56bd5022-b3fc-4c68-84e0-0166e4217242;371.33;0.26928;BUY
2016-02-09T01:27:01.817000;2016-02-09T01:27:01.860000;ff0bd94b-1103-4f3e-abe2-5c5704246179;371.34;0.06785;BUY
2016-02-09T01:27:25.297000;2016-02-09T01:27:25.330000;8d21dc5a-6da2-482f-87c6-95982ec37d11;371.33;0.06;BUY
2016-02-09T01:27:33.913000;2016-02-09T01:27:33.953000;03d53fbe-3808-4ce5-83ff-ae3d66c31159;371.32;0.01;SELL
2016-02-09T01:27:33.913000;2016-02-09T01:27:33.970000;59063bb5-3c2a-4cf0-ba0d-75065b7ab88d;371.27;0.01;SELL
2016-02-09T01:27:33.913000;2016-02-09T01:27:33.970000;bdd3533a-b12f-45f2-8f5c-595d5c18a906;371.27;0.17;SELL
2016-02-09T01:27:33.913000;2016-02-09T01:27:33.987000;7e71e566-b245-4020-a24f-bf084648e816;371.25;0.96;SELL
2016-02-09T01:27:33.913000;2016-02-09T01:27:33.987000;70097819-32a3-428c-90d8-2d58c47ec23d;371.24;4.574;SELL
2016-02-09T01:27:33.913000;2016-02-09T01:27:34.050000;91917211-b3e5-4d53-9cab-4228753eb326;371.24;9.41537;SELL
2016-02-09T01:27:33.913000;2016-02-09T01:27:34.050000;56897123-d6dd-4a32-a0ec-f8389ec96fe7;371.22;0.15;SELL
2016-02-09T01:27:33.913000;2016-02-09T01:27:34.050000;e369e3ce-ed5a-4232-a3bf-988618c92f48;371.21;0.01;SELL
2016-02-09T01:27:33.913000;2016-02-09T01:27:34.050000;277395cd-e14d-4983-9129-0690a462ee3d;371.2;0.01;SELL
2016-02-09T01:27:33.913000;2016-02-09T01:27:34.050000;3c234501-f674-432e-a8d2-69b2ad310f30;371.19;0.077;SELL
2016-02-09T01:27:33.913000;2016-02-09T01:27:34.050000;bdbf14b3-cbee-41a3-80a7-70a84f0162a7;371.17;0.26;SELL
2016-02-09T01:27:33.917000;2016-02-09T01:27:34.050000;e04393af-03fa-43ac-8138-2d0a09296b34;371.16;0.01;SELL
2016-02-09T01:27:33.917000;2016-02-09T01:27:34.050000;32ca4901-63e7-4405-bead-4fbec92b92a9;371.15;4.34363;SELL
2016-02-09T01:28:01.587000;2016-02-09T01:28:01.627000;d06d3e6a-6001-4758-92f0-8895fe628c26;371.26;0.48;BUY
2016-02-09T01:28:01.587000;2016-02-09T01:28:01.643000;f528f984-22b4-4ebf-bad4-58bed481c802;371.26;9e-05;BUY
2016-02-09T01:28:22.117000;2016-02-09T01:28:22.143000;a7e4ebc1-ed77-4912-b613-a63aec06189b;371.27;0.01;BUY
2016-02-09T01:28:22.117000;2016-02-09T01:28:22.173000;cedf3263-d460-4c5e-90f3-895fd586c9a9;371.27;0.01;BUY
2016-02-09T01:28:22.117000;2016-02-09T01:28:22.190000;27fd5b70-9e7c-49e4-b69a-c15893694222;371.27;0.0952;BUY
2016-02-09T01:28:22.130000;2016-02-09T01:28:22.190000;f61a487b-3eaf-45fa-883e-0ce77b079e1f;371.27;0.0748;BUY
2016-02-09T01:28:31.477000;2016-02-09T01:28:31.503000;e53fe895-74b0-49fa-95f9-b4a0b5dfea0f;371.21;0.01;SELL
2016-02-09T01:28:31.477000;2016-02-09T01:28:31.517000;84d7a85a-75ab-4abf-bb33-82472c059e8a;371.21;0.01;SELL
2016-02-09T01:28:31.477000;2016-02-09T01:28:31.517000;03a15ed6-bd9d-4e9f-9a64-e2f778dc9f69;371.19;0.01;SELL
2016-02-09T01:28:31.477000;2016-02-09T01:28:31.533000;f0aba82e-28db-4c3e-8363-fc308ab5ff1d;371.18;0.11214;SELL
2016-02-09T01:29:01.677000;2016-02-09T01:29:01.703000;8d7a8369-2293-470f-8156-e8fbc168aa7e;371.24;0.01;BUY
2016-02-09T01:29:01.677000;2016-02-09T01:29:01.720000;5b0f0232-518b-44e8-a999-089c277c9a4e;371.25;0.19;BUY
2016-02-09T01:29:01.677000;2016-02-09T01:29:01.720000;4c5a6a97-918d-4576-a109-bde3e946d8a7;371.25;0.16;BUY
2016-02-09T01:29:01.677000;2016-02-09T01:29:01.737000;4ef6c197-a86e-4931-8c57-7a95c945267c;371.27;0.64;BUY
2016-02-09T01:29:01.677000;2016-02-09T01:29:01.737000;828556ce-11e4-49ab-8bad-d5d416ad18eb;371.28;0.09292;BUY
2016-02-09T01:29:05.303000;2016-02-09T01:29:05.330000;fb51c281-17f7-4b19-9efe-e0e5bf5b3d29;371.25;0.03;BUY
2016-02-09T01:29:10.523000;2016-02-09T01:29:10.563000;ae39ffac-ad24-4e94-976d-67266d29a060;371.24;0.104;BUY
2016-02-09T01:29:10.537000;2016-02-09T01:29:10.580000;278bd9b1-704e-48da-a9f8-0ed346a4b7ad;371.24;0.0756;BUY
2016-02-09T01:29:10.550000;2016-02-09T01:29:10.580000;97fb5372-f506-4edc-834a-347eba18c213;371.24;0.06995157;BUY
2016-02-09T01:29:31.717000;2016-02-09T01:29:31.753000;4750bb22-6c0f-4a54-a9ad-111067448244;371.28;0.16;BUY
2016-02-09T01:29:31.717000;2016-02-09T01:29:31.767000;ca754164-88cc-4b6f-bf98-7691976eaef7;371.29;0.01;BUY
2016-02-09T01:29:31.717000;2016-02-09T01:29:31.767000;adfbc377-80ad-4e3a-8aa7-7b50f322106c;371.32;0.42033;BUY
2016-02-09T01:30:31.707000;2016-02-09T01:30:31.737000;3bfbfbcb-111e-4557-9c8e-fc766bed461e;371.31;0.3332;BUY
2016-02-09T01:31:02.190000;2016-02-09T01:31:02.237000;e2166c3b-72dd-4355-b513-10c872955cb2;371.37;0.01;BUY
2016-02-09T01:31:02.190000;2016-02-09T01:31:02.237000;61184690-ad15-4553-9733-d5dfe5f168e7;371.41;0.10882;BUY
2016-02-09T01:31:31.697000;2016-02-09T01:31:31.720000;ae93904c-9abe-4600-9f94-f532f0a484cb;371.36;0.90399;BUY
2016-02-09T01:32:01.637000;2016-02-09T01:32:01.657000;19b52013-5cae-45da-8b44-8606d2b6d8b7;371.35;0.02706;SELL
2016-02-09T01:32:31.677000;2016-02-09T01:32:31.690000;a4c2d0b8-15e1-403a-8a2b-501287843859;371.36;1.509;BUY
2016-02-09T01:32:31.677000;2016-02-09T01:32:31.703000;b884cb18-c6cb-4fc2-8fad-ec9f1269b1d4;371.38;1.41726;BUY
2016-02-09T01:32:41.643000;2016-02-09T01:32:41.657000;c9097b1b-aee5-42db-817a-639dcd350999;371.36;0.08;BUY
2016-02-09T01:32:41.647000;2016-02-09T01:32:41.690000;728591a0-bc58-4f15-87cf-e0c1720e3321;371.36;0.12;BUY
2016-02-09T01:32:41.677000;2016-02-09T01:32:41.703000;f0be778a-a7bb-4e33-999d-755b4ce11d08;371.36;0.01;BUY
2016-02-09T01:33:31.450000;2016-02-09T01:33:31.487000;8fedbfd4-e358-4169-8aad-b20c5989d421;371.35;0.07294;SELL
2016-02-09T01:33:31.450000;2016-02-09T01:33:31.487000;007562d3-f100-48b3-81e0-acf4f7d94197;371.33;0.04561;SELL
2016-02-09T01:34:01.680000;2016-02-09T01:34:01.690000;37c19584-64fd-4d90-9a97-03b121c1ad0a;371.37;0.34917;BUY
2016-02-09T01:34:31.620000;2016-02-09T01:34:31.643000;3107c240-c5a3-4be1-a5fa-9fb4b4c717ef;371.33;0.01163;SELL
2016-02-09T01:34:47.920000;2016-02-09T01:34:47.940000;0434054f-9dc3-406d-9156-7386216a5bd1;371.35;0.2568;BUY
2016-02-09T01:35:01.313000;2016-02-09T01:35:01.330000;4ee01418-938f-40f9-8388-6938e850fc1f;371.35;0.1104;BUY
2016-02-09T01:35:31.500000;2016-02-09T01:35:31.543000;399f18a7-5217-4d07-85a0-c2a19fae3bdc;371.34;0.1357;BUY
2016-02-09T01:36:31.507000;2016-02-09T01:36:31.560000;b4ced78b-3771-4952-a5d2-d4c47eed441e;371.34;0.14983;BUY
2016-02-09T01:37:00.947000;2016-02-09T01:37:00.983000;5d72c433-ca0b-46c4-aeac-2d3879fb7199;371.33;0.33276;SELL
2016-02-09T01:37:00.947000;2016-02-09T01:37:01.013000;c05dd3c0-14ca-41a2-877c-c910d2aec24d;371.33;0.02;SELL
2016-02-09T01:37:00.947000;2016-02-09T01:37:01.013000;8c2b1a9d-6317-4d7a-8cb9-884787641a3d;371.3;0.01;SELL
2016-02-09T01:37:00.947000;2016-02-09T01:37:01.013000;1d644323-3065-4602-b089-ec598258ecd1;371.25;0.103;SELL
2016-02-09T01:37:00.950000;2016-02-09T01:37:01.030000;082e49bb-590b-413f-946f-7bb4489a9faf;371.24;0.113;SELL
2016-02-09T01:37:00.950000;2016-02-09T01:37:01.090000;89583caf-21a7-4026-b7f0-a802c79468f0;371.23;0.21;SELL
2016-02-09T01:37:00.950000;2016-02-09T01:37:01.090000;7edd075b-f8a7-49e5-bfbf-893dfc1cc3cf;371.21;0.104;SELL
2016-02-09T01:37:00.950000;2016-02-09T01:37:01.090000;dd5911a9-6a9b-496c-b9e8-bdc6b910433a;371.18;0.126;SELL
2016-02-09T01:37:00.950000;2016-02-09T01:37:01.090000;4b746e99-11ea-42b8-ab1e-2e312b90e5cc;371.17;0.01;SELL
2016-02-09T01:37:00.950000;2016-02-09T01:37:01.090000;7ff3477b-e5bc-409c-9b46-f7687834e911;371.17;1.0;SELL
2016-02-09T01:37:00.950000;2016-02-09T01:37:01.107000;4a263728-a172-4559-85ca-4c873047e442;371.16;2.0;SELL
2016-02-09T01:37:01.317000;2016-02-09T01:37:01.357000;bb970e41-948b-40b0-b388-b9a6481ef6e7;371.16;0.1016;BUY
2016-02-09T01:37:26.380000;2016-02-09T01:37:26.420000;b7fa6063-876b-4a73-91a1-a4ab8252db3c;371.15;0.13716;SELL
2016-02-09T01:37:26.383000;2016-02-09T01:37:26.437000;e15ad137-319e-46a5-92b4-e2d5fcf0b2e7;371.12;0.222;SELL
2016-02-09T01:37:26.383000;2016-02-09T01:37:26.437000;af4a2613-c5e4-4517-8543-e6294f905905;371.11;0.673;SELL
2016-02-09T01:37:26.383000;2016-02-09T01:37:26.437000;ae4d1a71-5f93-41d5-833e-1fef6e2d60df;371.1;5.068;SELL
2016-02-09T01:37:26.383000;2016-02-09T01:37:26.450000;f1085cdf-b0d3-4e05-9261-6248a84b4ca6;371.09;3.2294;SELL
2016-02-09T01:37:26.383000;2016-02-09T01:37:26.530000;c03921ec-db66-4cfc-9d08-170787b40990;371.09;4.656;SELL
2016-02-09T01:37:26.383000;2016-02-09T01:37:26.530000;1afdd5a6-e3cf-4182-9703-bade674dd7cb;371.09;0.199;SELL
2016-02-09T01:37:26.383000;2016-02-09T01:37:26.530000;63f44557-86c9-4f7d-abe3-3f3164a4e9d4;371.08;3.81544;SELL
2016-02-09T01:37:31.493000;2016-02-09T01:37:31.530000;8bb739ff-273d-45b1-a783-6614c55c9906;371.13;0.25;BUY
2016-02-09T01:37:31.493000;2016-02-09T01:37:31.543000;81337773-e906-44ee-af6f-00bee0a37a08;371.14;0.04342;BUY
2016-02-09T01:37:48.633000;2016-02-09T01:37:48.670000;a73e5724-99ac-46d3-aa40-3930d3948285;371.1;0.01;SELL
2016-02-09T01:37:48.633000;2016-02-09T01:37:48.687000;5ef5d3d4-500e-45cd-973b-e54a6f8ef4aa;371.1;0.082;SELL
2016-02-09T01:37:48.637000;2016-02-09T01:37:48.687000;77a2b1aa-38cf-40ea-bd89-0944833cb2c4;371.08;0.29386;SELL
2016-02-09T01:37:48.637000;2016-02-09T01:37:48.687000;52f02e53-61c3-4c54-bfd6-a71fa6e60bca;371.07;0.01;SELL
2016-02-09T01:37:48.637000;2016-02-09T01:37:48.700000;3957de14-07cb-4664-b45e-7c8f5e3fffdc;371.07;2.6709022;SELL
2016-02-09T01:38:01.490000;2016-02-09T01:38:01.530000;3481b8c9-e446-449d-ad91-8f69a08db83b;371.09;0.25;BUY
2016-02-09T01:38:01.490000;2016-02-09T01:38:01.543000;4aea9941-529f-47b0-8e2c-29155964b717;371.09;0.41;BUY
2016-02-09T01:38:01.490000;2016-02-09T01:38:01.543000;f3d1c06f-1173-4352-95f9-ba211c3c6b2c;371.19;0.0912;BUY
2016-02-09T01:38:31.267000;2016-02-09T01:38:31.293000;e41e839a-c099-44c3-bcbf-6ca5479bbf79;371.09;0.01;SELL
2016-02-09T01:38:31.267000;2016-02-09T01:38:31.310000;77f07cc5-066e-4584-bf13-6a104c4363c1;371.07;0.7207978;SELL
2016-02-09T01:38:31.267000;2016-02-09T01:38:31.310000;ab984fd8-d15b-4316-90c8-29af35a2a985;371.06;1.6652422;SELL
2016-02-09T01:39:01.403000;2016-02-09T01:39:01.437000;b0a69685-b855-4fd2-9f06-0b57bdf8c761;371.06;0.69857214;SELL
2016-02-09T01:39:01.403000;2016-02-09T01:39:01.450000;9d25c968-8edb-46fb-84a5-066d04229e34;371.06;0.24;SELL
2016-02-09T01:39:01.403000;2016-02-09T01:39:01.450000;3828a92e-39ff-466f-bfd1-2344dd81bf9c;371.02;0.516;SELL
2016-02-09T01:39:01.403000;2016-02-09T01:39:01.450000;3c10f7e4-6adb-4736-89a9-91a107a4b984;371.0;1.0;SELL
2016-02-09T01:39:01.403000;2016-02-09T01:39:01.483000;f9f0e779-0afc-4c0f-99ed-7f80c6bfe00c;371.0;0.0115;SELL
2016-02-09T01:39:01.403000;2016-02-09T01:39:01.543000;a02e1cd4-7a46-4af9-9004-df0871300f3c;370.99;0.473;SELL
2016-02-09T01:39:01.403000;2016-02-09T01:39:01.543000;a317d643-a703-4019-b401-2785dc6c0ffa;370.98;0.01;SELL
2016-02-09T01:39:01.403000;2016-02-09T01:39:01.543000;f2a49d69-992b-4013-a24c-cff76d57236f;370.98;0.01;SELL
2016-02-09T01:39:01.407000;2016-02-09T01:39:01.543000;7f64fc1e-d1f9-4dec-a07e-a59ced6e8d8a;370.97;2.36381434;SELL
2016-02-09T01:39:01.407000;2016-02-09T01:39:01.543000;263b42fb-9454-4fc9-aa9f-75e742a7de45;370.96;3.31173352;SELL
2016-02-09T01:39:31.410000;2016-02-09T01:39:31.450000;46f2a677-3b53-4c3a-9fe8-bb431c0dc7f0;370.95;0.01;SELL
2016-02-09T01:39:31.410000;2016-02-09T01:39:31.450000;e70d8ada-4d99-4475-963e-622d1c1873ae;370.95;0.11;SELL
2016-02-09T01:39:31.410000;2016-02-09T01:39:31.467000;928b3faf-22a6-48d5-bd38-f0bd647dc1f2;370.93;0.02;SELL
2016-02-09T01:39:31.410000;2016-02-09T01:39:31.467000;9d19e7b6-32a2-4f50-af6a-8299641d43fa;370.92;0.01;SELL
2016-02-09T01:39:31.410000;2016-02-09T01:39:31.530000;86ee195f-5c3b-4a19-969b-c3a5092388db;370.92;0.094;SELL
2016-02-09T01:39:31.410000;2016-02-09T01:39:31.530000;8efde7f4-62ef-4d1f-b837-5f804a14d650;370.91;0.1611;SELL
2016-02-09T01:39:53.137000;2016-02-09T01:39:53.170000;0a0a9899-b344-4806-b2c8-19d43fd90def;370.94;0.25;BUY
2016-02-09T01:39:53.137000;2016-02-09T01:39:53.187000;51fb6fdb-79bd-489a-8597-3caaff74fca4;370.94;0.02;BUY
2016-02-09T01:39:53.140000;2016-02-09T01:39:53.187000;72a9ece8-1b8e-4f86-bda7-8d457a88b1e3;371.0;0.03;BUY
2016-02-09T01:40:01.337000;2016-02-09T01:40:01.373000;99aeee54-41c8-4304-88df-d51e99cce392;370.9;0.19815;SELL
2016-02-09T01:40:31.060000;2016-02-09T01:40:31.090000;2d1ab396-3cb3-47cc-97a0-eaa2be9a24b5;370.91;0.25;BUY
2016-02-09T01:40:31.060000;2016-02-09T01:40:31.107000;ade505f0-65a5-4e00-89df-5a3ed0b29168;371.0;5.46766;BUY
2016-02-09T01:41:01.390000;2016-02-09T01:41:01.420000;fd34c07e-ab08-4acb-a090-7e059e0cca4c;370.97;0.25;BUY
2016-02-09T01:41:01.390000;2016-02-09T01:41:01.437000;0c04f037-fc32-41b0-8ab2-e61ce15d150d;371.0;0.01929;BUY
2016-02-09T01:41:31.387000;2016-02-09T01:41:31.403000;3db8bbf4-65e0-4f14-a36c-dbd1d4e6cffc;371.0;0.42899;SELL
2016-02-09T01:41:39.350000;2016-02-09T01:41:39.387000;3dcbb56e-ab8b-4ce3-b8a1-2031418902f3;371.01;0.01;BUY
2016-02-09T01:41:58.953000;2016-02-09T01:41:58.983000;747fbb3e-2e41-41af-b83c-3ae4354c2d78;371.1;0.01;BUY
2016-02-09T01:41:58.953000;2016-02-09T01:41:58.997000;bef10f5d-831d-4304-bcac-4f386e638490;371.1;0.01;BUY
2016-02-09T01:41:59.917000;2016-02-09T01:41:59.950000;8c155a14-83d1-444f-8130-c26216cd6f17;371.16;0.01;BUY
2016-02-09T01:42:00.203000;2016-02-09T01:42:00.263000;a3ff3d38-3b12-461b-bffc-42d6e2d1aa97;371.25;0.01;BUY
2016-02-09T01:42:00.203000;2016-02-09T01:42:00.263000;9d396875-6d45-4132-830e-fdb473dafce0;371.28;0.01;BUY
2016-02-09T01:42:00.490000;2016-02-09T01:42:00.530000;0e9b4647-1e12-4115-8353-c709df15116b;371.33;0.52417194;BUY
2016-02-09T01:42:01.467000;2016-02-09T01:42:01.497000;41f0918a-4852-41d3-95da-2e5862ad2842;371.33;0.52417194;BUY
2016-02-09T01:42:32.437000;2016-02-09T01:42:32.467000;cb31364c-8bb1-4a4d-b33c-703c4ed1d1e2;371.49;0.01;BUY
2016-02-09T01:42:32.437000;2016-02-09T01:42:32.467000;9a0973f0-41c2-485f-acbe-42240569f901;371.5;0.01;BUY
2016-02-09T01:42:32.437000;2016-02-09T01:42:32.497000;255cc80a-9862-4835-9bc9-2c46518598fb;371.5;0.01;BUY
2016-02-09T01:42:32.437000;2016-02-09T01:42:32.497000;6bb3b96b-b05b-421e-95d9-a6d244782ad7;371.5;0.01;BUY
2016-02-09T01:42:32.437000;2016-02-09T01:42:32.497000;a90a1bc9-1c67-493e-a32e-503d2fc2a2e7;371.52;0.01;BUY
2016-02-09T01:42:32.437000;2016-02-09T01:42:32.497000;a9219382-a553-4517-a049-406f6fa4332f;371.54;0.01;BUY
2016-02-09T01:42:32.440000;2016-02-09T01:42:32.497000;6d8256f3-179a-4961-b333-b0f567cde235;371.56;0.01;BUY
2016-02-09T01:42:32.440000;2016-02-09T01:42:32.497000;c7bb97d5-8ee2-4032-a8ee-b9add65902c7;371.58;0.01;BUY
2016-02-09T01:42:32.440000;2016-02-09T01:42:32.513000;27e5d905-1b9c-4cec-80b0-3aa66a781629;371.6;0.01;BUY
2016-02-09T01:42:32.440000;2016-02-09T01:42:32.513000;d37386a0-7ab7-4774-b985-fe99acfb8c34;371.62;0.01;BUY
2016-02-09T01:42:32.440000;2016-02-09T01:42:32.513000;dd4875df-3842-4809-8bd2-f2f215610d5c;371.62;0.01;BUY
2016-02-09T01:42:32.440000;2016-02-09T01:42:32.513000;782f07fe-5137-4c37-b075-437dae3bef37;371.62;0.081;BUY
2016-02-09T01:42:32.440000;2016-02-09T01:42:32.513000;f8d17148-9a93-4a2d-871c-762eea73ea74;371.63;0.091;BUY
2016-02-09T01:42:32.440000;2016-02-09T01:42:32.530000;3ae22837-0c1c-4128-af4a-1d6ad5964778;371.66;0.078;BUY
2016-02-09T01:42:32.440000;2016-02-09T01:42:32.530000;9cc5acd4-4566-415c-9eda-f17c90ecb148;371.68;0.01;BUY
2016-02-09T01:42:32.440000;2016-02-09T01:42:32.530000;154b7dc0-723f-4727-8f0f-ecaaaa12b417;371.68;0.01;BUY
2016-02-09T01:42:32.440000;2016-02-09T01:42:32.530000;ed6d5f20-29fd-4c2f-8131-5c1f09822a94;371.69;0.103;BUY
2016-02-09T01:42:32.440000;2016-02-09T01:42:32.530000;1302d8a6-2fa1-4dbf-bf9d-7182bc107e31;371.72;0.099;BUY
2016-02-09T01:42:32.440000;2016-02-09T01:42:32.530000;9fa73517-5104-46c9-9225-176e57ce7e99;371.74;0.01;BUY
2016-02-09T01:42:32.440000;2016-02-09T01:42:32.530000;32202aa2-60a5-4067-9786-2ff847fe022b;371.75;0.01;BUY
2016-02-09T01:42:32.440000;2016-02-09T01:42:32.530000;689df1d2-0e86-4c5f-8c06-115a21169ad5;371.75;0.104;BUY
2016-02-09T01:42:32.440000;2016-02-09T01:42:32.530000;3bd2d920-4b97-4870-b91b-dcadaf597518;371.77;0.01;BUY
2016-02-09T01:42:32.440000;2016-02-09T01:42:32.543000;4b214045-c229-474a-8da3-87a27abe734b;371.78;0.00487;BUY
2016-02-09T01:43:01.530000;2016-02-09T01:43:01.560000;5033180f-dc37-4920-b18f-31a9e9de21e6;371.66;0.01;BUY
2016-02-09T01:43:01.530000;2016-02-09T01:43:01.577000;b6f3262f-184d-46bb-9ab2-a7ad77d6521e;371.66;0.01;BUY
2016-02-09T01:43:01.533000;2016-02-09T01:43:01.577000;0ef6b2a4-5fad-4646-af86-f96d25ad8e54;371.68;0.01;BUY
2016-02-09T01:43:01.533000;2016-02-09T01:43:01.577000;d4772a09-20b4-4b5b-86ad-e4253ab6e35a;371.68;0.01;BUY
2016-02-09T01:43:01.533000;2016-02-09T01:43:01.590000;f7f5688a-735d-4906-a056-0d95f9adcc2c;371.7;0.01;BUY
2016-02-09T01:43:01.533000;2016-02-09T01:43:01.653000;4a21207c-2da1-498f-b5f9-44a2e2418207;371.71;0.0049;BUY
2016-02-09T01:43:31.763000;2016-02-09T01:43:31.780000;894f490e-03ee-40ea-9baf-408a29e349dc;371.72;0.01;BUY
2016-02-09T01:43:31.763000;2016-02-09T01:43:31.810000;ce3c040f-6de6-47ef-8d2c-8b8bafa4ad34;371.72;0.09;BUY
2016-02-09T01:43:31.763000;2016-02-09T01:43:31.810000;616dfb3c-b03f-4647-991b-58f4c7eefe0d;371.74;0.01;BUY
2016-02-09T01:43:31.763000;2016-02-09T01:43:31.810000;20628bd1-44fa-476d-9921-edb71af7007f;371.74;0.01;BUY
2016-02-09T01:43:31.763000;2016-02-09T01:43:31.827000;0bd03e35-73c7-483b-8220-0438c05cfe45;371.75;0.102;BUY
2016-02-09T01:43:31.763000;2016-02-09T01:43:31.890000;fa00c84c-92dd-4b2e-baac-352df0d801d1;371.76;0.01;BUY
2016-02-09T01:43:31.763000;2016-02-09T01:43:31.890000;7cee4bc0-0ce6-45bf-8b3d-35b109904a55;371.78;0.073;BUY
2016-02-09T01:43:31.763000;2016-02-09T01:43:31.890000;2b8635ea-8d42-46ab-949c-d279fee3071b;371.79;0.01;BUY
2016-02-09T01:43:31.763000;2016-02-09T01:43:31.890000;1824286a-d530-421f-96b0-55dcee972195;371.8;0.02688;BUY
2016-02-09T01:43:31.763000;2016-02-09T01:43:31.890000;0b274723-2ba8-4760-a04d-7af7338eb901;371.81;0.083;BUY
2016-02-09T01:43:31.763000;2016-02-09T01:43:31.890000;0909b46f-61dc-42a0-9060-9c79cb91a0b0;371.82;0.01;BUY
2016-02-09T01:43:31.763000;2016-02-09T01:43:31.890000;08b0e0ab-5cd6-4ae7-b375-7e4d290908fd;371.82;0.01;BUY
2016-02-09T01:43:31.763000;2016-02-09T01:43:31.890000;1ed424fa-5b1d-46ad-b9ee-c3b10136b6ee;371.84;0.01;BUY
2016-02-09T01:43:31.767000;2016-02-09T01:43:31.890000;b00a242b-21fe-4ebf-b251-e000bfbb4078;371.84;0.02633;BUY
2016-02-09T01:43:37.080000;2016-02-09T01:43:37.107000;48c40429-5dd0-4729-850f-061ca10c5f6a;371.8;9.35597;SELL
2016-02-09T01:43:37.080000;2016-02-09T01:43:37.107000;72ef0a86-60f0-4b63-a65d-084cd4731929;371.79;8.96;SELL
2016-02-09T01:43:37.080000;2016-02-09T01:43:37.107000;e1a9f936-bc6e-4ed2-b6a3-28fea923c2b2;371.78;0.01;SELL
2016-02-09T01:43:37.080000;2016-02-09T01:43:37.123000;1241c956-cb36-4ea1-8b0b-8f1197eb052f;371.74;0.67403;SELL
2016-02-09T01:44:01.490000;2016-02-09T01:44:01.513000;5158bc22-1007-43fd-b5cb-6278cd22ce21;371.84;0.01;BUY
2016-02-09T01:44:01.490000;2016-02-09T01:44:01.530000;58c5be14-4e2e-4b71-9d70-587e1b2544cf;371.84;0.10915;BUY
2016-02-09T01:44:31.377000;2016-02-09T01:44:31.390000;443d960f-01ee-4f67-b506-9ac45bf8d363;371.83;0.25;BUY
2016-02-09T01:44:31.377000;2016-02-09T01:44:31.403000;683d75bd-86e7-4666-aae3-e22855387a7d;371.83;0.127;BUY
2016-02-09T01:44:31.377000;2016-02-09T01:44:31.403000;203d9c72-5aed-47e6-ac3f-7687116792fb;371.84;0.01;BUY
2016-02-09T01:44:31.377000;2016-02-09T01:44:31.437000;d2250efa-7203-4f89-b4e0-7487592f3ed8;371.84;0.101;BUY
