time_exchange;time_coinpai;guid;price;base_amount;taker_side
2016-03-14T00:00:01.543000;2016-03-14T00:00:01.560000;24f0ec15-2d78-4a69-ad58-203fca242625;412.51;0.25;BUY
2016-03-14T00:00:01.543000;2016-03-14T00:00:01.560000;7d67743d-75d2-4166-b589-9e100617a456;412.51;0.241;BUY
2016-03-14T00:00:01.543000;2016-03-14T00:00:01.577000;da69110c-9ab9-48f5-809c-d84d5bd4f540;412.51;0.241;BUY
2016-03-14T00:00:01.543000;2016-03-14T00:00:01.577000;af3a6d38-fbea-48f9-848e-13e7f0d076f6;412.51;0.241;BUY
2016-03-14T00:00:01.543000;2016-03-14T00:00:01.577000;ec35d597-450c-44ae-b7e4-3445537b40ba;412.51;0.241;BUY
2016-03-14T00:00:01.543000;2016-03-14T00:00:01.607000;452aaca1-cf01-4a3e-a949-b9c63b2334f2;412.51;0.212386;BUY
2016-03-14T00:00:01.543000;2016-03-14T00:00:01.607000;3186aa22-7b39-46f5-8e15-f4dfde4a3523;412.51;0.143533;BUY
2016-03-14T00:00:01.543000;2016-03-14T00:00:01.607000;603db9b2-8fb4-49cf-8789-3af673622659;412.51;0.241;BUY
2016-03-14T00:00:01.543000;2016-03-14T00:00:01.607000;93562fed-3a88-477f-91b2-04578eadbc0a;412.51;0.241;BUY
2016-03-14T00:00:01.543000;2016-03-14T00:00:01.607000;cb77d726-f9b4-46c3-954f-fb64addd44a9;412.51;0.241;BUY
2016-03-14T00:00:01.543000;2016-03-14T00:00:01.607000;87371995-cd11-4e3f-bf58-2ebfc2478d49;412.55;0.01;BUY
2016-03-14T00:00:01.543000;2016-03-14T00:00:01.607000;6fffcfc0-428e-4038-9690-31c1ee6d778b;412.56;0.467;BUY
2016-03-14T00:00:01.547000;2016-03-14T00:00:01.623000;dc3e3249-e3e8-4f03-887c-bb572a6068b2;412.62;0.25;BUY
2016-03-14T00:00:01.547000;2016-03-14T00:00:01.623000;6192f999-018c-442e-8e80-177b734206cf;412.62;0.17;BUY
2016-03-14T00:00:01.547000;2016-03-14T00:00:01.623000;be706944-ea40-457e-8247-d40db1cbf8ae;412.65;0.002191;BUY
2016-03-14T00:00:44.877000;2016-03-14T00:00:44.887000;c33f5923-f67a-4ada-9f9e-9e8f297e2082;412.67;0.02;BUY
2016-03-14T00:01:01.160000;2016-03-14T00:01:01.170000;a6e2ad0b-74f5-4aee-83a5-50ab18922617;412.67;0.26;BUY
2016-03-14T00:01:01.160000;2016-03-14T00:01:01.200000;8b65b3df-4feb-4c13-b6a4-831db2756b4c;412.68;0.01;BUY
2016-03-14T00:01:01.160000;2016-03-14T00:01:01.200000;ec4f06de-e01a-4886-b6a7-229018f568d0;412.68;0.26;BUY
2016-03-14T00:01:01.160000;2016-03-14T00:01:01.200000;c9b0c134-c0e3-4d78-b1a9-e381daf105d8;412.69;0.25;BUY
2016-03-14T00:01:01.160000;2016-03-14T00:01:01.200000;41337217-b6fc-4b05-b44d-79a6fda48223;412.69;0.25;BUY
2016-03-14T00:01:01.160000;2016-03-14T00:01:01.200000;bfb22d55-6c98-4358-9755-85083ae5049e;412.7;0.25;BUY
2016-03-14T00:01:01.160000;2016-03-14T00:01:01.217000;c9ee32ee-cc65-4744-b930-615932f088a3;412.7;0.52;BUY
2016-03-14T00:01:01.160000;2016-03-14T00:01:01.217000;101f80c5-d02d-4b15-a2b8-6209a4f2ce50;412.71;0.67133;BUY
2016-03-14T00:01:32.253000;2016-03-14T00:01:32.280000;d6c4a4af-8857-4085-a191-c88f2e220ff7;412.66;0.05;BUY
2016-03-14T00:01:32.253000;2016-03-14T00:01:32.293000;9412f369-a473-4540-ab36-d5cdad8be5f7;412.66;1.03372;BUY
2016-03-14T00:02:01.180000;2016-03-14T00:02:01.187000;964e9767-b801-4588-b259-c8d6bd2b85d6;412.61;0.25;BUY
2016-03-14T00:02:01.180000;2016-03-14T00:02:01.217000;932cc81b-128b-44c9-8b49-81329f582c3b;412.61;0.23468;BUY
2016-03-14T00:02:31.193000;2016-03-14T00:02:31.187000;731262e0-c631-4b22-9c4d-31f11d50c5a2;412.54;0.05843;SELL
2016-03-14T00:03:01.003000;2016-03-14T00:03:00.997000;f39310e2-a96e-4bca-a07e-29e4821ce908;412.5;0.04479;SELL
2016-03-14T00:03:01.003000;2016-03-14T00:03:01.030000;809f08ad-ac86-4164-960c-9e396739949c;412.5;0.38979;SELL
2016-03-14T00:03:21.853000;2016-03-14T00:03:21.857000;288072cc-799e-4eea-84e0-7e6790612413;412.52;0.12;SELL
2016-03-14T00:03:48.853000;2016-03-14T00:03:48.857000;5e6a7184-9b38-4180-8f7c-5c50801c7c2e;412.62;0.25;BUY
2016-03-14T00:03:48.853000;2016-03-14T00:03:48.873000;2c10b5ae-d88d-4ae5-a134-21f7faa5d5ea;412.69;0.09;BUY
2016-03-14T00:04:02.587000;2016-03-14T00:04:02.577000;f379c8f4-4ebc-42da-b193-91dafc1b92aa;412.55;0.5;SELL
2016-03-14T00:04:02.587000;2016-03-14T00:04:02.607000;b463ddd0-f1a7-4a02-a5d3-972d3bc49650;412.55;0.05;SELL
2016-03-14T00:04:02.587000;2016-03-14T00:04:02.607000;77589e3e-e22d-4d72-82b7-3a7f1603abfc;412.55;0.354;SELL
2016-03-14T00:04:02.587000;2016-03-14T00:04:02.623000;f44d88ce-5345-45b6-a0c0-1dc5585c1758;412.54;3.41125;SELL
2016-03-14T00:04:31.760000;2016-03-14T00:04:31.827000;106b5586-f8cb-4dfb-9306-0cca08879e0b;412.55;0.33064;SELL
2016-03-14T00:05:01.363000;2016-03-14T00:05:01.407000;c52cc85a-a3b3-4cfa-a8c7-e720b05fe411;412.63;0.12796;BUY
2016-03-14T00:05:06.537000;2016-03-14T00:05:06.593000;a95835f4-316f-4754-bf19-5d07cd6a21c4;412.63;0.12204;BUY
2016-03-14T00:05:06.537000;2016-03-14T00:05:06.610000;8bc0fc34-ac9a-4090-8682-dfcf9783261e;412.63;0.21;BUY
2016-03-14T00:05:06.537000;2016-03-14T00:05:06.610000;04d6b6c2-52cc-4897-a58a-362f495477fa;412.63;0.04;BUY
2016-03-14T00:05:06.537000;2016-03-14T00:05:06.610000;8358c5c6-ca7e-4a18-bb08-92cde06c1182;412.63;0.03;BUY
2016-03-14T00:05:06.537000;2016-03-14T00:05:06.610000;c3e08cb8-dbbe-46e2-948e-5f6f1854d853;412.64;0.241;BUY
2016-03-14T00:05:06.537000;2016-03-14T00:05:06.610000;61102f33-70bb-4097-8a14-a2d7f1f1f7d1;412.64;0.241;BUY
2016-03-14T00:05:06.537000;2016-03-14T00:05:06.610000;7b0dc664-7019-448e-8e6d-3616a1cf7d60;412.64;0.241;BUY
2016-03-14T00:05:06.537000;2016-03-14T00:05:06.623000;134fd337-4990-4bc4-ba18-0456dbff6bc6;412.64;0.241;BUY
2016-03-14T00:05:06.537000;2016-03-14T00:05:06.623000;c6d69bce-3f59-46bb-9b88-8a45fa648e5e;412.64;0.241;BUY
2016-03-14T00:05:06.537000;2016-03-14T00:05:06.623000;b6ccf063-676f-4aa9-919c-fa79be88805d;412.64;0.241;BUY
2016-03-14T00:05:06.537000;2016-03-14T00:05:06.640000;533629c2-a7d4-4de9-9e68-47e5019fa670;412.64;0.441;BUY
2016-03-14T00:05:06.537000;2016-03-14T00:05:06.640000;14a8ceb5-32d0-49b1-a315-db734b3c4c82;412.64;0.24071;BUY
2016-03-14T00:05:31.517000;2016-03-14T00:05:31.577000;3731d4d4-bf52-4e4b-a479-5a804c7f9201;412.52;0.25;SELL
2016-03-14T00:05:31.520000;2016-03-14T00:05:31.593000;22a67c81-27e5-4116-b733-9208d1f1fdf5;412.5;0.27477473;SELL
2016-03-14T00:05:31.520000;2016-03-14T00:05:31.593000;27aa27c6-c150-4463-b317-cc9133f97144;412.5;0.0115;SELL
2016-03-14T00:05:31.520000;2016-03-14T00:05:31.593000;5acdd79f-e515-4516-a35a-55113122b025;412.49;0.25;SELL
2016-03-14T00:05:31.520000;2016-03-14T00:05:31.593000;c59824be-72df-4b46-a695-9843e29aebff;412.48;0.01;SELL
2016-03-14T00:05:31.520000;2016-03-14T00:05:31.593000;5238b322-7228-47be-ae48-63e1569076d1;412.46;0.25;SELL
2016-03-14T00:05:31.520000;2016-03-14T00:05:31.593000;dc2713a1-444c-485e-8cad-1089c21f29a6;412.45;0.02;SELL
2016-03-14T00:05:31.520000;2016-03-14T00:05:31.593000;2f3aa57b-39f0-4380-a8a0-1743668c60c7;412.45;0.25;SELL
2016-03-14T00:05:31.520000;2016-03-14T00:05:31.610000;a77e4863-f8b9-4b3e-8503-228a6063c66a;412.45;0.25;SELL
2016-03-14T00:05:31.520000;2016-03-14T00:05:31.610000;ef16f21a-51a9-4e69-b2b4-32d025293da4;412.41;0.20826527;SELL
2016-03-14T00:05:44.907000;2016-03-14T00:05:44.953000;049e5ef6-0344-4f50-bc77-bd9cd35cf2a5;412.42;0.25;BUY
2016-03-14T00:05:44.910000;2016-03-14T00:05:44.970000;a67b72e5-bcf2-4460-b02a-ee8de59c56f3;412.42;0.05;BUY
2016-03-14T00:05:44.910000;2016-03-14T00:05:44.970000;3a4fe1d2-5d31-4f75-980d-1b63578dae91;412.45;0.03;BUY
2016-03-14T00:05:57.480000;2016-03-14T00:05:57.517000;86864bd3-3ffa-449d-b019-3c3e2c0b9b72;412.41;0.02;SELL
2016-03-14T00:06:01.223000;2016-03-14T00:06:01.267000;7d356f94-4d51-4927-9218-ba5ad5241928;412.39;0.07941;BUY
2016-03-14T00:06:17.397000;2016-03-14T00:06:17.437000;90143199-62e2-4f4a-9596-d8a1ecdf7ef7;412.38;0.25;SELL
2016-03-14T00:06:17.397000;2016-03-14T00:06:17.453000;2359876f-c9ce-4f32-8258-6a9dd65dcd97;412.37;0.02;SELL
2016-03-14T00:06:31.257000;2016-03-14T00:06:31.297000;4e2720d7-aaea-4f7a-bede-b6aa8b8627c5;412.33;0.02;SELL
2016-03-14T00:06:31.257000;2016-03-14T00:06:31.313000;4514de9f-8e54-4f32-a23e-8e27c6197a59;412.27;0.01;SELL
2016-03-14T00:06:31.257000;2016-03-14T00:06:31.327000;f2259a7c-bb71-44d4-bd9f-12684240e602;412.25;0.1;SELL
2016-03-14T00:06:31.257000;2016-03-14T00:06:31.327000;d99f615d-c36c-4fb6-990a-4befada76ba5;412.25;0.134;SELL
2016-03-14T00:06:31.257000;2016-03-14T00:06:31.327000;339fc88a-a543-47ec-979b-5e72285080bb;412.25;0.09766;SELL
2016-03-14T00:06:35.250000;2016-03-14T00:06:35.297000;b0ce4dcd-96bb-49ef-81a7-cde12b641d82;412.29;0.02;SELL
2016-03-14T00:06:35.250000;2016-03-14T00:06:35.327000;5082b356-95af-4ea4-b81e-e13dd0b26fd2;412.26;0.01;SELL
2016-03-14T00:06:35.250000;2016-03-14T00:06:35.343000;44de1e48-2070-4233-8a2e-7b3117ffa171;412.25;0.00234;SELL
2016-03-14T00:06:35.250000;2016-03-14T00:06:35.343000;7fea52b9-981e-443f-8247-02f27bb3ca25;412.25;0.24523405;SELL
2016-03-14T00:06:35.250000;2016-03-14T00:06:35.343000;c820bede-7fa3-44f8-a1dc-af89a5e29c71;412.25;0.03465482;SELL
2016-03-14T00:06:35.250000;2016-03-14T00:06:35.343000;c68364e9-072d-46b0-8452-e3e88cef3f50;412.25;0.02243534;SELL
2016-03-14T00:06:35.250000;2016-03-14T00:06:35.343000;2b88b497-74a9-4e13-a9e4-62c681271648;412.25;0.10724397;SELL
2016-03-14T00:06:35.250000;2016-03-14T00:06:35.360000;da662896-a7c4-4dd7-9573-083aafdc9dae;412.25;0.03182506;SELL
2016-03-14T00:06:35.250000;2016-03-14T00:06:35.360000;417059d5-098f-49c2-90eb-00cfe1169dd4;412.25;0.10240987;SELL
2016-03-14T00:06:35.250000;2016-03-14T00:06:35.360000;40870517-875f-445b-baef-e7b6879c4c37;412.25;0.01266181;SELL
2016-03-14T00:06:35.250000;2016-03-14T00:06:35.360000;2f3f6bb7-1e65-445f-9938-efe3c4ff98cf;412.25;0.01245983;SELL
2016-03-14T00:06:35.250000;2016-03-14T00:06:35.360000;c2121fca-d037-4852-93e0-6480f17700a4;412.25;0.03502785;SELL
2016-03-14T00:06:35.250000;2016-03-14T00:06:35.373000;a905a0b6-cecd-4339-9889-536d2999ebb4;412.25;0.01992011;SELL
2016-03-14T00:06:35.250000;2016-03-14T00:06:35.373000;5adf5735-e60e-4abf-b30d-2b293ae9ec83;412.25;0.08567604;SELL
2016-03-14T00:06:35.253000;2016-03-14T00:06:35.373000;bdcd3720-fe30-478e-b821-043c08e2af24;412.25;0.03942657;SELL
2016-03-14T00:06:35.253000;2016-03-14T00:06:35.373000;d40dd680-530e-4776-bb65-88d1729183a7;412.25;0.02022992;SELL
2016-03-14T00:06:35.253000;2016-03-14T00:06:35.373000;f07fb02f-ec90-4b1e-9bd0-b0007f5f32c3;412.25;0.01330094;SELL
2016-03-14T00:06:35.253000;2016-03-14T00:06:35.373000;75b9a6bf-eaf1-465a-912f-f7f15e850c99;412.25;0.04888198;SELL
2016-03-14T00:06:35.253000;2016-03-14T00:06:35.373000;3a93817f-c66d-466a-af87-1a434eacd081;412.25;0.02996623;SELL
2016-03-14T00:06:35.253000;2016-03-14T00:06:35.373000;2872b914-67c8-4963-a03e-1b31059b9ff1;412.25;0.06882543;SELL
2016-03-14T00:06:35.253000;2016-03-14T00:06:35.373000;89648285-b067-41e4-803d-dec3b1601841;412.25;0.03256903;SELL
2016-03-14T00:06:35.253000;2016-03-14T00:06:35.373000;5d918610-de44-4b61-898b-6c449498100a;412.24;0.25;SELL
2016-03-14T00:06:35.253000;2016-03-14T00:06:35.390000;256e873b-cea3-4a6a-b1a0-d211003b47ab;412.24;0.03173629;SELL
2016-03-14T00:06:35.253000;2016-03-14T00:06:35.390000;f6518a44-79c1-4f25-923b-2541c1bf3184;412.23;0.01;SELL
2016-03-14T00:06:35.253000;2016-03-14T00:06:35.390000;6b694472-f5b4-4ec8-9af2-6061ae9d3ec9;412.23;0.80707486;SELL
2016-03-14T00:07:01.697000;2016-03-14T00:07:01.750000;1dbbba6e-2fdf-444e-bdcb-90235ab1c895;412.43;0.12177;BUY
2016-03-14T00:07:31.780000;2016-03-14T00:07:31.827000;0ab0556c-1644-4c46-8893-26aededecaf5;412.41;0.12003;BUY
2016-03-14T00:08:01.557000;2016-03-14T00:08:01.610000;684af449-df1c-4a71-9385-ae32bc46146c;412.43;2.08;BUY
2016-03-14T00:08:01.557000;2016-03-14T00:08:01.610000;b44eb102-c102-4d5c-9382-46c852ea53c9;412.44;0.01;BUY
2016-03-14T00:08:01.557000;2016-03-14T00:08:01.610000;1da8a6ab-baa7-4819-a3ce-4e382bd52be1;412.44;0.61087;BUY
2016-03-14T00:08:18.047000;2016-03-14T00:08:18.093000;d15da2d5-fa82-4e49-ae16-c83219078be4;412.34;0.01;BUY
2016-03-14T00:09:01.340000;2016-03-14T00:09:01.390000;98aa9c29-1401-4e4d-833e-1db62fd42a65;412.34;0.2388;BUY
2016-03-14T00:09:01.340000;2016-03-14T00:09:01.390000;e22729c7-04a9-462c-b04a-1c17201b61d8;412.46;0.25;BUY
2016-03-14T00:09:01.340000;2016-03-14T00:09:01.407000;3dec82d2-3101-44fd-aad5-d501e7562b78;412.5;0.01;BUY
2016-03-14T00:09:01.340000;2016-03-14T00:09:01.407000;3358d494-4f51-4a5c-84f6-17b0a61a17e5;412.5;0.01;BUY
2016-03-14T00:09:01.340000;2016-03-14T00:09:01.407000;0c2d29f1-9d04-44e3-aac6-cfa899514256;412.54;0.2;BUY
2016-03-14T00:09:01.340000;2016-03-14T00:09:01.407000;920dc824-e0f8-4ca1-9013-1cf598380225;412.56;0.141;BUY
2016-03-14T00:09:01.340000;2016-03-14T00:09:01.407000;6ddc5d7e-5c39-494b-a4d1-8477af06c6c9;412.57;0.05;BUY
2016-03-14T00:09:01.340000;2016-03-14T00:09:01.437000;9940cd9e-e6b3-454d-bb70-ddff2ff2a006;412.61;0.11;BUY
2016-03-14T00:09:01.340000;2016-03-14T00:09:01.470000;016e89b1-7d3a-4888-b254-5c3ccf1c5bff;412.7;0.9711;BUY
2016-03-14T00:09:28.880000;2016-03-14T00:09:28.923000;a774cb18-58c3-4539-b342-ae69e01403be;412.71;0.01;BUY
2016-03-14T00:09:31.440000;2016-03-14T00:09:31.470000;3ac5f6d1-0a0e-449e-811a-0a50528ad60d;412.72;0.25;BUY
2016-03-14T00:09:31.443000;2016-03-14T00:09:31.483000;7cf0ec84-7b46-4094-a0c6-63bd68630476;412.73;0.25;BUY
2016-03-14T00:09:31.443000;2016-03-14T00:09:31.517000;ff57b8f3-fd65-4a97-be7f-3f714f4f4392;412.74;0.01;BUY
2016-03-14T00:09:31.443000;2016-03-14T00:09:31.517000;d6f62333-0347-41ec-82f8-cb4a3c092cd9;412.74;0.01;BUY
2016-03-14T00:09:31.443000;2016-03-14T00:09:31.517000;6652d02b-89d4-4e9b-9214-771725c028eb;412.75;0.01;BUY
2016-03-14T00:09:31.443000;2016-03-14T00:09:31.563000;3bb19130-8ab4-4115-9594-f600c557e39a;412.76;0.25;BUY
2016-03-14T00:09:31.443000;2016-03-14T00:09:31.577000;31eee81f-684c-495d-a72c-26e29f47f630;412.78;0.0025;BUY
2016-03-14T00:10:01.970000;2016-03-14T00:10:02.000000;6d7ac631-d342-4828-9f48-d491c8854525;412.59;0.346;SELL
2016-03-14T00:10:01.970000;2016-03-14T00:10:02.000000;62df2ce2-dc40-43f3-bee0-8361f0ef0f25;412.57;0.26624;SELL
2016-03-14T00:10:31.547000;2016-03-14T00:10:31.593000;02270302-1a07-41ac-838e-39c8e9274e43;412.59;0.24455;BUY
2016-03-14T00:10:32.793000;2016-03-14T00:10:32.827000;53c07c9d-cb50-4997-b9e4-f01472647914;412.56;0.01;SELL
2016-03-14T00:10:32.793000;2016-03-14T00:10:32.827000;ab7cba6b-3866-4792-800e-d2500f1cef6f;412.55;0.01;SELL
2016-03-14T00:10:43.183000;2016-03-14T00:10:43.233000;44dd7113-5c49-4e0c-8af9-29b0c6f6c123;412.48;0.01;BUY
2016-03-14T00:11:01.260000;2016-03-14T00:11:01.313000;9ac19ce7-1cde-41c5-a3bf-338c0ced1ee8;412.51;0.02021;BUY
2016-03-14T00:11:31.433000;2016-03-14T00:11:31.470000;e1392666-feba-4ba5-8427-52019778bc2a;412.4;0.25;SELL
2016-03-14T00:11:31.433000;2016-03-14T00:11:31.483000;1304bc50-9814-4f16-9e67-7eac3380579f;412.39;0.25;SELL
2016-03-14T00:11:31.437000;2016-03-14T00:11:31.483000;d7841170-3980-41ce-b9c1-4fd98078bf11;412.38;0.112;SELL
2016-03-14T00:11:31.437000;2016-03-14T00:11:31.483000;5b685e69-d0d4-4dc9-8dd5-763aeb1a221f;412.33;0.127;SELL
2016-03-14T00:11:31.437000;2016-03-14T00:11:31.500000;201b1959-9352-434a-88ec-b13b61870aa9;412.31;0.01;SELL
2016-03-14T00:11:31.437000;2016-03-14T00:11:31.500000;b6c0ccdb-408a-465d-a245-9a95a879af21;412.29;0.02;SELL
2016-03-14T00:11:31.437000;2016-03-14T00:11:31.500000;29bd46ae-0ba2-4f57-8a46-fd133d03e370;412.29;0.11651;SELL
2016-03-14T00:12:01.247000;2016-03-14T00:12:01.267000;7b5ebdc1-ae19-4213-be48-b6a7711ae4e4;412.53;0.0266;BUY
2016-03-14T00:13:05.600000;2016-03-14T00:13:05.623000;61202b4a-2177-414f-93e6-803bc8e9d271;412.51;0.35;BUY
2016-03-14T00:13:05.643000;2016-03-14T00:13:05.673000;ee9b002c-91b9-4dd1-9c58-7a79bea8fed6;412.51;0.2148282;BUY
2016-03-14T00:13:31.387000;2016-03-14T00:13:31.423000;ff3e6a57-2f3d-47bc-b79f-1af631d5e11e;412.53;0.62612;BUY
2016-03-14T00:14:01.967000;2016-03-14T00:14:02.017000;67605def-739f-40cc-9ba2-b5caa90a74a3;412.36;0.328;SELL
2016-03-14T00:14:01.967000;2016-03-14T00:14:02.017000;dc737ed1-2c7c-4704-b1c3-1a5f498c623d;412.35;1.03693;SELL
2016-03-14T00:14:31.440000;2016-03-14T00:14:31.470000;90c341bc-ebec-42e1-bf1a-0f9345cd3d7f;412.44;0.57428;BUY
2016-03-14T00:15:01.457000;2016-03-14T00:15:01.483000;122d679a-0660-4dbd-a6c2-fa2124135261;412.45;0.05819;BUY
2016-03-14T00:15:31.413000;2016-03-14T00:15:31.453000;a8308bf3-7c20-41e0-bff3-bc2f5932b012;412.39;0.35149999;SELL
2016-03-14T00:15:31.413000;2016-03-14T00:15:31.470000;f71de8bf-4a94-45b8-a527-6e90c161f63c;412.39;0.15;SELL
2016-03-14T00:15:31.413000;2016-03-14T00:15:31.470000;abb08529-e5be-456e-8d5a-d4499cbfd46a;412.36;0.168;SELL
2016-03-14T00:15:31.413000;2016-03-14T00:15:31.470000;469498b4-ab52-4d73-ac07-455ba568d357;412.36;0.15;SELL
2016-03-14T00:15:31.413000;2016-03-14T00:15:31.470000;ee367446-8b16-42ae-bf5a-6e493e71232c;412.32;0.25;SELL
2016-03-14T00:15:31.413000;2016-03-14T00:15:31.483000;029edfb6-2fdb-407e-83d5-47d09b3fd4a5;412.29;0.02;SELL
2016-03-14T00:15:31.413000;2016-03-14T00:15:31.483000;88b48427-ae2d-494b-920b-c9e0bc1de56f;412.26;7.2259;SELL
2016-03-14T00:15:31.413000;2016-03-14T00:15:31.483000;a9d4045e-1633-47ac-969d-d26f968cd024;412.25;0.0115;SELL
2016-03-14T00:15:31.413000;2016-03-14T00:15:31.483000;d0af6205-baf4-4431-a6ce-39b99375e6ab;412.25;0.15;SELL
2016-03-14T00:15:31.413000;2016-03-14T00:15:31.483000;e32679be-7998-44ac-bfdf-f5492be44ae5;412.22;0.05321584;SELL
2016-03-14T00:15:31.413000;2016-03-14T00:15:31.483000;97511e2c-0ce1-492a-979a-fd45b6c47420;412.22;0.01320403;SELL
2016-03-14T00:15:31.413000;2016-03-14T00:15:31.517000;b154bb5c-24a5-4f9f-8a48-cc2d220b4bfe;412.22;0.25;SELL
2016-03-14T00:15:31.413000;2016-03-14T00:15:31.517000;848fa26b-75ff-41e1-bdfa-6d38df4f7cc9;412.22;0.099;SELL
2016-03-14T00:15:31.413000;2016-03-14T00:15:31.517000;72bd3dda-cd3b-4e86-8105-88b107788ab7;412.21;0.25;SELL
2016-03-14T00:15:31.413000;2016-03-14T00:15:31.517000;059bc9bc-6b1d-4e64-852b-5f6bc71f3399;412.19;0.14012425;SELL
2016-03-14T00:15:31.413000;2016-03-14T00:15:31.517000;bb0814a4-10eb-4c0e-8562-a3502633de12;412.19;4.318;SELL
2016-03-14T00:15:31.417000;2016-03-14T00:15:31.517000;a7925075-1310-4d7b-a77a-75807712fbd8;412.18;0.01;SELL
2016-03-14T00:15:31.417000;2016-03-14T00:15:31.517000;51da3b2e-8c19-4121-a4d8-0944e30d54e5;412.17;0.05;SELL
2016-03-14T00:15:31.417000;2016-03-14T00:15:31.530000;5807c39e-81a7-4fc0-b30f-0e72d3fb3517;412.16;0.22274885;SELL
2016-03-14T00:15:31.417000;2016-03-14T00:15:31.530000;382bf4a2-37a3-4c96-a363-507761af6482;412.15;0.06021748;SELL
2016-03-14T00:15:31.417000;2016-03-14T00:15:31.530000;897d32b7-ff93-4e53-b605-aa10aedf9be2;412.15;0.01994799;SELL
2016-03-14T00:15:31.417000;2016-03-14T00:15:31.530000;7ea3079d-27fd-48aa-967f-1a9216d2fea9;412.14;0.1;SELL
2016-03-14T00:15:31.417000;2016-03-14T00:15:31.530000;b06f0482-01d4-44a6-8f92-725ff6f12091;412.13;0.01;SELL
2016-03-14T00:15:31.417000;2016-03-14T00:15:31.530000;e24921bf-b33c-4116-b3ca-9bd6d43ad38e;412.12;2.27861157;SELL
2016-03-14T00:16:03.923000;2016-03-14T00:16:03.953000;172bdb71-f7d9-48fc-b01f-dd5dae80ebb0;412.39;0.14029;BUY
2016-03-14T00:16:31.340000;2016-03-14T00:16:31.360000;dcc8dd42-3cec-4420-ac77-d24864454390;412.26;0.01;SELL
2016-03-14T00:16:31.340000;2016-03-14T00:16:31.377000;e1d2b141-caf1-4444-8c21-2e74057a126f;412.25;0.02;SELL
2016-03-14T00:16:31.340000;2016-03-14T00:16:31.377000;18f1e639-3f42-4041-998e-3d113ea06679;412.22;1.90567;SELL
2016-03-14T00:17:01.350000;2016-03-14T00:17:01.360000;9bf10ddd-4058-491b-b6dc-2f1f7e8ce509;412.29;0.64871;BUY
2016-03-14T00:17:31.290000;2016-03-14T00:17:31.297000;b3a4df24-4331-4c36-8c2a-de827e2a7abc;412.29;0.48029;BUY
2016-03-14T00:18:01.763000;2016-03-14T00:18:01.767000;b9db2aa5-49d0-4673-99d9-146376476cdc;412.28;0.26;BUY
2016-03-14T00:18:01.763000;2016-03-14T00:18:01.797000;133df7bb-d4d7-46cc-8608-101176ea2dec;412.28;0.22;BUY
2016-03-14T00:18:01.763000;2016-03-14T00:18:01.797000;e8d1b7fe-a243-48ae-a1a8-fb4136027378;412.31;1.3;BUY
2016-03-14T00:18:01.763000;2016-03-14T00:18:01.797000;00d8a6f2-4259-430a-af93-aef7b9e68397;412.31;0.15;BUY
2016-03-14T00:18:01.763000;2016-03-14T00:18:01.797000;78751e28-208d-4701-a82c-c4ea38937c2b;412.32;1.47068;BUY
2016-03-14T00:18:31.537000;2016-03-14T00:18:31.547000;43bf1c92-fb09-45f4-a34c-d5f2fc5705e8;412.29;0.24016;BUY
2016-03-14T00:19:01.547000;2016-03-14T00:19:01.563000;57a22da2-b427-4f03-831e-11400920f69e;412.21;0.02;SELL
2016-03-14T00:19:01.547000;2016-03-14T00:19:01.577000;14d83ef2-d8c7-4036-80e5-56ff8565563a;412.21;0.09512;SELL
2016-03-14T00:19:31.757000;2016-03-14T00:19:31.807000;e90f77f1-51e8-426e-ad5e-fc0a1de68887;412.41;0.21086;BUY
2016-03-14T00:19:40.950000;2016-03-14T00:19:40.997000;b9dac95b-c48d-43ab-90ba-8d4dbd75d0ff;412.27;0.05533;BUY
2016-03-14T00:19:40.953000;2016-03-14T00:19:41.010000;1b0e8756-4831-4c2c-a8bf-b40f97e449b3;412.27;0.05434;BUY
2016-03-14T00:19:40.960000;2016-03-14T00:19:41.027000;a741028a-7f2d-44e1-9b64-970aa6a3c01d;412.27;0.0501;BUY
2016-03-14T00:20:01.377000;2016-03-14T00:20:01.417000;fa80510c-f006-42a1-a95b-b736d963b9bd;412.26;3.701;SELL
2016-03-14T00:20:01.377000;2016-03-14T00:20:01.447000;36c53eca-03ff-41fd-a289-f5880636dce3;412.26;7.22618;SELL
2016-03-14T00:20:01.377000;2016-03-14T00:20:01.447000;80d8c296-1239-4a7b-81aa-c992f95dda70;412.26;0.284;SELL
2016-03-14T00:20:01.377000;2016-03-14T00:20:01.480000;75fbb42c-05bd-48c2-8498-4a65330b652c;412.2;2.55376;SELL
2016-03-14T00:20:01.593000;2016-03-14T00:20:01.650000;d6ea0946-4a1f-4c81-b729-7285b9609340;412.27;0.01;BUY
2016-03-14T00:20:31.837000;2016-03-14T00:20:31.900000;738f05a2-3494-41f6-b3db-d3b2965477c0;412.27;0.2133;BUY
2016-03-14T00:21:31.303000;2016-03-14T00:21:31.370000;48981550-3b8f-4049-a98c-c60511fa95fc;412.27;1.36493;BUY
2016-03-14T00:21:31.303000;2016-03-14T00:21:31.370000;c177f18a-97d8-4ef2-acd0-7d49c026bfe3;412.27;0.05;BUY
2016-03-14T00:21:31.303000;2016-03-14T00:21:31.370000;c23ec26b-8cc9-461a-95e8-55c8e65fa64d;412.41;0.03914;BUY
2016-03-14T00:21:31.303000;2016-03-14T00:21:31.387000;8dfb84e9-f07a-45dd-892a-fe96cd184d7d;412.41;7.26317;BUY
2016-03-14T00:21:31.303000;2016-03-14T00:21:31.387000;5b3df63b-fcd3-45bc-9e8b-c58889418922;412.44;0.01;BUY
2016-03-14T00:21:31.303000;2016-03-14T00:21:31.387000;8a144c42-9ad1-4609-bd56-508ed7c189a3;412.44;0.509;BUY
2016-03-14T00:21:31.303000;2016-03-14T00:21:31.387000;8615a9b3-6263-4649-8780-92e68b18b09b;412.44;0.2;BUY
2016-03-14T00:21:31.303000;2016-03-14T00:21:31.387000;808a1982-ef4c-4ef7-8e57-b35293ef1a4e;412.45;0.61518;BUY
2016-03-14T00:22:01.823000;2016-03-14T00:22:01.870000;3b1e0147-99b9-4b7e-a081-bb2420e73eed;412.45;0.05463;BUY
2016-03-14T00:22:01.827000;2016-03-14T00:22:01.887000;fa689f13-0028-45cb-ae3a-7a86d8c20e46;412.5;0.01;BUY
2016-03-14T00:22:01.827000;2016-03-14T00:22:01.887000;3e0a1099-b024-4f9c-a2e3-67fe7f3e26d0;412.5;0.084;BUY
2016-03-14T00:22:01.827000;2016-03-14T00:22:01.900000;29a4a584-ba45-45ee-ab53-7e916e7700c6;412.54;0.01;BUY
2016-03-14T00:22:01.827000;2016-03-14T00:22:01.900000;26e01915-8aa8-402f-9f8e-bab9f83b051e;412.55;0.104;BUY
2016-03-14T00:22:01.827000;2016-03-14T00:22:01.900000;6a101821-4987-4670-bcb0-ba45a8e80877;412.56;0.25;BUY
2016-03-14T00:22:01.827000;2016-03-14T00:22:01.900000;093665ed-11b8-4acd-9fac-a3f2e8654a88;412.6;0.08776;BUY
2016-03-14T00:23:01.310000;2016-03-14T00:23:01.353000;35e43bdc-0482-4ec8-b74f-bfe646b5652d;412.63;0.25;BUY
2016-03-14T00:23:01.310000;2016-03-14T00:23:01.370000;42f754d7-124c-45a1-abaf-98de1933249d;412.67;0.112;BUY
2016-03-14T00:23:01.310000;2016-03-14T00:23:01.387000;25d5973a-4580-4898-980e-176db48e9f8f;412.72;0.118;BUY
2016-03-14T00:23:01.310000;2016-03-14T00:23:01.387000;c72aba21-d747-41e3-9b42-ac8a246c73bd;412.74;0.01;BUY
2016-03-14T00:23:01.310000;2016-03-14T00:23:01.387000;6f9ffcc7-97d0-4aa0-8ff4-c2be85186e07;412.77;0.099;BUY
2016-03-14T00:23:01.310000;2016-03-14T00:23:01.387000;f21be6ba-b02f-4b23-a193-b12cefe4ac49;412.78;0.0075;BUY
2016-03-14T00:23:01.313000;2016-03-14T00:23:01.387000;5f16feaa-c723-4ba6-bc28-60fdc3b5ab92;412.78;0.01;BUY
2016-03-14T00:23:01.313000;2016-03-14T00:23:01.387000;4399bd46-4fe0-4362-b623-0971eb252277;412.81;1.46349;BUY
2016-03-14T00:23:31.810000;2016-03-14T00:23:31.853000;bc3fa483-4b29-42f1-9862-acc1cd9cf2ac;412.8;1.55473;SELL
2016-03-14T00:23:49.733000;2016-03-14T00:23:49.793000;be3d3da6-f523-441d-9080-d831d6d3b966;412.89;0.01;BUY
2016-03-14T00:23:49.733000;2016-03-14T00:23:49.793000;8d48764d-c8b1-4acc-8af4-72587295b77d;412.9;0.01;BUY
2016-03-14T00:23:49.733000;2016-03-14T00:23:49.807000;c32e31d3-67a3-43bb-a33c-9e93927feeb5;412.94;0.078;BUY
2016-03-14T00:23:49.733000;2016-03-14T00:23:49.807000;02cec824-3dcb-4634-b3bd-11d049db575a;412.95;0.01;BUY
2016-03-14T00:23:49.733000;2016-03-14T00:23:49.807000;57fb5270-321b-4320-9b60-103821d82c61;412.96;0.01;BUY
2016-03-14T00:23:49.733000;2016-03-14T00:23:49.807000;c707ad2c-ea71-4de6-b207-7769195624f3;412.99;0.083;BUY
2016-03-14T00:23:49.733000;2016-03-14T00:23:49.807000;4c6cab63-68c5-40a4-b50e-b64a2a7d069c;413.0;0.01;BUY
2016-03-14T00:23:49.733000;2016-03-14T00:23:49.807000;94426f4c-cead-47d0-8f11-a45411ae23e3;413.04;0.039;BUY
2016-03-14T00:24:01.500000;2016-03-14T00:24:01.543000;9d993829-bdbc-4e85-889e-1d3899ff8f99;413.04;0.26;BUY
2016-03-14T00:24:01.500000;2016-03-14T00:24:01.543000;ab60d870-3c3b-4681-9f32-14d334fd7fe5;413.05;0.22103;BUY
2016-03-14T00:24:31.363000;2016-03-14T00:24:31.400000;f4ead92f-555a-4b72-8653-90e38a409625;413.01;0.32411;BUY
2016-03-14T00:24:52.460000;2016-03-14T00:24:52.497000;0ac3238f-94e5-4ab4-a89d-dd1a2c93e6b4;413.06;0.0574;BUY
2016-03-14T00:25:31.640000;2016-03-14T00:25:31.667000;51c0a592-1742-4062-bcb1-e6a3faefb35f;412.95;0.12061;SELL
2016-03-14T00:26:02.290000;2016-03-14T00:26:02.323000;1bd415b8-8d35-4c5b-b42c-775245716afd;413.03;0.455;BUY
2016-03-14T00:26:02.290000;2016-03-14T00:26:02.340000;f8e5cc51-53ef-4de2-8c7b-9d3d8352126f;413.04;1.15104;BUY
2016-03-14T00:26:31.797000;2016-03-14T00:26:31.823000;d6a7f106-6036-4514-944b-e2a111a71429;412.97;0.26367;BUY
2016-03-14T00:27:01.403000;2016-03-14T00:27:01.433000;cde67bc2-8f99-4743-bd0f-57e8f3d22236;412.97;4.4006;BUY
2016-03-14T00:27:31.460000;2016-03-14T00:27:31.497000;16a65516-d23c-46b9-ad51-4fd9f914b030;412.97;0.2165;BUY
2016-03-14T00:28:04.190000;2016-03-14T00:28:04.213000;0fbb0ccb-e838-4426-86bc-14e6eac70f92;412.97;0.59931;BUY
2016-03-14T00:28:31.353000;2016-03-14T00:28:31.370000;ad305cf6-f39f-4e33-8a81-ecd467752841;412.96;0.05;SELL
2016-03-14T00:28:31.353000;2016-03-14T00:28:31.400000;e205f3ea-7038-4877-b130-29d8eecb771c;412.89;0.17615;SELL
2016-03-14T00:29:01.413000;2016-03-14T00:29:01.433000;990409d0-aec9-43a0-9aa1-a7ff854a165d;412.83;0.01;SELL
2016-03-14T00:29:01.413000;2016-03-14T00:29:01.450000;78d5d75a-44f8-484b-aa0e-1ca879c378e1;412.7;0.01;SELL
2016-03-14T00:29:01.413000;2016-03-14T00:29:01.450000;9ff74409-e8b2-4963-a5a4-d5feb54faf35;412.66;0.094;SELL
2016-03-14T00:29:01.413000;2016-03-14T00:29:01.450000;db9b5ed8-32f3-48ac-a2d2-722f3f923b44;412.62;0.089;SELL
2016-03-14T00:29:01.413000;2016-03-14T00:29:01.463000;5a2edd43-7c17-42ca-b38a-6a7a0fd85352;412.57;0.088;SELL
2016-03-14T00:29:01.413000;2016-03-14T00:29:01.463000;414d5087-8ea2-40df-9292-ebc88dda2280;412.52;0.6265;SELL
2016-03-14T00:29:17.723000;2016-03-14T00:29:17.747000;9241ff45-b441-45f8-95e4-faa1034dbab4;412.75;0.01;SELL
2016-03-14T00:29:17.723000;2016-03-14T00:29:17.760000;95d83517-8762-4597-90ce-2360277a7d18;412.74;0.01;SELL
2016-03-14T00:29:17.723000;2016-03-14T00:29:17.760000;ad33212f-d2b6-421e-823e-fbef3e3bc67a;412.7;0.104;SELL
2016-03-14T00:29:17.723000;2016-03-14T00:29:17.777000;13b011bd-99fe-461c-8d4b-105b5246da25;412.68;0.01;SELL
2016-03-14T00:29:17.723000;2016-03-14T00:29:17.777000;029cd546-6715-46c4-be61-0d5dfb014eca;412.62;0.128;SELL
2016-03-14T00:29:17.723000;2016-03-14T00:29:17.853000;7776fe7a-c8dd-4cab-8049-4e42d45ccb0c;412.53;1.738;SELL
2016-03-14T00:29:29.577000;2016-03-14T00:29:29.620000;4192815a-a5e4-47da-bdf5-8c045ce598d8;412.74;0.0855;BUY
2016-03-14T00:29:31.727000;2016-03-14T00:29:31.760000;3682359d-3d52-488c-8f65-86099bcd6a90;412.53;0.5315;SELL
2016-03-14T00:30:06.303000;2016-03-14T00:30:06.323000;b65c5665-d763-41fa-8f6a-01e2a55e8f26;412.55;0.05;BUY
2016-03-14T00:30:06.303000;2016-03-14T00:30:06.340000;1c2e43c7-5154-47d5-bec6-5af29683d4ff;412.69;2.77861;BUY
2016-03-14T00:30:31.623000;2016-03-14T00:30:31.637000;eaa07260-45cd-49e6-a06e-58894ca9116c;412.53;0.22614;SELL
2016-03-14T00:31:06.440000;2016-03-14T00:31:06.450000;9144d93e-0f0e-40f1-86c4-cea10463863a;412.7;1.04;BUY
2016-03-14T00:31:06.440000;2016-03-14T00:31:06.480000;7a25acb6-82b5-48bf-bc2b-a1219594f3e8;412.71;0.21;BUY
2016-03-14T00:31:06.440000;2016-03-14T00:31:06.497000;fc4d0b5d-5b58-437f-a27f-1078360420a4;412.72;0.09035;BUY
2016-03-14T00:32:12.277000;2016-03-14T00:32:12.293000;4eca2551-e203-4015-ad8c-3c3158f56c7b;412.75;0.23715;BUY
2016-03-14T00:32:35.487000;2016-03-14T00:32:35.497000;674128b2-8c0b-4281-9f67-86262441e63d;412.75;0.457;BUY
2016-03-14T00:32:35.487000;2016-03-14T00:32:35.527000;638b94a4-8c8b-492f-9347-15ca6794e8ed;412.76;0.02602;BUY
2016-03-14T00:33:00.413000;2016-03-14T00:33:00.433000;fcd97b26-c71a-4dea-8cc1-0b9f5bb06269;412.83;4.16;BUY
2016-03-14T00:33:00.413000;2016-03-14T00:33:00.433000;4baabfdb-1a73-413f-988d-7211b2b847a1;412.83;0.05;BUY
2016-03-14T00:33:00.413000;2016-03-14T00:33:00.463000;6f3a6d82-37eb-4b07-9280-77804bba96b0;412.84;2.45518;BUY
2016-03-14T00:33:32.067000;2016-03-14T00:33:32.090000;259cc33e-ba09-4463-8634-0ddef0ca1bb3;412.83;2.39827;BUY
2016-03-14T00:34:01.327000;2016-03-14T00:34:01.353000;11ddfc22-dea0-47d3-ba9b-5bd03492c026;412.75;0.0115;SELL
2016-03-14T00:34:01.327000;2016-03-14T00:34:01.353000;6588fd2c-8123-4801-8b82-bcf4350f354c;412.75;0.22;SELL
2016-03-14T00:34:01.327000;2016-03-14T00:34:01.370000;2a663209-4e73-4ee2-a980-3153455b8724;412.66;0.0133;SELL
2016-03-14T00:35:01.517000;2016-03-14T00:35:01.550000;5f879948-55d5-4b2f-bc55-e636bfd39a09;412.51;0.01;SELL
2016-03-14T00:35:01.517000;2016-03-14T00:35:01.550000;5ab013fc-032a-4931-a2f6-9b756107de4c;412.5;0.01;SELL
2016-03-14T00:35:01.517000;2016-03-14T00:35:01.563000;4776fd29-7f4b-4ff0-a68e-697923d81b74;412.5;0.39804;SELL
2016-03-14T00:35:32.340000;2016-03-14T00:35:32.377000;7cee6484-d08e-4c2f-b756-77214bdeea20;412.67;0.37632;BUY
2016-03-14T00:36:01.723000;2016-03-14T00:36:01.753000;55f4572c-575f-4714-bdee-bf84aade5630;412.61;0.24;BUY
2016-03-14T00:36:01.723000;2016-03-14T00:36:01.783000;eea08c1c-00cc-4186-8fc3-ab6e5cd3c277;412.61;0.05;BUY
2016-03-14T00:36:01.723000;2016-03-14T00:36:01.783000;77c2c5f4-badf-4914-bb60-1a3f1ba13837;412.68;2.18858;BUY
2016-03-14T00:36:31.333000;2016-03-14T00:36:31.360000;ef693d8b-f1e8-4944-a9a5-ca1a28005c76;412.68;0.26;BUY
2016-03-14T00:36:31.333000;2016-03-14T00:36:31.393000;0be1c24a-de2e-4b84-a537-f5cc018fc850;412.69;0.01;BUY
2016-03-14T00:36:31.333000;2016-03-14T00:36:31.393000;4626c397-ca42-4316-9fb7-9eebb6e95d3c;412.7;0.29446;BUY
2016-03-14T00:37:01.437000;2016-03-14T00:37:01.470000;7f15c298-074f-4e1f-9720-35a985db45aa;412.73;0.01;BUY
2016-03-14T00:37:01.437000;2016-03-14T00:37:01.470000;6f364788-4452-4972-8cd8-ae30c5bb6fab;412.75;0.01;BUY
2016-03-14T00:37:01.437000;2016-03-14T00:37:01.487000;7cf24438-1f46-4d9e-bfab-bc709ccc892d;412.78;0.0176;BUY
2016-03-14T00:37:31.440000;2016-03-14T00:37:31.487000;13ff100e-4d12-425a-94aa-14dbc2c5aaee;412.65;0.78;SELL
2016-03-14T00:37:31.440000;2016-03-14T00:37:31.487000;03e5db18-783a-47c9-b4a6-7655746322a9;412.64;0.44;SELL
2016-03-14T00:37:31.440000;2016-03-14T00:37:31.503000;cbba42d4-ec39-4ff7-a624-f2663d58d22c;412.57;1.0;SELL
2016-03-14T00:37:31.440000;2016-03-14T00:37:31.503000;eb6bdf2e-03e0-4fd5-b13d-10ca27aa27a7;412.56;2.86;SELL
2016-03-14T00:37:31.440000;2016-03-14T00:37:31.503000;3e86b0f0-aa1a-4d97-ac96-ac55921befa0;412.55;0.01;SELL
2016-03-14T00:37:31.440000;2016-03-14T00:37:31.503000;c3c61450-4baf-42c9-b5d3-e88c5ed72d90;412.53;1.3;SELL
2016-03-14T00:37:31.443000;2016-03-14T00:37:31.517000;240383c1-4527-449f-84c4-afd7e375c27e;412.52;2.0;SELL
2016-03-14T00:37:31.443000;2016-03-14T00:37:31.517000;31fbffc3-5ea8-4431-a740-6c4620344ea2;412.5;6.98196;SELL
2016-03-14T00:37:31.443000;2016-03-14T00:37:31.517000;0d3ae50a-1a53-4e86-af20-ad54631a23ae;412.5;0.0115;SELL
2016-03-14T00:37:31.443000;2016-03-14T00:37:31.517000;8d3e1da4-5b75-42d8-8b91-2bcaa4f728eb;412.41;0.16;SELL
2016-03-14T00:37:31.443000;2016-03-14T00:37:31.533000;f45c8628-e49e-4eaa-b8e2-e5de5bda80c7;412.4;0.24;SELL
2016-03-14T00:37:31.443000;2016-03-14T00:37:31.533000;0749753b-824f-4ebc-b9e9-8e4d76794af7;412.38;0.52;SELL
2016-03-14T00:37:31.443000;2016-03-14T00:37:31.533000;04d360ca-93bb-4baf-bb36-30e837f32b2e;412.37;0.368;SELL
2016-03-14T00:37:31.443000;2016-03-14T00:37:31.533000;38a2cc0a-4a19-4f4b-b902-98d40758c31d;412.32;0.354;SELL
2016-03-14T00:37:31.443000;2016-03-14T00:37:31.533000;ec1cb28f-cd43-4e9c-ac35-b0e5e29f8bb3;412.28;3.64;SELL
2016-03-14T00:37:31.443000;2016-03-14T00:37:31.533000;d64f3b1b-5982-4742-89d3-922ada52e567;412.27;0.01;SELL
2016-03-14T00:37:31.443000;2016-03-14T00:37:31.550000;13d74f96-1ee1-4b54-85c1-b68f9b05d398;412.27;0.379;SELL
2016-03-14T00:37:31.443000;2016-03-14T00:37:31.550000;af1e0476-9470-42cd-9964-e5c7f01aaa86;412.27;2.9234;SELL
2016-03-14T00:38:01.747000;2016-03-14T00:38:01.767000;f08c8bbb-d96c-4b77-a64a-d7120478fd63;412.54;0.05933;BUY
2016-03-14T00:38:31.373000;2016-03-14T00:38:31.407000;be87d090-39cb-43e7-88ec-2d6a85741bfd;412.51;0.25;BUY
2016-03-14T00:38:31.373000;2016-03-14T00:38:31.407000;5fe8e53c-9fdb-4506-acc5-9a92680e268d;412.52;0.39;BUY
2016-03-14T00:38:31.373000;2016-03-14T00:38:31.440000;606b1015-70e9-4455-8ef1-26b6ceeb103c;412.52;0.157;BUY
2016-03-14T00:38:31.373000;2016-03-14T00:38:31.440000;b92095e0-0054-442f-80fc-65dfffde8e96;412.52;0.05;BUY
2016-03-14T00:38:31.373000;2016-03-14T00:38:31.440000;8ebe8c4a-3de3-4c18-86f3-519c24f3ff1c;412.85;23.60485;BUY
2016-03-14T00:39:01.373000;2016-03-14T00:39:01.393000;a85f64fb-c8ce-4d80-a8bf-c2204b11ad13;412.83;0.25;BUY
2016-03-14T00:39:01.373000;2016-03-14T00:39:01.423000;bae33955-3d56-4f0d-b2cf-30d2eda2a330;412.84;0.26;BUY
2016-03-14T00:39:01.373000;2016-03-14T00:39:01.440000;033b5c28-7278-465c-9d89-80c2f973e7d6;412.85;1.57963;BUY
2016-03-14T00:39:32.627000;2016-03-14T00:39:32.643000;f5ab58d6-5917-4bec-a232-444e14c686c9;412.5;0.41;SELL
2016-03-14T00:39:32.630000;2016-03-14T00:39:32.657000;969818fc-0169-48a5-a41f-b123d70c8294;412.48;0.26;SELL
2016-03-14T00:39:32.630000;2016-03-14T00:39:32.657000;16dea8cd-e9a8-4786-b08e-49dffa4cc4a4;412.47;0.01;SELL
2016-03-14T00:39:32.630000;2016-03-14T00:39:32.673000;0c403f72-778f-49cc-af5e-522c6d76c2b8;412.31;0.37252;SELL
2016-03-14T00:40:01.780000;2016-03-14T00:40:01.813000;fe667a95-a8f6-4cea-910f-483a651907b2;412.59;0.05;BUY
2016-03-14T00:40:01.780000;2016-03-14T00:40:01.813000;ea26a72c-d3c4-4c92-ae14-aaf333f99190;412.59;0.494;BUY
2016-03-14T00:40:01.780000;2016-03-14T00:40:01.813000;77fc17ab-1036-4961-a65c-fc987c509c0d;412.59;0.55924;BUY
2016-03-14T00:40:04.397000;2016-03-14T00:40:04.423000;84c33cb4-e959-4887-8ff3-2d0cd0d97e01;412.56;0.06752;BUY
2016-03-14T00:41:01.513000;2016-03-14T00:41:01.533000;f7bb0867-be53-4d82-a6f7-d7c2148b1922;412.37;0.25;BUY
2016-03-14T00:41:01.513000;2016-03-14T00:41:01.550000;83fc5369-9047-4f7e-9900-4151fa720c11;412.37;0.119;BUY
2016-03-14T00:41:01.513000;2016-03-14T00:41:01.563000;c40588b5-a236-4ca1-9e98-48620befe8c2;412.38;0.05;BUY
2016-03-14T00:41:01.513000;2016-03-14T00:41:01.563000;e826f498-edd2-4a42-bb73-fa2521a8d08d;412.46;1.98448;BUY
2016-03-14T00:42:31.880000;2016-03-14T00:42:31.893000;3b307769-b270-43be-ad62-00db386a5237;412.37;0.25;BUY
2016-03-14T00:42:31.880000;2016-03-14T00:42:31.923000;897b90c2-80db-46a2-9b4e-e60f13c7056a;412.37;0.04141;BUY
2016-03-14T00:42:39.247000;2016-03-14T00:42:39.267000;7a546ca4-9623-41c3-99f6-1ff6fb2a43d8;412.37;0.27859;BUY
2016-03-14T00:42:39.247000;2016-03-14T00:42:39.267000;5dd24dc0-28dd-4d64-a01f-591faa2cec9e;412.45;0.01981;BUY
2016-03-14T00:42:49.053000;2016-03-14T00:42:49.097000;ddd68a0a-ab35-42c3-8477-8333a2602fae;412.56;0.3384;BUY
2016-03-14T00:43:01.790000;2016-03-14T00:43:01.800000;140de4bf-7ec1-455a-a48b-b8efdf5cc10d;412.59;2.68815;BUY
2016-03-14T00:43:31.663000;2016-03-14T00:43:31.673000;6695150c-9e20-43b4-bef6-5580bb0a0f3e;412.64;1.99515;BUY
2016-03-14T00:44:01.640000;2016-03-14T00:44:01.673000;dfd0cf49-0e6a-4924-a7dc-ff30e0bc8f99;412.5;0.56871;BUY
2016-03-14T00:44:08.223000;2016-03-14T00:44:08.237000;94a22d47-d3ab-47e7-9640-8a79725fb741;412.56;0.13;BUY
2016-03-14T00:45:01.810000;2016-03-14T00:45:01.830000;0dd95ef1-2017-4848-abcc-162c4f4c9678;412.69;0.08452;BUY
2016-03-14T00:45:06.613000;2016-03-14T00:45:06.627000;41ec0ad4-2489-4e91-a5e0-91901636e51e;412.68;0.1856676;BUY
2016-03-14T00:45:06.617000;2016-03-14T00:45:06.627000;f78b3844-9c81-4c82-ada6-d8ebdd9e8c5c;412.68;0.0235724;BUY
2016-03-14T00:45:06.627000;2016-03-14T00:45:06.660000;85ec4707-2f17-4e2f-a1ae-f10c9ed5f2bb;412.68;0.06076;BUY
2016-03-14T00:45:31.727000;2016-03-14T00:45:31.720000;7171b2fb-b0b2-48c6-a7eb-81246d4ffb03;412.68;0.26;BUY
2016-03-14T00:45:31.727000;2016-03-14T00:45:31.737000;01727efe-c9b7-49e2-93d3-ef9512e67e7a;412.69;0.23;BUY
2016-03-14T00:45:31.727000;2016-03-14T00:45:31.753000;224b6911-2cdf-4822-b2c9-368882f72dd5;412.71;3.18742;BUY
2016-03-14T00:46:01.523000;2016-03-14T00:46:01.517000;1299d7d0-e234-4fd3-955e-3b4a2672995d;412.74;0.07536;BUY
2016-03-14T00:46:31.603000;2016-03-14T00:46:31.643000;37bee4b9-6947-43e5-8a72-5e6e84a7c9df;412.55;0.08617;SELL
2016-03-14T00:47:01.493000;2016-03-14T00:47:01.517000;0eaba558-d7b1-4a9d-9ef9-13dad24769e8;412.55;0.44;SELL
2016-03-14T00:47:01.493000;2016-03-14T00:47:01.533000;12e9053c-14e0-4f4f-a72b-32b569afb77c;412.42;0.0042;SELL
2016-03-14T00:47:32.027000;2016-03-14T00:47:32.050000;e481c2a4-a55d-4318-852b-6dd9e8089134;412.68;0.34;BUY
2016-03-14T00:47:32.030000;2016-03-14T00:47:32.050000;825eb154-3ae1-4ac0-a890-3edbd19d1388;412.68;0.447;BUY
2016-03-14T00:47:32.030000;2016-03-14T00:47:32.050000;566f440b-70bc-4237-ad9e-0d0605a8e07e;412.7;0.27664;BUY
2016-03-14T00:47:46.283000;2016-03-14T00:47:46.300000;dbc58425-e3af-4390-95dc-82d43d48c925;412.58;0.445;BUY
2016-03-14T00:47:46.283000;2016-03-14T00:47:46.300000;566c6e72-9f05-4041-a33c-e551e1c0011c;412.59;0.005;BUY
2016-03-14T00:48:01.570000;2016-03-14T00:48:01.563000;c808db8d-c7e3-4c6a-b00c-fa3cfa0b343a;412.68;0.382;BUY
2016-03-14T00:48:01.570000;2016-03-14T00:48:01.563000;4ef9338e-3e11-4aee-aede-fa3759999bc6;412.69;1.0;BUY
2016-03-14T00:48:01.570000;2016-03-14T00:48:01.580000;0d4d04ec-ab60-4ee9-9345-21d4e2424f98;412.69;0.14071;BUY
2016-03-14T00:48:01.570000;2016-03-14T00:48:01.580000;302e3047-e8f5-4977-a66d-f81125929edc;412.69;0.87724;BUY
2016-03-14T00:48:04.130000;2016-03-14T00:48:04.143000;6e1a88cc-1266-47fc-b33d-d25835ffc513;412.6;6.02;SELL
2016-03-14T00:48:04.130000;2016-03-14T00:48:04.143000;f8aac12e-67bc-4693-bad7-d363f62d8884;412.59;7.25072;SELL
2016-03-14T00:48:04.130000;2016-03-14T00:48:04.143000;089a0915-2513-40e0-bcaa-d30abebc26fd;412.59;0.26;SELL
2016-03-14T00:48:04.147000;2016-03-14T00:48:04.173000;b8a474ef-7d1d-4eb8-9dfd-40e8c0dddfd2;412.59;0.15;BUY
2016-03-14T00:48:31.473000;2016-03-14T00:48:31.470000;11e51073-0050-4a9e-a0e4-574fe4d05607;412.59;0.67983;BUY
2016-03-14T00:49:01.683000;2016-03-14T00:49:01.673000;b701162a-e380-4973-8234-ac836d7ff4de;412.56;0.18528;BUY
2016-03-14T00:49:31.610000;2016-03-14T00:49:31.597000;76450e56-d8be-4b44-9015-407038a21424;412.55;0.1;BUY
2016-03-14T00:49:46.923000;2016-03-14T00:49:46.910000;0f072d7e-d7b1-46fb-8415-007c6351711b;412.55;0.26;BUY
2016-03-14T00:50:01.837000;2016-03-14T00:50:01.870000;899c1aa8-c53f-46a0-9458-b291ed67b77e;412.74;0.13899;BUY
2016-03-14T00:50:31.847000;2016-03-14T00:50:31.870000;fd1002eb-aa6e-4f03-bd8c-96462ece3046;412.72;0.56135;BUY
2016-03-14T00:51:45.213000;2016-03-14T00:51:45.243000;173a27a1-ddd8-4577-9a00-ca505c55bc63;412.72;0.14;BUY
2016-03-14T00:51:45.270000;2016-03-14T00:51:45.290000;3cf19b86-acbe-4e7d-827e-1ba3a4ef5dec;412.72;0.06;BUY
2016-03-14T00:52:03.013000;2016-03-14T00:52:03.040000;a805c909-b268-4508-ad68-43265441dbe6;412.71;2.8533;SELL
2016-03-14T00:52:11.873000;2016-03-14T00:52:11.900000;8cc950d7-e3b6-4465-8d6f-f1be3c141b76;412.72;0.01;BUY
2016-03-14T00:52:28.327000;2016-03-14T00:52:28.353000;713fc524-b1d2-4499-8706-6873192a53b8;412.72;0.01;BUY
2016-03-14T00:52:31.973000;2016-03-14T00:52:31.993000;effd7c47-e43a-46f6-bb13-f4b29e52a9d4;412.72;4.42;BUY
2016-03-14T00:52:31.973000;2016-03-14T00:52:32.010000;13d4e82a-88b4-4495-9897-79d6f6511318;412.73;0.1;BUY
2016-03-14T00:52:31.973000;2016-03-14T00:52:32.010000;3effcdfb-b9c9-41d0-a726-1dae216f20f8;412.75;0.01;BUY
2016-03-14T00:52:31.973000;2016-03-14T00:52:32.027000;4dc6b093-59db-44df-b5ef-dd37f2351647;412.76;0.01;BUY
2016-03-14T00:52:31.973000;2016-03-14T00:52:32.027000;c60aa047-c38b-4f68-9920-a4aefbd655ce;412.8;0.405;BUY
2016-03-14T00:52:31.973000;2016-03-14T00:52:32.027000;1c01b5fc-35b8-467e-827a-704e0eeb0016;412.8;0.05;BUY
2016-03-14T00:52:31.973000;2016-03-14T00:52:32.057000;74a7a385-5124-4122-bac5-aff68a4cce83;412.83;7.26263;BUY
2016-03-14T00:52:31.977000;2016-03-14T00:52:32.057000;6074e7da-cde9-4f24-a2a0-582df8658538;412.85;0.20209;BUY
2016-03-14T00:53:01.520000;2016-03-14T00:53:01.540000;4842c451-4854-454a-9364-c41f52a35385;412.86;0.01;BUY
2016-03-14T00:53:01.520000;2016-03-14T00:53:01.573000;136446ac-a18b-46e5-8a5a-5b2721c0c6f9;412.87;0.01;BUY
2016-03-14T00:53:01.520000;2016-03-14T00:53:01.587000;0d07823b-d9d3-457d-999b-edfde09b6eff;412.91;0.01;BUY
2016-03-14T00:53:01.520000;2016-03-14T00:53:01.587000;6021a2fa-4d2a-4026-88a1-7525dfe5dab0;412.91;0.4683;BUY
2016-03-14T00:53:01.520000;2016-03-14T00:53:01.587000;bc616430-cacc-448a-92ab-63acc38f655e;412.92;0.01;BUY
2016-03-14T00:53:01.520000;2016-03-14T00:53:01.587000;23ffaccc-34be-41ba-b23b-2b6f030f9d46;412.92;0.099;BUY
2016-03-14T00:53:01.520000;2016-03-14T00:53:01.587000;0ac1197c-32cd-4c55-b43c-f4ca5e4ed604;412.93;0.01;BUY
2016-03-14T00:53:01.520000;2016-03-14T00:53:01.587000;6b41106a-a707-4ed8-9ca1-ff1a9551154b;412.93;0.01;BUY
2016-03-14T00:53:01.520000;2016-03-14T00:53:01.587000;c8908fb1-a506-4b8c-9588-8736793f6ea8;412.96;0.01;BUY
2016-03-14T00:53:01.523000;2016-03-14T00:53:01.587000;1018c027-a793-49d8-ad4e-177ed6d1b9eb;412.98;0.98823;BUY
2016-03-14T00:53:31.543000;2016-03-14T00:53:31.573000;4ab871d2-733b-4d7c-9d02-1c2c5695e6f4;413.0;0.01;BUY
2016-03-14T00:53:31.543000;2016-03-14T00:53:31.573000;993c4c30-15f1-42ec-a2dc-ccc3a6efde15;413.0;0.25371;BUY
2016-03-14T00:53:48.407000;2016-03-14T00:53:48.447000;3d625109-48b1-4230-8eed-d81b640e70d5;413.02;0.302;BUY
2016-03-14T00:53:48.407000;2016-03-14T00:53:48.447000;c4b64671-cbe5-4e86-91df-83b544fb4577;413.03;0.42251596;BUY
2016-03-14T00:54:06.033000;2016-03-14T00:54:06.057000;8050922f-f0a3-4f7b-8ab0-dba8ee8bb45f;413.02;0.302;BUY
2016-03-14T00:54:06.033000;2016-03-14T00:54:06.073000;4caa657d-a215-4ff1-93bc-0f447b0e6859;413.03;3.62730572;BUY
2016-03-14T00:55:01.610000;2016-03-14T00:55:01.620000;7d7806d5-68b5-4019-8f51-17c12c9e8c3a;413.05;0.2354;BUY
2016-03-14T00:55:01.610000;2016-03-14T00:55:01.650000;bce327b7-32bc-4872-ba2c-77fdbfdb520b;413.05;0.28;BUY
2016-03-14T00:55:01.610000;2016-03-14T00:55:01.650000;d101dded-3a1f-4969-ace8-04ab8fe26298;413.1;0.01;BUY
2016-03-14T00:55:01.610000;2016-03-14T00:55:01.650000;29bfcd1f-671e-4970-95c3-d7f443bc8e48;413.1;0.73158;BUY
2016-03-14T00:55:31.657000;2016-03-14T00:55:31.680000;5370d932-8f8e-4c45-9b51-f25e63ba72ca;413.09;0.306;BUY
2016-03-14T00:55:31.657000;2016-03-14T00:55:31.680000;71b2ba1c-9f1e-4b43-afc8-34f9331c9437;413.1;0.9337;BUY
2016-03-14T00:56:02.857000;2016-03-14T00:56:02.870000;fe654818-a61a-442f-bd0a-7683354f8155;413.1;0.88848;BUY
2016-03-14T00:56:02.857000;2016-03-14T00:56:02.900000;3aaa6fa3-d04f-4d55-9cb0-dd4afda4c387;413.1;0.197;BUY
2016-03-14T00:56:02.857000;2016-03-14T00:56:02.900000;567aa94b-2fd3-431f-82c9-2931f738f867;413.15;0.219;BUY
2016-03-14T00:56:02.857000;2016-03-14T00:56:02.900000;9a0fc681-8cf0-4a26-bf9c-86c4d95dcda9;413.15;1.0;BUY
2016-03-14T00:56:02.857000;2016-03-14T00:56:02.900000;c48c87b7-f3b7-4a8b-bcd1-7f86659fcea2;413.15;0.05;BUY
2016-03-14T00:56:02.860000;2016-03-14T00:56:02.917000;fafd513f-c3fc-4612-9289-4ceda651a1ad;413.16;0.01;BUY
2016-03-14T00:56:02.860000;2016-03-14T00:56:02.917000;bc3149c5-93e9-4cfc-ada8-541f5531fa2e;413.16;4.82446;BUY
2016-03-14T00:56:31.540000;2016-03-14T00:56:31.540000;6df4e818-d0f1-431a-b625-be1b72a405ed;413.03;0.04977;SELL
2016-03-14T00:57:01.580000;2016-03-14T00:57:01.603000;734e5b6e-66d9-45a9-8e3f-7f33879c426b;413.03;0.00023;SELL
2016-03-14T00:57:01.580000;2016-03-14T00:57:01.603000;36f240cd-bc93-42f0-ac15-b727c031b02e;412.96;0.22;SELL
2016-03-14T00:57:01.580000;2016-03-14T00:57:01.603000;258a89f3-bb6f-47d5-9470-bdeec346cbfd;412.93;0.078;SELL
2016-03-14T00:57:01.580000;2016-03-14T00:57:01.633000;70db9907-4422-4461-a801-5dc711c43824;412.91;0.52;SELL
2016-03-14T00:57:01.580000;2016-03-14T00:57:01.633000;d9eeaea8-d34c-4ab4-bb0c-64d57666f867;412.91;0.05;SELL
2016-03-14T00:57:01.580000;2016-03-14T00:57:01.633000;f44fdb0f-d791-4c55-b283-4765f7d37bad;412.9;3.83276;SELL
2016-03-14T00:57:31.457000;2016-03-14T00:57:31.480000;469a7b91-2b52-4500-a613-ed554c70e7ca;413.09;0.41;BUY
2016-03-14T00:57:31.457000;2016-03-14T00:57:31.480000;a44914b4-3e33-499a-ae6b-efbb3468241c;413.1;0.25;BUY
2016-03-14T00:57:31.457000;2016-03-14T00:57:31.493000;c6ffd954-ccdb-4bf0-8eef-284e891caf37;413.1;0.05;BUY
2016-03-14T00:57:31.457000;2016-03-14T00:57:31.493000;ee503532-e5be-42fe-a96d-f83eeb40cfa0;413.1;1.0;BUY
2016-03-14T00:57:31.457000;2016-03-14T00:57:31.493000;e3c4ec89-0f73-461e-8c09-e8b00ab0e16a;413.11;0.68672;BUY
2016-03-14T00:58:01.993000;2016-03-14T00:58:02.040000;1c4cec4e-454f-49fb-9947-6f18f850a996;413.09;0.228;BUY
2016-03-14T00:58:01.997000;2016-03-14T00:58:02.040000;736f7cf9-7d3e-400e-b373-4b087ccfe8da;413.1;0.83816;BUY
2016-03-14T00:58:31.543000;2016-03-14T00:58:31.540000;6ead0fc4-020c-4f7f-89ba-21250cef81ea;413.09;0.17973;BUY
2016-03-14T00:59:01.787000;2016-03-14T00:59:01.790000;33a21cfb-ee5a-45f7-96de-8330d8a71b97;413.1;0.52107;BUY
2016-03-14T00:59:46.673000;2016-03-14T00:59:46.680000;47118883-500c-440c-8115-30c3cc860a19;413.07;0.16130732;BUY
2016-03-14T01:00:04.237000;2016-03-14T01:00:04.243000;0706ae52-1a98-47f5-8f39-2dfbb9500616;413.08;7.22834;SELL
2016-03-14T01:00:04.237000;2016-03-14T01:00:04.260000;aa3027ee-cfd1-440f-a32b-d8d1588194c7;413.08;0.05;SELL
2016-03-14T01:00:04.237000;2016-03-14T01:00:04.277000;24bb8cbb-c524-4c39-8dd3-01e163a5d951;413.07;0.25171;SELL
2016-03-14T01:00:04.503000;2016-03-14T01:00:04.510000;f05d719e-8196-456e-b932-1393dd547441;413.07;0.32;SELL
2016-03-14T01:00:11.280000;2016-03-14T01:00:11.290000;6ac9dc71-7c90-44a5-a41f-1855515c32ea;413.03;0.05;SELL
2016-03-14T01:00:11.280000;2016-03-14T01:00:11.307000;b3e3f5a5-8e76-45ab-9eb5-7bd631ed496b;413.03;0.075;SELL
2016-03-14T01:00:11.280000;2016-03-14T01:00:11.323000;3a9a7193-1add-4ca8-a252-c69648c37abe;413.0;0.0115;SELL
2016-03-14T01:00:31.730000;2016-03-14T01:00:31.730000;3d3d6b60-2f74-4ef5-b1bb-cba0d9c1eb76;413.09;2.86;BUY
2016-03-14T01:00:31.730000;2016-03-14T01:00:31.743000;f28acb30-42ff-4549-934d-fa23c5609e9b;413.1;0.27;BUY
2016-03-14T01:00:31.730000;2016-03-14T01:00:31.760000;0739e567-7838-439c-89f5-ff3277475392;413.1;0.40649;BUY
2016-03-14T01:01:01.863000;2016-03-14T01:01:01.870000;88b45042-9fc3-4970-955c-5be05e73eb67;413.12;0.70997;BUY
2016-03-14T01:01:06.573000;2016-03-14T01:01:06.573000;3825a16e-9cbd-4319-b79d-96cfc4543a91;413.11;0.0325;BUY
2016-03-14T01:01:06.573000;2016-03-14T01:01:06.587000;cfc53ee7-f315-4577-a0b3-1657f6e1bc2c;413.11;0.1599226;BUY
2016-03-14T01:01:06.613000;2016-03-14T01:01:06.633000;5d35ace2-90b4-43fe-b3c0-f67764137a66;413.11;0.02242104;BUY
2016-03-14T01:01:06.630000;2016-03-14T01:01:06.650000;090f929d-0a33-42ef-bc63-ba89f5e8b5bc;413.11;0.24015636;BUY
2016-03-14T01:01:31.523000;2016-03-14T01:01:31.527000;9de7a95d-5031-4cdb-a37e-0da11d22af70;413.11;0.243;BUY
2016-03-14T01:01:31.523000;2016-03-14T01:01:31.540000;0f05f91b-f2e9-4d77-b527-8ee4f35b9a82;413.12;0.23631;BUY
2016-03-14T01:02:02.837000;2016-03-14T01:02:02.823000;30a081e0-14c1-42a1-94a4-8381ad11ec7b;413.1;1.21031;BUY
2016-03-14T01:02:31.697000;2016-03-14T01:02:31.697000;3f56ec2d-358d-4313-a74a-e601ce362304;413.11;0.211;BUY
2016-03-14T01:02:31.697000;2016-03-14T01:02:31.697000;e88f9d57-5cf0-4eb0-b8c6-18be88d3de0c;413.11;0.05;BUY
2016-03-14T01:02:31.697000;2016-03-14T01:02:31.713000;eba8ab31-dc55-40cf-92c4-8c68d361731b;413.11;0.5922;BUY
2016-03-14T01:03:01.657000;2016-03-14T01:03:01.650000;afbbd43f-2a0e-45a0-9b98-e19c415c9aef;413.12;0.47933;BUY
2016-03-14T01:03:33.860000;2016-03-14T01:03:33.853000;f7100dff-b5d5-4444-b238-61779c4d1189;413.07;0.01698768;SELL
2016-03-14T01:03:33.877000;2016-03-14T01:03:33.883000;0e793061-bb8d-4755-8dd6-1a3da08da79a;413.07;0.01698807;SELL
2016-03-14T01:03:37.053000;2016-03-14T01:03:37.057000;06b24a53-667d-4d29-a0eb-5b4e5e0c23b1;413.14;0.211;BUY
2016-03-14T01:03:37.053000;2016-03-14T01:03:37.057000;dcd427e9-660b-4d9d-9c3f-7a046a8bb565;413.15;0.039;BUY
2016-03-14T01:03:39.000000;2016-03-14T01:03:38.993000;cedd4013-97a4-4307-ac1c-1ed0c101403f;413.15;0.43175;BUY
2016-03-14T01:04:00.677000;2016-03-14T01:04:00.667000;9a1bc614-cfd9-4d82-b234-4f60f833cfbb;413.17;0.05;BUY
2016-03-14T01:04:00.677000;2016-03-14T01:04:00.697000;48890961-9168-4765-a829-eb7dbf48c3fb;413.2;0.01;BUY
2016-03-14T01:04:00.677000;2016-03-14T01:04:00.713000;2cce618b-1e39-46f0-8bf0-c69dacc28b27;413.22;0.01;BUY
2016-03-14T01:04:00.677000;2016-03-14T01:04:00.713000;f7c04bb0-8b96-4c9d-b507-783cafaeebda;413.24;0.03193841;BUY
2016-03-14T01:04:00.677000;2016-03-14T01:04:00.713000;db7b7e7b-6175-4e2f-8da4-36fa2f88eb86;413.25;0.01;BUY
2016-03-14T01:04:00.677000;2016-03-14T01:04:00.760000;9abb0643-c8c8-4c1a-aa2f-7b2c10176701;413.26;0.01;BUY
2016-03-14T01:04:00.677000;2016-03-14T01:04:00.777000;2b61c333-baf8-434a-9fb5-105cb597185e;413.26;0.01;BUY
2016-03-14T01:04:00.677000;2016-03-14T01:04:00.777000;33779172-2599-4e4b-bf7a-98f077a2ab8a;413.26;0.10961159;BUY
2016-03-14T01:04:30.590000;2016-03-14T01:04:30.587000;5ca570fa-3f80-45ad-b59b-293fcbc48374;413.16;0.41575;BUY
2016-03-14T01:04:55.320000;2016-03-14T01:04:55.307000;ff093cbb-719c-4d37-8b8c-e1082a1da787;413.17;0.147276;BUY
2016-03-14T01:05:00.830000;2016-03-14T01:05:00.837000;597bc27e-4b2f-4c07-ae8b-9aa861f40dfe;413.17;1.39203;BUY
2016-03-14T01:05:14.323000;2016-03-14T01:05:14.373000;46484098-2f0e-4426-ad8b-33ee99a29553;413.16;0.19;SELL
2016-03-14T01:05:14.323000;2016-03-14T01:05:14.390000;47451404-4afe-4777-93ec-2677bf2ad9e6;413.16;0.05;SELL
2016-03-14T01:05:14.323000;2016-03-14T01:05:14.390000;af328334-b656-4b16-89be-dc31a87f7cfb;413.16;0.128;SELL
2016-03-14T01:05:30.563000;2016-03-14T01:05:30.610000;80e7de3e-23cb-4ffd-8e9b-3e99ed1865a2;413.22;3.43532;BUY
2016-03-14T01:06:00.643000;2016-03-14T01:06:00.687000;20f0f95f-1cb3-47ff-ac57-b08a53c29dc9;413.17;2.16387;BUY
2016-03-14T01:06:30.580000;2016-03-14T01:06:30.623000;7d00b741-94fa-436a-bbfc-d958c11732ce;413.16;0.01;SELL
2016-03-14T01:06:30.580000;2016-03-14T01:06:30.640000;14c7bf03-9e3d-4235-9c99-6a243ce3b171;413.16;0.05;SELL
2016-03-14T01:06:30.583000;2016-03-14T01:06:30.640000;0325840d-2172-406a-84e6-485e42d2430a;413.0;0.0115;SELL
2016-03-14T01:06:30.583000;2016-03-14T01:06:30.687000;af0686f2-6574-4b34-8a19-d8436dc09f66;412.93;2.2165;SELL
2016-03-14T01:07:00.800000;2016-03-14T01:07:00.860000;23477dde-01ba-44f9-bee1-cca9bc8a1ae2;413.13;0.01;SELL
2016-03-14T01:07:00.800000;2016-03-14T01:07:00.860000;c7ef64cf-aa52-44b3-874c-6aee7e8c6dbe;413.12;0.05;SELL
2016-03-14T01:07:00.800000;2016-03-14T01:07:00.860000;897fb60c-989d-4c80-a01c-82866ce7781f;413.06;0.093;SELL
2016-03-14T01:07:00.800000;2016-03-14T01:07:00.860000;66621a4a-8030-4ed8-938c-cf83efda5848;412.98;0.02;SELL
2016-03-14T01:07:00.800000;2016-03-14T01:07:00.860000;c08feacb-8d88-41c9-8ee9-76c33da0e181;412.92;7.21004;SELL
2016-03-14T01:07:00.800000;2016-03-14T01:07:00.890000;5bec8edc-8146-450f-b355-071d34a47576;412.92;0.05;SELL
2016-03-14T01:07:00.800000;2016-03-14T01:07:00.890000;d7fc8816-d1b4-4552-acfb-532bc5ac4ac6;412.89;0.01;SELL
2016-03-14T01:07:00.800000;2016-03-14T01:07:00.890000;57ce78de-83d0-488d-aaef-6396d98a1d85;412.79;0.084;SELL
2016-03-14T01:07:00.800000;2016-03-14T01:07:00.890000;23938445-ddf6-4abe-9812-d8327297fa2a;412.75;0.01;SELL
2016-03-14T01:07:00.800000;2016-03-14T01:07:00.907000;843a9c56-138e-49eb-bff1-e2e4386e7865;412.75;0.0115;SELL
2016-03-14T01:07:00.800000;2016-03-14T01:07:00.907000;ee9b6cdd-ad29-483e-acad-5f5a5355522b;412.69;0.074;SELL
2016-03-14T01:07:00.800000;2016-03-14T01:07:00.907000;79a1d2fd-79e5-4677-9316-978bca7d3d69;412.68;1.04;SELL
2016-03-14T01:07:00.800000;2016-03-14T01:07:00.907000;86960615-b946-4708-a355-14e45cac18e8;412.67;4.89467;SELL
2016-03-14T01:07:07.277000;2016-03-14T01:07:07.327000;deb11ba0-acdc-468d-a2dd-0345fe334279;412.86;0.01;SELL
2016-03-14T01:07:08.047000;2016-03-14T01:07:08.110000;8cb86e1d-bafa-4ebf-b380-fa964ec95c63;413.0;0.5;BUY
2016-03-14T01:07:30.697000;2016-03-14T01:07:30.733000;3a700c9f-8b82-49ce-87eb-def3abe8a084;413.0;0.05;BUY
2016-03-14T01:07:30.697000;2016-03-14T01:07:30.780000;202d9ad0-ae71-4bda-b05d-f32b9340b53b;413.0;1.13186;BUY
2016-03-14T01:08:31.017000;2016-03-14T01:08:31.047000;f7c7bb32-ff20-498d-ac2b-98dc5a4c7a6e;413.0;0.25;BUY
2016-03-14T01:08:31.017000;2016-03-14T01:08:31.077000;f8c18efa-7886-4935-8621-158e549ea5b7;413.01;0.01;BUY
2016-03-14T01:08:31.017000;2016-03-14T01:08:31.093000;c8c9f33d-1803-4b41-a6d1-1af79a43c180;413.02;0.05;BUY
2016-03-14T01:08:31.017000;2016-03-14T01:08:31.093000;652b1b37-7db4-4817-9c8b-eb73be3bbd69;413.03;0.83083;BUY
2016-03-14T01:08:46.533000;2016-03-14T01:08:46.577000;d2bc9d6e-ea80-411b-87de-015d04fdd852;413.15;0.01;BUY
2016-03-14T01:08:46.533000;2016-03-14T01:08:46.577000;27234503-ed7a-4f7f-8000-f1e10951f111;413.16;0.01;BUY
2016-03-14T01:08:46.533000;2016-03-14T01:08:46.593000;208ed341-a6bd-4b5d-8a70-0dcc6b9c63ae;413.26;0.23;BUY
2016-03-14T01:09:01.097000;2016-03-14T01:09:01.123000;2a9d0d3d-df3d-421f-ba70-78db7947dc30;413.06;2.73652;BUY
2016-03-14T01:09:30.823000;2016-03-14T01:09:30.860000;bbafa78b-1c8e-478a-b02c-456605f7f761;413.1;0.03679;BUY
2016-03-14T01:09:34.407000;2016-03-14T01:09:34.437000;eedd4c2f-fb9c-4c97-9e22-ac40ae895bf7;412.99;0.25;SELL
2016-03-14T01:09:34.407000;2016-03-14T01:09:34.467000;fd4ff772-5bde-4952-973f-69276c774e6a;412.98;0.01;SELL
2016-03-14T01:09:34.407000;2016-03-14T01:09:34.467000;8e9fc3d0-d6c8-4cf1-a60b-2b772513f67e;412.98;0.102;SELL
2016-03-14T01:09:34.407000;2016-03-14T01:09:34.467000;1d0866c1-6874-4853-ba03-f3f3c0ccda11;412.94;0.01;SELL
2016-03-14T01:09:34.407000;2016-03-14T01:09:34.467000;179039eb-3a09-4a7d-878d-9ccb104d3998;412.83;0.01;SELL
2016-03-14T01:09:34.407000;2016-03-14T01:09:34.467000;474e4452-218f-40ab-bcfe-2a72bb59ef60;412.8;2.518;SELL
2016-03-14T01:10:00.987000;2016-03-14T01:10:01.017000;776f2b05-139c-48a3-b561-833f4458c0e6;413.07;1.27565;BUY
2016-03-14T01:10:31.323000;2016-03-14T01:10:31.360000;f0d4f018-8d82-4739-bb02-88c74a022e81;413.06;0.10441;BUY
2016-03-14T01:11:01.893000;2016-03-14T01:11:01.920000;dbc348ac-9f7d-4ec3-8ae2-2960e93dd296;412.94;0.121;SELL
2016-03-14T01:11:01.893000;2016-03-14T01:11:01.920000;b22bc8cf-dfa8-4f1b-b7ba-a770e2154ba4;412.92;0.012079;SELL
2016-03-14T01:11:01.893000;2016-03-14T01:11:01.937000;29ef5ae1-fe4d-4e35-8307-ee759e6bd58b;412.92;0.15;SELL
2016-03-14T01:11:01.893000;2016-03-14T01:11:01.937000;f1b40027-a1a8-43db-841d-86488b248491;412.81;0.26;SELL
2016-03-14T01:11:01.893000;2016-03-14T01:11:01.937000;71d0f6f7-e62a-4450-ab8c-9f0eb3b43e9e;412.8;0.456921;SELL
2016-03-14T01:11:30.890000;2016-03-14T01:11:30.920000;28307de7-e278-4a9c-a64f-26c54df1e466;413.06;0.52;BUY
2016-03-14T01:11:30.890000;2016-03-14T01:11:30.937000;64e9d9ce-e63e-4bae-94c6-b99a38144602;413.07;0.22;BUY
2016-03-14T01:11:30.890000;2016-03-14T01:11:30.937000;a842a606-669a-4aa5-a3c0-26b6fa1be11d;413.07;0.5891;BUY
2016-03-14T01:11:30.893000;2016-03-14T01:11:30.953000;d382a204-0e75-4857-96c6-395da264427c;413.09;3.9;BUY
2016-03-14T01:11:30.893000;2016-03-14T01:11:30.953000;8f990fce-97ea-402d-abb8-3a717b0b79b8;413.1;0.52;BUY
2016-03-14T01:11:30.893000;2016-03-14T01:11:30.953000;17247f5a-9594-44e1-8099-e6f85d00a229;413.11;0.01;BUY
2016-03-14T01:11:30.893000;2016-03-14T01:11:30.953000;45a7e323-8895-4c2c-bb63-ba9936f9dd86;413.11;1.56;BUY
2016-03-14T01:11:30.893000;2016-03-14T01:11:30.953000;28f53bab-901f-4edd-afc7-88a9b0fc7e40;413.11;0.05;BUY
2016-03-14T01:11:30.893000;2016-03-14T01:11:30.967000;07c3fc32-2456-458b-bc7e-51da55e6e0c0;413.13;16.76412;BUY
2016-03-14T01:12:00.857000;2016-03-14T01:12:00.890000;93d9b6ea-3e8a-4b68-bf0f-6ed988a309b5;413.05;0.01;SELL
2016-03-14T01:12:00.857000;2016-03-14T01:12:00.890000;46947909-4ff7-48dd-b1f5-d65058a28917;413.03;0.27;SELL
2016-03-14T01:12:00.857000;2016-03-14T01:12:00.890000;5a769b7f-7788-4b1e-96b8-372f24705c5d;413.02;7.26262;SELL
2016-03-14T01:12:00.860000;2016-03-14T01:12:00.920000;a79579cd-f3ed-455e-bac3-6baa3c5202de;412.97;0.571;SELL
2016-03-14T01:12:00.860000;2016-03-14T01:12:00.920000;65a8248b-12f2-4f2d-9f5c-b3ed4e1c8f5d;412.96;0.01;SELL
2016-03-14T01:12:00.860000;2016-03-14T01:12:00.920000;23893fcc-a2e2-401e-b319-1c902c436543;412.8;0.78;SELL
2016-03-14T01:12:00.860000;2016-03-14T01:12:00.920000;5dd8bb68-c5f3-4827-85a7-4d7cfd28d9a2;412.79;0.615;SELL
2016-03-14T01:12:00.860000;2016-03-14T01:12:00.937000;e794bed0-8a3b-4778-9d2e-fa40d8e7f487;412.79;0.26;SELL
2016-03-14T01:12:00.860000;2016-03-14T01:12:00.937000;2c690f41-ac0b-42c0-b256-028fed832aec;412.78;0.05;SELL
2016-03-14T01:12:00.860000;2016-03-14T01:12:00.937000;de90b301-a2a9-46f7-aee0-00186312cee5;412.73;5.98;SELL
2016-03-14T01:12:00.860000;2016-03-14T01:12:00.937000;f8de0db2-6b66-4e21-9c73-6c64302119ee;412.72;0.073;SELL
2016-03-14T01:12:00.860000;2016-03-14T01:12:00.937000;378d0dea-24f5-42e1-ab7a-87a3b124feaa;412.69;0.01;SELL
2016-03-14T01:12:00.860000;2016-03-14T01:12:00.937000;effd6db8-a3ae-4ec4-8650-d51dc751c53e;412.68;3.38;SELL
2016-03-14T01:12:00.860000;2016-03-14T01:12:00.953000;e90b2703-40b2-4c9e-bebe-247d1bd6c67b;412.67;0.12;SELL
2016-03-14T01:12:00.860000;2016-03-14T01:12:00.953000;54025994-587e-4630-a8c6-3267e8ba1d79;412.63;0.63164;SELL
2016-03-14T01:12:26.967000;2016-03-14T01:12:27.000000;0a6879c0-802b-4cf3-aa6c-f7736c8e182b;412.98;0.01;SELL
2016-03-14T01:12:46.810000;2016-03-14T01:12:46.843000;e7d5d4d6-3332-4b37-af1d-0af2003bf322;413.0;0.01;BUY
2016-03-14T01:12:46.810000;2016-03-14T01:12:46.860000;e95da39e-66ee-48d5-9aa7-28aa2cfd7081;413.01;0.21;BUY
2016-03-14T01:12:46.810000;2016-03-14T01:12:46.860000;019cd9b9-c388-48b8-909d-d669f300d5ef;413.09;0.319;BUY
2016-03-14T01:12:46.810000;2016-03-14T01:12:46.860000;f781815f-42d7-4994-9786-b836cc0dc26e;413.1;4.261;BUY
2016-03-14T01:13:09.240000;2016-03-14T01:13:09.267000;0184eeeb-64ef-4e26-b288-e4d867698345;413.11;0.01;BUY
2016-03-14T01:13:09.240000;2016-03-14T01:13:09.280000;5a1084ea-1bc1-4079-bea5-defed87d5f6f;413.16;0.01;BUY
2016-03-14T01:13:09.240000;2016-03-14T01:13:09.280000;8c2611e7-71f4-4fc0-a67f-97265a8a5d3f;413.17;0.01;BUY
2016-03-14T01:13:09.240000;2016-03-14T01:13:09.297000;d65b244b-98ef-430c-8427-6c636e47a381;413.18;0.01;BUY
2016-03-14T01:13:09.240000;2016-03-14T01:13:09.297000;76748ee0-4df7-4aa1-aa7f-dcb24c200f1f;413.18;1.31196401;BUY
2016-03-14T01:13:31.087000;2016-03-14T01:13:31.110000;8806d005-5d56-4dce-a87d-e213cd7b40ba;413.12;0.273;BUY
2016-03-14T01:13:31.087000;2016-03-14T01:13:31.110000;8103a973-634f-4a86-9626-253ff0430fd9;413.13;0.96141;BUY
2016-03-14T01:13:59.710000;2016-03-14T01:13:59.733000;0f34e043-0c90-42c6-9080-1b4fdba84086;413.19;0.01;BUY
2016-03-14T01:13:59.710000;2016-03-14T01:13:59.750000;80629da7-2fe6-4b41-859f-bc1e7be286ca;413.23;0.0995;BUY
2016-03-14T01:14:01.000000;2016-03-14T01:14:01.030000;0029b213-f3c3-4c1b-8b91-3e55df931a1a;413.25;0.01;BUY
2016-03-14T01:14:01.000000;2016-03-14T01:14:01.047000;8f501cf7-f9ba-44ed-949b-95b3fd3607a0;413.26;0.09317;BUY
2016-03-14T01:14:02.123000;2016-03-14T01:14:02.140000;4202e5c9-a1b7-4ff0-90b9-d2217fbff1d0;413.07;0.26;SELL
2016-03-14T01:15:30.870000;2016-03-14T01:15:30.890000;58a78953-7d2a-489f-a619-9611d4345682;413.13;0.23966;BUY
2016-03-14T01:16:01.023000;2016-03-14T01:16:01.030000;09eecbec-f872-4f93-a688-89cd416707d0;413.15;0.43649;BUY
2016-03-14T01:16:31.083000;2016-03-14T01:16:31.093000;e5b69033-7ccc-484f-93af-5fefd4086b5f;413.05;0.111;SELL
2016-03-14T01:16:31.083000;2016-03-14T01:16:31.123000;5f0f1425-a4fc-4014-99a9-27fd2aa8094d;413.04;0.22;SELL
2016-03-14T01:16:31.083000;2016-03-14T01:16:31.123000;26ac4c1a-913c-4961-bd30-fe57ce171333;413.0;0.012076;SELL
2016-03-14T01:16:31.083000;2016-03-14T01:16:31.123000;eaa52c72-e92f-48d4-9ae0-05a2e0e72411;413.0;0.0115;SELL
2016-03-14T01:16:31.083000;2016-03-14T01:16:31.123000;c4934505-4490-4b02-bd8f-91283ade78b1;412.96;7.23554;SELL
2016-03-14T01:16:31.083000;2016-03-14T01:16:31.123000;c314d1fb-42de-470e-9452-03b46a10381b;412.95;0.01;SELL
2016-03-14T01:16:31.083000;2016-03-14T01:16:31.140000;94ca3e68-0e11-4407-a97e-f86dd51ed85a;412.95;0.25;SELL
2016-03-14T01:16:31.083000;2016-03-14T01:16:31.140000;3158b6b2-6506-43ce-825b-56e25e066b40;412.93;0.127;SELL
2016-03-14T01:16:31.087000;2016-03-14T01:16:31.157000;5e16842c-5a7a-4f1c-9e86-c76bb18f5bb3;412.76;11.7;SELL
2016-03-14T01:16:31.087000;2016-03-14T01:16:31.170000;8e25de95-1697-4726-9e72-ea81ea1a6bb4;412.75;0.01;SELL
2016-03-14T01:16:31.087000;2016-03-14T01:16:31.170000;3cd452d6-b181-4431-a4cc-2601a8fcc0a2;412.65;4.274504;SELL
2016-03-14T01:17:02.933000;2016-03-14T01:17:02.953000;750cdf3a-dc08-4964-a3f4-b428dea5b689;413.04;1.88372;BUY
2016-03-14T01:17:31.000000;2016-03-14T01:17:31.030000;7acdaaea-afd1-4d45-9537-6e868c5bd981;413.1;0.12295;BUY
2016-03-14T01:18:01.220000;2016-03-14T01:18:01.250000;70e1d1d7-1376-42b9-859e-1028bd3c3db8;413.0;0.25;SELL
2016-03-14T01:18:01.220000;2016-03-14T01:18:01.250000;a30d92d3-21f7-4827-b239-b0f8fd04f456;413.0;0.121;SELL
2016-03-14T01:18:01.220000;2016-03-14T01:18:01.250000;b991f6a9-89d0-4c31-b5c5-6783c3ef8a92;412.97;0.01;SELL
2016-03-14T01:18:01.220000;2016-03-14T01:18:01.250000;63495219-e9f5-43d2-9b87-4e53eb1bb1b7;412.95;0.124;SELL
2016-03-14T01:18:01.220000;2016-03-14T01:18:01.250000;d2ba49a5-1d66-4ec0-be92-de508ca3c843;412.9;0.01;SELL
2016-03-14T01:18:01.220000;2016-03-14T01:18:01.280000;a05698d4-b415-40cb-841b-012e2c68c5ad;412.9;0.092;SELL
2016-03-14T01:18:01.220000;2016-03-14T01:18:01.280000;cb100693-6bac-4aa9-823c-b518a595835d;412.81;0.26;SELL
2016-03-14T01:18:01.220000;2016-03-14T01:18:01.280000;4092f8ff-0b4e-485f-8f03-457a21bb9279;412.8;5.81819;SELL
2016-03-14T01:19:00.840000;2016-03-14T01:19:00.843000;e9710bc7-3623-4435-bdb2-b36b3ab4affb;413.01;0.03111;BUY
2016-03-14T01:19:30.987000;2016-03-14T01:19:31.000000;ecb4e6b5-d3af-4c67-93f4-0ef9c3291c8c;412.98;0.25;SELL
2016-03-14T01:19:30.987000;2016-03-14T01:19:31.017000;b81025a0-c594-4bc2-82c3-e8bcebe0c0c2;412.97;0.01;SELL
2016-03-14T01:19:30.987000;2016-03-14T01:19:31.030000;d80dbce9-ba64-4ce2-bda8-7da22fdf9c32;412.95;0.01;SELL
2016-03-14T01:19:30.987000;2016-03-14T01:19:31.030000;d11dbc91-6749-4054-9dc0-98e064b0491d;412.93;0.129;SELL
2016-03-14T01:19:30.987000;2016-03-14T01:19:31.030000;b09023f7-caf7-4924-8d57-4a1eeb9e3e1a;412.89;0.25;SELL
2016-03-14T01:19:30.987000;2016-03-14T01:19:31.030000;785e9059-c156-487a-8f5b-b9901fb206e5;412.88;0.086;SELL
2016-03-14T01:19:30.987000;2016-03-14T01:19:31.030000;9a0854fc-40ab-4186-a607-0e057fcafb92;412.83;7.24196;SELL
2016-03-14T01:19:30.987000;2016-03-14T01:19:31.077000;7d332665-ba76-4058-af9f-fd3fb0538aab;412.82;0.122;SELL
2016-03-14T01:19:30.987000;2016-03-14T01:19:31.093000;27ad5b34-1a86-49e6-a3e1-04aff228a2b8;412.72;0.01;SELL
2016-03-14T01:19:30.987000;2016-03-14T01:19:31.093000;fec43c95-2759-4143-baa2-58dd753403d4;412.62;0.105;SELL
2016-03-14T01:19:30.987000;2016-03-14T01:19:31.093000;4528db14-aca0-495f-ac8e-b04fa88d4788;412.57;0.078;SELL
2016-03-14T01:19:30.987000;2016-03-14T01:19:31.093000;90cf6123-c247-4037-8b8b-61f8b1d67bc5;412.53;5.0;SELL
2016-03-14T01:19:30.987000;2016-03-14T01:19:31.093000;b56a4f4f-49d1-4a2c-895b-03f141933cc4;412.52;0.01;SELL
2016-03-14T01:19:30.987000;2016-03-14T01:19:31.093000;9af72ea4-d7bc-49d7-a96f-3aac33dc515d;412.52;0.129;SELL
2016-03-14T01:19:30.987000;2016-03-14T01:19:31.093000;5d5e4799-4843-47a1-89d0-c852bf28a148;412.5;0.0115;SELL
2016-03-14T01:19:30.987000;2016-03-14T01:19:31.093000;670221d9-c15c-48e0-a697-b58fad26c276;412.48;2.86;SELL
2016-03-14T01:19:30.987000;2016-03-14T01:19:31.093000;7e4d920c-8d35-49c1-a28c-80a38ec08121;412.47;0.086;SELL
2016-03-14T01:19:30.990000;2016-03-14T01:19:31.123000;fdf66ba7-7c78-4a24-a948-fbb1ecff0bde;412.47;3.12;SELL
2016-03-14T01:19:30.990000;2016-03-14T01:19:31.123000;eb4d4764-c9ef-45d8-8225-17e040c4706c;412.46;0.44;SELL
2016-03-14T01:19:30.990000;2016-03-14T01:19:31.123000;2c7df99a-6fb3-46ad-8c97-b7fb58a1c455;412.42;7.02;SELL
2016-03-14T01:19:30.990000;2016-03-14T01:19:31.123000;e5e12db0-1a1d-4e75-b8f4-3f822ce769a6;412.41;0.46;SELL
2016-03-14T01:19:30.990000;2016-03-14T01:19:31.123000;5e36a3ea-aeaa-41bb-b4fc-6a7a219585f2;412.4;0.05;SELL
2016-03-14T01:19:30.990000;2016-03-14T01:19:31.123000;4266f857-5341-4507-a269-35ae9360694f;412.4;3.38;SELL
2016-03-14T01:19:30.990000;2016-03-14T01:19:31.123000;2ce52275-b45c-41d0-afca-afd47a323553;412.38;4.0;SELL
2016-03-14T01:19:30.990000;2016-03-14T01:19:31.123000;a3eb733f-786b-4d15-a295-c8f843f70142;412.37;7.28;SELL
2016-03-14T01:19:30.990000;2016-03-14T01:19:31.123000;b3e80689-4287-4d1e-90d2-3e96198a9b48;412.36;0.48;SELL
2016-03-14T01:19:30.990000;2016-03-14T01:19:31.123000;69c663a0-a516-4755-ab19-f4fe749045bb;412.32;7.02;SELL
2016-03-14T01:19:30.990000;2016-03-14T01:19:31.140000;5c48d0f1-49a2-419e-ac75-b522daae7343;412.31;0.36154;SELL
2016-03-14T01:20:01.207000;2016-03-14T01:20:01.220000;bd6fdc41-2b49-49ad-bc6b-f9a03e995fb5;412.55;0.01;SELL
2016-03-14T01:20:01.207000;2016-03-14T01:20:01.220000;f3770fd9-5cdb-4282-9591-c089777b0094;412.54;5.0;SELL
2016-03-14T01:20:01.207000;2016-03-14T01:20:01.233000;bcbcf9c3-517d-48a3-9d38-218854efab20;412.52;3.99944;SELL
2016-03-14T01:20:31.707000;2016-03-14T01:20:31.753000;cab7cebb-cef9-4567-b3b9-ab35bb210403;412.74;0.52;BUY
2016-03-14T01:20:31.707000;2016-03-14T01:20:31.753000;62f19eb5-3e6f-4149-9238-0101f96b254b;412.75;0.01;BUY
2016-03-14T01:20:31.707000;2016-03-14T01:20:31.783000;c4729ebc-7ee0-4ba3-b166-84f3adfc834b;412.78;1.82;BUY
2016-03-14T01:20:31.707000;2016-03-14T01:20:31.783000;58c313df-b636-48c4-920a-020078339903;412.78;3.92324;BUY
2016-03-14T01:20:50.107000;2016-03-14T01:20:50.143000;dbed05b4-f00d-4bbb-a7cc-55f1746da9d7;412.62;0.15095667;SELL
2016-03-14T01:20:50.107000;2016-03-14T01:20:50.160000;fa928bf0-0862-495d-be77-f512d35e214d;412.62;0.078;SELL
2016-03-14T01:20:50.107000;2016-03-14T01:20:50.177000;2ff55ec1-9924-4bf5-afd6-6649ac445918;412.57;0.095;SELL
2016-03-14T01:20:50.107000;2016-03-14T01:20:50.177000;00807722-f712-470c-9ebd-a3d51d055c5f;412.55;0.01;SELL
2016-03-14T01:20:50.107000;2016-03-14T01:20:50.177000;efd736cd-45d6-45cf-bdb5-de5878818c0b;412.52;0.073;SELL
2016-03-14T01:20:50.107000;2016-03-14T01:20:50.190000;9a15802f-beee-4442-bdde-37fe09a5fb33;412.44;2.59304333;SELL
2016-03-14T01:21:01.327000;2016-03-14T01:21:01.363000;6d9fe2d4-e727-4316-8247-8986519baba7;412.59;0.15352;BUY
2016-03-14T01:21:33.013000;2016-03-14T01:21:33.050000;78e2b70f-9fd3-4e11-ba1d-2c46b5e3d8a1;412.52;2.20073;BUY
2016-03-14T01:22:09.687000;2016-03-14T01:22:09.723000;a215b981-81b3-4894-a4ab-2a5bb0c3304c;412.61;0.09025358;SELL
2016-03-14T01:23:01.350000;2016-03-14T01:23:01.393000;e72db7dc-6272-47b3-bf95-f761d340352f;412.72;0.03878;SELL
2016-03-14T01:23:15.320000;2016-03-14T01:23:15.347000;b4ea327c-395c-442d-8c73-0e3cc6b6f928;412.78;0.01;BUY
2016-03-14T01:23:15.323000;2016-03-14T01:23:15.363000;bce171a9-ce8b-4bcb-9c2b-90db53c6fe48;412.79;0.26;BUY
2016-03-14T01:23:15.323000;2016-03-14T01:23:15.363000;75fadcd7-54c7-40e7-8edf-3fb38bfd1dcd;412.8;0.21;BUY
2016-03-14T01:23:31.510000;2016-03-14T01:23:31.533000;75935655-76a5-467b-8edd-b686ba13cc6c;412.82;0.01;BUY
2016-03-14T01:23:31.510000;2016-03-14T01:23:31.567000;f7345d9e-b833-4a93-a015-4ccd9fb72dee;412.84;0.10757;BUY
2016-03-14T01:24:00.917000;2016-03-14T01:24:00.957000;275c1f44-c70f-4f4c-baa1-b42889c40a8d;412.8;0.25;BUY
2016-03-14T01:24:00.917000;2016-03-14T01:24:00.957000;82f25f6c-100c-4e91-9466-e475b5ca1430;412.81;0.06205952;BUY
2016-03-14T01:24:00.917000;2016-03-14T01:24:00.957000;b1f8efa9-7d84-4016-8dab-7fb3e2c3a29e;412.84;0.11515048;BUY
2016-03-14T01:24:30.093000;2016-03-14T01:24:30.113000;423af70e-d8fb-4bc1-880d-348e9fc75426;412.83;0.14473123;SELL
2016-03-14T01:24:31.533000;2016-03-14T01:24:31.550000;a0a80058-4a14-4c7d-ad00-f8b314800ced;412.83;0.05649;SELL
2016-03-14T01:24:34.043000;2016-03-14T01:24:34.083000;08647c87-3fde-437a-8388-290f59137195;412.84;0.01509256;BUY
2016-03-14T01:24:34.783000;2016-03-14T01:24:34.800000;19daeb3b-7b3c-42a0-8495-65ab2dc19482;412.84;0.01;BUY
2016-03-14T01:24:39.130000;2016-03-14T01:24:39.160000;498fcec2-e4f5-4235-b8d3-b33c005326d1;412.83;0.02080914;SELL
2016-03-14T01:25:00.860000;2016-03-14T01:25:00.880000;1f2fe8d2-9206-406a-955d-13ed6d89789a;412.83;4.25908;SELL
2016-03-14T01:25:31.540000;2016-03-14T01:25:31.567000;fedb0b0f-e50a-4844-9693-d6c35cf6cf2b;412.84;0.00218696;BUY
2016-03-14T01:25:31.540000;2016-03-14T01:25:31.583000;3aebe955-110c-4b02-944a-b52cfa6adc51;412.84;0.153;BUY
2016-03-14T01:25:31.543000;2016-03-14T01:25:31.583000;f89a5208-e992-4102-88ed-a595ef45628a;412.84;0.241;BUY
2016-03-14T01:25:31.543000;2016-03-14T01:25:31.597000;e698f10b-50d7-481e-bbcb-2ef3971e74d4;412.84;0.08332304;BUY
2016-03-14T01:26:10.187000;2016-03-14T01:26:10.207000;bc2a4a1c-d056-4a98-ad05-0f6a94a3f7da;412.84;0.15767696;BUY
2016-03-14T01:26:10.187000;2016-03-14T01:26:10.223000;aaf9d6f3-5fbb-45dc-8122-b24c772c559f;412.84;0.02932304;BUY
2016-03-14T01:26:20.280000;2016-03-14T01:26:20.300000;4f4ef060-b8b6-4b67-9d06-46e4a31747da;412.84;0.21167696;BUY
2016-03-14T01:26:20.280000;2016-03-14T01:26:20.317000;78cbb23d-0637-4008-8f7a-d8ec875f27ab;412.84;0.24032;BUY
2016-03-14T01:26:20.280000;2016-03-14T01:26:20.317000;8f9c333a-36a4-42a2-ae17-41aaf2a82ef9;412.84;0.09447496;BUY
2016-03-14T01:26:20.280000;2016-03-14T01:26:20.347000;fc8cfec8-9326-4bfc-ac11-eb4ba048fdfd;412.84;0.061;BUY
2016-03-14T01:26:30.977000;2016-03-14T01:26:31.003000;3b23bcd0-7c72-40d4-a77d-063df3738a37;412.96;0.25;BUY
2016-03-14T01:26:30.977000;2016-03-14T01:26:31.020000;766738b4-da4b-491a-92f4-edb2c0c21dc5;412.97;0.01522684;BUY
2016-03-14T01:26:30.977000;2016-03-14T01:26:31.037000;9d5c73fd-bee7-40b9-b419-d5b349c9c9e9;412.99;0.01;BUY
2016-03-14T01:26:30.977000;2016-03-14T01:26:31.037000;c376cfb5-d47f-4f90-8aab-d10284acb162;413.0;0.01;BUY
2016-03-14T01:26:30.977000;2016-03-14T01:26:31.037000;5802c5c3-ee03-4cbc-add7-db14002e59c3;413.0;0.01;BUY
2016-03-14T01:26:30.980000;2016-03-14T01:26:31.037000;90d6aaf4-47f3-4bcc-a641-8c5d631af609;413.1;0.01;BUY
2016-03-14T01:26:30.980000;2016-03-14T01:26:31.083000;f6a13271-ee10-4143-9756-aef55d3fe598;413.1;0.01;BUY
2016-03-14T01:26:30.980000;2016-03-14T01:26:31.097000;acde4cfb-3a0d-46e4-8da0-dae467283a3e;413.1;0.178;BUY
2016-03-14T01:26:30.980000;2016-03-14T01:26:31.097000;6acf8e37-822a-4952-b29a-b1d1e1002fa1;413.13;0.01;BUY
2016-03-14T01:26:30.980000;2016-03-14T01:26:31.097000;c88dd6f3-00a1-452b-a763-c9e282ff4862;413.13;0.25;BUY
2016-03-14T01:26:30.980000;2016-03-14T01:26:31.097000;f5a6076b-a2ca-4213-86f7-2e63de4b11a4;413.13;0.01;BUY
2016-03-14T01:26:30.980000;2016-03-14T01:26:31.097000;ca46152e-4d49-49ab-88a2-8e821eadf943;413.14;0.01;BUY
2016-03-14T01:26:30.980000;2016-03-14T01:26:31.097000;11786dad-fe9c-43ca-b6dc-2e1e8af38b92;413.15;0.178;BUY
2016-03-14T01:26:30.980000;2016-03-14T01:26:31.097000;00217f3b-8ded-4ed5-a1e0-6c1aaef9443c;413.18;0.01;BUY
2016-03-14T01:26:30.980000;2016-03-14T01:26:31.097000;fe50790d-f36d-4b54-9656-a8acb316380f;413.19;0.25;BUY
2016-03-14T01:26:30.980000;2016-03-14T01:26:31.097000;c31ead71-7f14-416f-94a9-a290eeab3474;413.2;0.33;BUY
2016-03-14T01:26:30.980000;2016-03-14T01:26:31.097000;ce3ba1b8-00fb-4f3a-b0c7-d7596c0a50e8;413.24;0.65776316;BUY
2016-03-14T01:26:46.200000;2016-03-14T01:26:46.223000;8b14fbd5-6591-4376-905d-f38618114562;413.25;0.01;BUY
2016-03-14T01:26:46.200000;2016-03-14T01:26:46.237000;738f07cb-c6e9-4715-ad23-859331a82544;413.27;0.05;BUY
2016-03-14T01:26:46.200000;2016-03-14T01:26:46.237000;8084071b-8d97-4652-b07e-85b3564ffcfa;413.29;0.01;BUY
2016-03-14T01:26:46.200000;2016-03-14T01:26:46.237000;4b81751f-ee1a-460f-ab60-eac9e6709869;413.29;0.04;BUY
2016-03-14T01:27:01.473000;2016-03-14T01:27:01.487000;7d3847c9-9d91-4aaa-be3b-f3c9237f8bde;413.23;2.66071;BUY
2016-03-14T01:27:09.417000;2016-03-14T01:27:09.440000;95a65b17-5465-4969-b195-8b3c14775d2b;413.27;0.09059189;BUY
2016-03-14T01:27:31.073000;2016-03-14T01:27:31.097000;0605663b-28e4-440e-aa76-1271b0d93ce4;413.05;1.55723;BUY
2016-03-14T01:27:48.230000;2016-03-14T01:27:48.237000;998f714b-f83e-4041-9818-caba3f8a58a9;413.12;0.25;BUY
2016-03-14T01:28:00.880000;2016-03-14T01:28:00.893000;9df34236-4d93-464e-bbe9-179f8b39741e;413.09;0.01;SELL
2016-03-14T01:28:00.880000;2016-03-14T01:28:00.910000;b97063a3-b683-4530-8f8a-d7b20872f8b0;413.08;0.01;SELL
2016-03-14T01:28:00.880000;2016-03-14T01:28:00.910000;7ff1c166-cfb7-468a-8ab3-909b3449ac2c;413.03;0.1;SELL
2016-03-14T01:28:00.880000;2016-03-14T01:28:00.910000;1c483411-574f-4228-b798-aeb5dacc5673;412.98;0.105;SELL
2016-03-14T01:28:00.883000;2016-03-14T01:28:00.927000;01e3342f-ea41-41c3-8241-b393e2b85f05;412.97;0.26;SELL
2016-03-14T01:28:00.883000;2016-03-14T01:28:00.927000;0e1104bd-b553-4286-be9b-fe3343d9c8a5;412.93;0.88527;SELL
2016-03-14T01:28:30.883000;2016-03-14T01:28:30.893000;cd3c499f-6148-432b-a712-50e39135de7f;413.01;2.93118;BUY
2016-03-14T01:29:01.443000;2016-03-14T01:29:01.457000;cea9f2ec-97c0-4ab5-9910-d2be5d4465b1;412.97;0.01;SELL
2016-03-14T01:29:01.443000;2016-03-14T01:29:01.473000;10e4e6d4-9a80-414a-9fe2-2a18ec2d3fdf;412.96;0.01;SELL
2016-03-14T01:29:01.443000;2016-03-14T01:29:01.473000;d14647f8-2be4-4ba0-9d69-8e2363c7b77a;412.94;0.118;SELL
2016-03-14T01:29:01.443000;2016-03-14T01:29:01.473000;d3b5cfc3-ec53-4622-a4c5-9039c9735918;412.89;0.122;SELL
2016-03-14T01:29:01.443000;2016-03-14T01:29:01.487000;1516e88f-508a-4f3d-8655-adfdc63f7cb3;412.87;0.01;SELL
2016-03-14T01:29:01.443000;2016-03-14T01:29:01.567000;d5e569be-1f63-43b8-8c8e-02c0c06bfbd1;412.84;0.114;SELL
2016-03-14T01:29:01.443000;2016-03-14T01:29:01.567000;37223e60-53de-4301-ac67-609f01d666e7;412.82;4.45989;SELL
2016-03-14T01:30:02.210000;2016-03-14T01:30:02.223000;4274dd07-c632-496e-b4df-fb8bfc51f9d2;412.93;0.21955;BUY
2016-03-14T01:30:32.110000;2016-03-14T01:30:32.113000;3fb22b4e-f800-4298-a15d-acaeb84265ed;412.91;0.0935;BUY
2016-03-14T01:31:01.113000;2016-03-14T01:31:01.130000;d878dce1-6f98-4590-a2d9-eca837ec4e04;412.94;0.25;BUY
2016-03-14T01:31:01.117000;2016-03-14T01:31:01.130000;ebf2b1b5-3504-4279-ba59-f63829879f11;412.94;0.11;BUY
2016-03-14T01:31:01.117000;2016-03-14T01:31:01.143000;ed8fc294-afb6-4662-837f-940767cc2721;413.08;6.36317;BUY
2016-03-14T01:31:31.237000;2016-03-14T01:31:31.270000;f23aabd2-a268-44f1-89af-f92235e34681;412.98;0.2096;BUY
2016-03-14T01:32:01.013000;2016-03-14T01:32:01.020000;f095e59a-3b93-40e1-9cd4-e49fe641cb77;413.04;0.01174;BUY
2016-03-14T01:32:31.427000;2016-03-14T01:32:31.440000;73109f9f-4e08-455d-9dd8-2003ae91c270;413.07;0.09208;BUY
2016-03-14T01:33:01.263000;2016-03-14T01:33:01.270000;bab41a36-5d30-4bcc-8900-6448bd53fd92;413.1;0.01;BUY
2016-03-14T01:33:01.263000;2016-03-14T01:33:01.287000;c366f373-2056-488f-84bb-4f50eec51571;413.1;0.01;BUY
2016-03-14T01:33:01.267000;2016-03-14T01:33:01.287000;78fb58b2-c666-422e-b130-f6ddfb13db0a;413.11;0.192;BUY
2016-03-14T01:33:08.207000;2016-03-14T01:33:08.223000;8faca81a-f41d-43d3-b5c1-82e11960d634;413.05;0.1711105;SELL
2016-03-14T01:33:31.663000;2016-03-14T01:33:31.677000;82730215-09d3-4e3a-bfeb-efcfb2a76d8a;412.96;0.01;SELL
2016-03-14T01:33:31.663000;2016-03-14T01:33:31.677000;9128cb48-68c1-4cd2-a531-bb3ff9fa1ca6;412.95;0.213;SELL
2016-03-14T01:33:31.663000;2016-03-14T01:33:31.677000;f6d756a0-d8a1-4e9d-a5a8-d753e8e01319;412.95;1.9762;SELL
2016-03-14T01:33:50.980000;2016-03-14T01:33:50.973000;b9364535-326a-4b25-99f5-adf37a2f80c8;412.95;0.03053125;SELL
2016-03-14T01:34:32.640000;2016-03-14T01:34:32.643000;6f0999ad-fae8-44a9-bc9f-3263a61bb155;413.05;0.03836687;BUY
2016-03-14T01:34:32.640000;2016-03-14T01:34:32.660000;09d9d8ac-351b-4937-8dcc-c9ee4aaedcfc;413.08;1.04;BUY
2016-03-14T01:34:32.640000;2016-03-14T01:34:32.660000;fc99979f-2cc4-4325-9e3a-7b7daa191df1;413.09;0.01;BUY
2016-03-14T01:34:32.640000;2016-03-14T01:34:32.677000;44c8e71f-873b-450b-b803-c3b2728c101d;413.12;0.30572313;BUY
2016-03-14T01:35:02.840000;2016-03-14T01:35:02.847000;f26f6bdf-4b4b-4ddf-863f-46b12ecfc4fb;413.02;0.26;BUY
2016-03-14T01:35:02.840000;2016-03-14T01:35:02.847000;9583eb9c-84a1-49ae-a340-ea3af7dc30f9;413.03;3.53129;BUY
2016-03-14T01:35:31.340000;2016-03-14T01:35:31.373000;56603b96-c423-447c-867f-5279c981114a;413.07;2.0;BUY
2016-03-14T01:36:01.173000;2016-03-14T01:36:01.200000;fad96163-e9f9-4147-88c4-2db9a00ac744;413.08;0.445;BUY
2016-03-14T01:36:01.173000;2016-03-14T01:36:01.217000;1c4002cf-4e84-43dd-9b94-2f8e8c12a7d2;413.09;2.27147;BUY
2016-03-14T01:36:31.190000;2016-03-14T01:36:31.217000;ce6e4593-4963-4592-94bf-81e9fd1108cc;413.07;0.87004;BUY
2016-03-14T01:37:01.263000;2016-03-14T01:37:01.310000;584606aa-a81a-4dc6-b5fd-60a16fbb36fa;413.05;0.52;BUY
2016-03-14T01:37:01.263000;2016-03-14T01:37:01.327000;95aaef68-aa5b-4d31-bbb0-97aac8155809;413.06;0.12722;BUY
2016-03-14T01:37:17.863000;2016-03-14T01:37:17.903000;aeb5756c-3c44-4d47-a36b-cb4b3d5f0a3b;412.95;0.01;SELL
2016-03-14T01:37:17.863000;2016-03-14T01:37:17.903000;a85ec646-511d-4087-8b4c-a694986f5ff2;412.94;0.01;SELL
2016-03-14T01:37:27.857000;2016-03-14T01:37:27.890000;6e217196-bb2c-4a44-9014-846d686338c0;412.93;0.02126934;SELL
2016-03-14T01:37:31.463000;2016-03-14T01:37:31.500000;c81b73e6-e567-48f8-802e-623c698c4236;412.94;0.02988011;BUY
2016-03-14T01:37:31.463000;2016-03-14T01:37:31.513000;0223121e-14cc-4211-92f0-7640b7f26874;413.05;0.02;BUY
2016-03-14T01:37:31.463000;2016-03-14T01:37:31.530000;aef0635d-f28d-46e3-8f4b-e4704481b5cb;413.08;0.01;BUY
2016-03-14T01:37:31.463000;2016-03-14T01:37:31.530000;e364263e-4155-47c5-af59-a1bf489f6a8c;413.12;3.22099989;BUY
2016-03-14T01:37:34.850000;2016-03-14T01:37:34.873000;42b25e0b-0f64-45d9-9ec9-b6489571fbf6;412.95;0.01;SELL
2016-03-14T01:37:34.850000;2016-03-14T01:37:34.890000;6a3213e2-745c-4c41-85ed-68633095b156;412.95;0.00369365;SELL
2016-03-14T01:37:50.667000;2016-03-14T01:37:50.703000;15b86c91-43cf-4a2b-b287-92b1042d5e6b;412.95;0.10332927;SELL
2016-03-14T01:37:56.170000;2016-03-14T01:37:56.203000;24ac5bf3-aa3c-4b5d-bdaf-53800c825f3e;412.95;0.01909822;SELL
2016-03-14T01:38:01.137000;2016-03-14T01:38:01.170000;adebe859-2e1c-46cf-8472-e31146b2984a;412.95;0.01127041;SELL
2016-03-14T01:38:01.570000;2016-03-14T01:38:01.607000;f78c1d6f-9823-4d13-bbee-aecb28ccafb1;413.11;1.82;BUY
2016-03-14T01:38:01.570000;2016-03-14T01:38:01.640000;d2599bac-b0ea-4256-ae44-57bbb650a8e9;413.12;0.01;BUY
2016-03-14T01:38:01.570000;2016-03-14T01:38:01.640000;b032ac69-f92c-43ce-abbc-32bb05810d93;413.12;0.78;BUY
2016-03-14T01:38:01.570000;2016-03-14T01:38:01.640000;c8bde999-8bd7-490b-bde9-b1f52a73aa27;413.14;0.01;BUY
2016-03-14T01:38:01.570000;2016-03-14T01:38:01.640000;3d46629b-8ae8-441a-ac04-16fa7c259924;413.14;1.04;BUY
2016-03-14T01:38:01.570000;2016-03-14T01:38:01.640000;51d12eca-385f-4a05-9caa-2f0a5f228a80;413.15;0.25;BUY
2016-03-14T01:38:01.573000;2016-03-14T01:38:01.653000;ffff9b7c-b58b-4007-aef6-7fb7481d771b;413.15;0.13761;BUY
2016-03-14T01:38:10.000000;2016-03-14T01:38:10.060000;709dc3d3-04ce-474a-b0f5-64e7ca5f0d41;412.99;0.01;SELL
2016-03-14T01:38:10.000000;2016-03-14T01:38:10.060000;87fcf193-9643-4c47-ac16-7cf9de1e9ec0;412.98;0.0277299;SELL
2016-03-14T01:38:31.073000;2016-03-14T01:38:31.107000;1533e890-2928-463c-9556-f5989420eacc;413.05;1.29816;BUY
2016-03-14T01:38:46.310000;2016-03-14T01:38:46.343000;e4f4ef3c-69eb-48bf-a5b8-02e2d40aa027;412.92;0.0529286;SELL
2016-03-14T01:38:59.830000;2016-03-14T01:38:59.857000;cf0cc035-42af-4ef7-b34b-863a4a67257c;412.94;0.01;SELL
2016-03-14T01:38:59.830000;2016-03-14T01:38:59.890000;216f3a27-ba98-40d2-877e-52c3fb520c50;412.93;0.01;SELL
2016-03-14T01:38:59.830000;2016-03-14T01:38:59.890000;db8db96a-8283-4a9b-a7c2-a6c3c0a40afd;412.92;0.00856334;SELL
2016-03-14T01:39:05.420000;2016-03-14T01:39:05.453000;312a770a-ac60-4ce5-aa7c-6621e67dba6e;412.92;0.01894272;SELL
2016-03-14T01:39:10.537000;2016-03-14T01:39:10.593000;4f579edd-6bb2-41a1-afe4-aee07ccc2dc9;412.92;0.01391021;SELL
2016-03-14T01:39:31.107000;2016-03-14T01:39:31.140000;e0a83fed-3aa2-4752-9224-87c5f7b2affd;412.92;0.15565513;SELL
2016-03-14T01:39:31.107000;2016-03-14T01:39:31.153000;fa490333-b328-4608-8ceb-afdbd37ddff4;412.92;0.16;SELL
2016-03-14T01:39:31.107000;2016-03-14T01:39:31.153000;ca5ea3b2-6b16-49e9-96a7-c1989d6787af;412.91;0.25;SELL
2016-03-14T01:39:31.107000;2016-03-14T01:39:31.153000;cbd384ce-bfbd-422a-90b1-c76ab8cc25fa;412.9;3.43434487;SELL
2016-03-14T01:39:59.417000;2016-03-14T01:39:59.453000;fe16125d-b53e-458a-944e-e36818744a0f;412.96;0.1;BUY
2016-03-14T01:40:01.170000;2016-03-14T01:40:01.217000;516f824c-832f-44e2-8311-f35dbc71cd03;412.96;0.26;BUY
2016-03-14T01:40:01.170000;2016-03-14T01:40:01.217000;dce9a6db-e940-4505-8c54-336569ae8620;412.97;0.24287;BUY
2016-03-14T01:41:24.520000;2016-03-14T01:41:24.560000;15d0f06e-5725-449d-b89c-e9b1a5668e8e;413.07;0.01;BUY
2016-03-14T01:41:24.520000;2016-03-14T01:41:24.577000;50c46bb4-d45a-4969-90ee-01037732d39e;413.09;0.056;BUY
2016-03-14T01:41:31.210000;2016-03-14T01:41:31.250000;6bd200f2-0f9d-4c2e-9172-94cc8eb64e8d;413.1;0.25;BUY
2016-03-14T01:41:31.210000;2016-03-14T01:41:31.263000;e7474bb6-c350-4059-ba25-dfa2d87af57d;413.11;0.01;BUY
2016-03-14T01:41:31.210000;2016-03-14T01:41:31.263000;c8e69a48-f554-44e2-9646-a1b63d578365;413.13;1.56;BUY
2016-03-14T01:41:31.210000;2016-03-14T01:41:31.297000;bdb21c43-7e4e-4c8b-bf3f-dc1ad558435c;413.14;0.01;BUY
2016-03-14T01:41:31.210000;2016-03-14T01:41:31.297000;bc3aa59d-5505-46a5-9136-b62e14053417;413.15;0.98359;BUY
2016-03-14T01:42:00.983000;2016-03-14T01:42:01.000000;43f6a412-ec02-4306-9565-1f0eb6b8a02f;413.15;0.35947;BUY
2016-03-14T01:42:31.640000;2016-03-14T01:42:31.653000;4b35b4ac-14eb-411a-b32c-011a7d12d6e7;413.08;0.41;BUY
2016-03-14T01:42:31.640000;2016-03-14T01:42:31.687000;463b9a67-a9fc-467d-8802-6e1cd06ed6a3;413.09;7.24442;BUY
2016-03-14T01:42:31.640000;2016-03-14T01:42:31.687000;e412f61d-4f5e-481e-82f6-27f345b91d66;413.09;0.05;BUY
2016-03-14T01:42:31.640000;2016-03-14T01:42:31.703000;ea5307c3-d2f7-422b-be10-8e44a62f9f51;413.13;0.426;BUY
2016-03-14T01:42:31.643000;2016-03-14T01:42:31.703000;4eee9a15-abdb-488b-82d7-b308715c65fd;413.16;0.25;BUY
2016-03-14T01:42:31.643000;2016-03-14T01:42:31.703000;10f6cdae-bad4-4f3a-8e59-04bcdf2eb35f;413.17;0.01;BUY
2016-03-14T01:42:31.643000;2016-03-14T01:42:31.703000;c7667d47-ac0a-4fe0-852e-7837d0f0f6f1;413.17;1.56;BUY
2016-03-14T01:42:31.643000;2016-03-14T01:42:31.703000;445ac275-2fbd-47ba-912f-be27317c84a9;413.18;0.433;BUY
2016-03-14T01:42:31.643000;2016-03-14T01:42:31.703000;4ca7d4ff-549d-4c5f-bac1-8b9673d74709;413.2;10.4;BUY
2016-03-14T01:42:31.643000;2016-03-14T01:42:31.717000;8923072a-1946-4c40-8fcd-2e7af2540d75;413.21;0.01;BUY
2016-03-14T01:42:31.643000;2016-03-14T01:42:31.733000;13deb920-cd0c-40c5-9185-213dba232bc0;413.21;0.25;BUY
2016-03-14T01:42:31.643000;2016-03-14T01:42:31.733000;bad5a3d9-26aa-4378-9578-fd08f37ce04f;413.21;0.41811;BUY
2016-03-14T01:43:01.513000;2016-03-14T01:43:01.530000;74d23a6d-1acf-48b6-9668-8df9d81511d0;412.99;0.01;SELL
2016-03-14T01:43:01.513000;2016-03-14T01:43:01.560000;de5adac8-5413-4beb-889a-da89d31c1b49;412.98;0.32077;SELL
2016-03-14T01:43:31.217000;2016-03-14T01:43:31.233000;6395d73a-c5c5-4757-8b1e-b202f97de797;413.13;0.01;BUY
2016-03-14T01:43:31.217000;2016-03-14T01:43:31.250000;db9df401-462e-48a5-b5ad-c6fa7a4e23a2;413.16;0.37;BUY
2016-03-14T01:43:31.217000;2016-03-14T01:43:31.250000;44861106-8be5-4e6d-b4ae-1e68924d1169;413.18;2.01658;BUY
2016-03-14T01:44:01.173000;2016-03-14T01:44:01.187000;952e845b-085a-4ceb-821c-2ce27128d641;413.08;0.05;SELL
2016-03-14T01:44:01.177000;2016-03-14T01:44:01.203000;6aa166f8-2e9e-47a1-a9bb-22291cae7867;413.05;0.18;SELL
2016-03-14T01:44:01.177000;2016-03-14T01:44:01.203000;5416f5f9-6398-4246-b010-40ecffe989fa;413.02;0.129;SELL
2016-03-14T01:44:01.177000;2016-03-14T01:44:01.217000;81b925c1-6d33-488a-9726-b4aef0c7c2ff;413.0;0.8;SELL
2016-03-14T01:44:01.177000;2016-03-14T01:44:01.217000;f8e93656-dcc2-4eaf-b7d5-380725baab22;413.0;0.05953;SELL
2016-03-14T01:44:31.100000;2016-03-14T01:44:31.107000;5194cc0e-bb1d-446e-a9a3-1ba2037f1920;413.09;0.05;SELL
2016-03-14T01:44:31.100000;2016-03-14T01:44:31.123000;be6460da-3a92-42ca-9e97-4a78eb07086e;413.04;0.446;SELL
2016-03-14T01:44:31.100000;2016-03-14T01:44:31.123000;b877133e-019c-48a7-afa9-688928b3b0bb;413.0;4.04677;SELL
2016-03-14T01:45:01.137000;2016-03-14T01:45:01.140000;f848e360-d5b6-457e-a74d-09658298692a;413.08;0.01;SELL
2016-03-14T01:45:01.137000;2016-03-14T01:45:01.170000;3f01305d-fc66-4ec7-924f-d95a639fd12a;413.08;0.05;SELL
2016-03-14T01:45:01.137000;2016-03-14T01:45:01.170000;3e05529e-8a3a-4788-8d05-7c3bcd90b506;413.08;0.441;SELL
2016-03-14T01:45:01.137000;2016-03-14T01:45:01.187000;ea05a05f-8106-4102-9f62-dfdb6c386994;413.0;0.15647;SELL
2016-03-14T01:45:31.093000;2016-03-14T01:45:31.107000;598a4f8c-c29e-47fa-a97c-ca4e12add38a;413.12;0.25;BUY
2016-03-14T01:45:31.093000;2016-03-14T01:45:31.123000;2d2b9537-5f77-42ea-bea5-9de1f52ec463;413.12;0.15;BUY
2016-03-14T01:45:31.093000;2016-03-14T01:45:31.123000;0bee046b-d9b2-4f1d-84e9-3b9f5e6090c9;413.13;0.8;BUY
2016-03-14T01:45:31.093000;2016-03-14T01:45:31.140000;195759b5-fe68-4788-aa2b-857b4b9fd2a5;413.13;0.05;BUY
2016-03-14T01:45:31.093000;2016-03-14T01:45:31.140000;97138cdf-dc5e-4bf5-a0a2-61e4fa78fe12;413.14;2.5445;BUY
2016-03-14T01:46:01.320000;2016-03-14T01:46:01.327000;1aefccaf-23e9-440f-a688-b365cd30db56;413.06;0.22;SELL
2016-03-14T01:46:01.320000;2016-03-14T01:46:01.343000;ee077dd6-baf4-4d97-b503-3804b2c11803;413.06;0.05;SELL
2016-03-14T01:46:01.320000;2016-03-14T01:46:01.343000;d3b7ff7f-e514-4394-b9c6-05a94d9a3a5f;413.04;0.18;SELL
2016-03-14T01:46:01.320000;2016-03-14T01:46:01.357000;0ac1ca45-9dfc-4ab1-bd28-7bc4c16a5ef4;413.0;0.20659;SELL
2016-03-14T01:46:31.090000;2016-03-14T01:46:31.093000;456c5dca-48f3-44f3-9f0b-6b9733032aa7;413.14;0.23;BUY
2016-03-14T01:46:31.090000;2016-03-14T01:46:31.107000;ec2f47ad-60e5-48b7-8462-fe170f5e7a00;413.17;0.427;BUY
2016-03-14T01:46:31.090000;2016-03-14T01:46:31.107000;ca3e708f-d382-4cd3-ba51-573e605254e8;413.18;0.84171;BUY
2016-03-14T01:46:52.470000;2016-03-14T01:46:52.483000;9c245ecb-4603-40be-a89d-8600671bd446;413.18;0.25215636;BUY
2016-03-14T01:47:01.140000;2016-03-14T01:47:01.157000;09feb6b2-56ab-4615-9338-7525cdfe8698;413.18;0.55255364;BUY
2016-03-14T01:47:01.140000;2016-03-14T01:47:01.170000;90039d65-9413-4e23-a4b7-dede3944e418;413.19;0.26;BUY
2016-03-14T01:47:01.140000;2016-03-14T01:47:01.170000;d0aadb99-fce2-438b-918a-31e28c3038ad;413.2;0.16303636;BUY
2016-03-14T01:47:09.997000;2016-03-14T01:47:10.000000;18813f19-d0ea-496d-8f1d-01d66b61954b;413.06;0.05;SELL
2016-03-14T01:47:09.997000;2016-03-14T01:47:10.013000;6f4d4b2a-d1c7-4f9e-8031-d5db3c000251;413.06;0.42;SELL
2016-03-14T01:47:31.420000;2016-03-14T01:47:31.437000;90af2b13-41c4-463c-b418-27d1748a3a37;413.14;0.403;BUY
2016-03-14T01:47:31.420000;2016-03-14T01:47:31.437000;7127c69d-23c4-4b22-9366-99a76b590716;413.15;0.96144;BUY
2016-03-14T01:48:01.120000;2016-03-14T01:48:01.123000;c29e290c-bead-4a3d-8c09-75138fde92f2;413.06;0.05;SELL
2016-03-14T01:48:01.120000;2016-03-14T01:48:01.140000;9ff68032-2d0c-4fdd-bf4d-f2a8629a6147;413.06;0.18;SELL
2016-03-14T01:48:01.120000;2016-03-14T01:48:01.140000;eb57a685-49f2-46b7-a15f-d5b4b407cc6f;413.06;0.437;SELL
2016-03-14T01:48:01.120000;2016-03-14T01:48:01.157000;ca146fea-84b1-4e05-8fd6-c16c1f986de8;413.03;0.32086;SELL
2016-03-14T01:48:31.047000;2016-03-14T01:48:31.047000;a934cd3a-d9ba-4dfe-a3e0-30f0c9956d34;413.17;0.18;BUY
2016-03-14T01:48:31.047000;2016-03-14T01:48:31.060000;99fe6b95-ebf8-45be-b21c-8367e9fb7d2e;413.17;0.412;BUY
2016-03-14T01:48:31.047000;2016-03-14T01:48:31.060000;211923fa-17ce-4e8d-9a63-a7af453d6e86;413.18;0.6658;BUY
2016-03-14T01:49:01.303000;2016-03-14T01:49:01.310000;e062f9be-1040-4c80-847c-170341370375;413.07;0.05;SELL
2016-03-14T01:49:01.303000;2016-03-14T01:49:01.343000;bb50efb1-df2d-4455-aa56-9e2433958971;413.07;0.19;SELL
2016-03-14T01:49:01.307000;2016-03-14T01:49:01.343000;2044ee7d-7bce-4307-b7cd-3ec445c076fd;413.05;4.40056;SELL
2016-03-14T01:49:07.110000;2016-03-14T01:49:07.123000;8f8d0716-dab2-456b-a68c-69843262a59a;413.04;0.478;SELL
2016-03-14T01:49:07.113000;2016-03-14T01:49:07.123000;38d01af5-95a2-446f-b1c1-d2438df7a62f;413.04;2.232;SELL
2016-03-14T01:49:31.097000;2016-03-14T01:49:31.093000;50ef9915-7122-45b0-bd43-d76fe5bd8914;413.06;0.399;SELL
2016-03-14T01:49:31.097000;2016-03-14T01:49:31.107000;7c8b4a0d-0797-466c-9054-5676eca417a5;413.05;4.74535;SELL
2016-03-14T01:50:01.250000;2016-03-14T01:50:01.250000;3cfa09a7-e0c2-4a75-8cbc-1142e843048c;413.1;0.35;BUY
2016-03-14T01:50:01.250000;2016-03-14T01:50:01.263000;df839584-0a0f-4b33-b0bb-e432d933eb9e;413.11;0.01174;BUY
2016-03-14T01:50:31.333000;2016-03-14T01:50:31.343000;5f7b68e0-04ca-4f87-a49f-30da31a5729c;413.04;0.05;SELL
2016-03-14T01:50:31.333000;2016-03-14T01:50:31.343000;a2a7f3f2-6c10-4088-8b08-c599483881bf;413.03;0.06341;SELL
2016-03-14T01:50:37.710000;2016-03-14T01:50:37.733000;9154ed08-72bc-4023-957d-5392963dd4af;413.03;0.11800903;SELL
2016-03-14T01:50:45.940000;2016-03-14T01:50:45.977000;9610a916-000b-49bd-b636-c558b27248db;413.04;0.1335;BUY
2016-03-14T01:50:45.947000;2016-03-14T01:50:45.990000;d0cccece-f5ab-495a-8603-fa568214d43d;413.04;0.14;BUY
2016-03-14T01:50:46.267000;2016-03-14T01:50:46.320000;44a03c13-18a0-4473-a75b-4461f0fb3812;413.04;0.0119207;BUY
2016-03-14T01:50:46.297000;2016-03-14T01:50:46.333000;891c94ef-c4b0-4f81-b512-65798762fae8;413.04;0.0535793;BUY
2016-03-14T01:50:46.297000;2016-03-14T01:50:46.350000;708edd6d-66ac-4a39-9c08-5ce12c66f291;413.04;0.1714207;BUY
2016-03-14T01:50:46.327000;2016-03-14T01:50:46.367000;097f71cd-e7ab-4a53-8c73-448a04ea39b6;413.04;0.325;BUY
2016-03-14T01:50:46.623000;2016-03-14T01:50:46.647000;478d3f59-f26c-4053-94c9-631989c21c2d;413.09;0.15356573;BUY
2016-03-14T01:50:46.630000;2016-03-14T01:50:46.680000;d813c59e-2de8-4ad2-8543-fc27b65dd673;413.09;0.0375;BUY
2016-03-14T01:50:51.320000;2016-03-14T01:50:51.367000;1c225211-6292-4008-ace5-a8e8b4600647;413.09;0.0275;BUY
2016-03-14T01:50:51.403000;2016-03-14T01:50:51.460000;002d7b56-448a-4400-8065-de059e0199d3;413.09;0.0125;BUY
2016-03-14T01:51:01.070000;2016-03-14T01:51:01.100000;f66a2fdb-2a50-41c3-9b3b-b7f164373455;413.07;0.388;BUY
2016-03-14T01:51:01.070000;2016-03-14T01:51:01.117000;8161c091-10d6-47c5-a82f-aedfe3085243;413.08;0.59797;BUY
2016-03-14T01:51:31.957000;2016-03-14T01:51:31.990000;295b1447-5c8e-4d08-abfd-152eeca1fd9c;413.11;1.06795;BUY
2016-03-14T01:51:52.417000;2016-03-14T01:51:52.443000;d0d507da-6ce4-419c-9003-f15fb744b8fb;413.06;0.05;BUY
2016-03-14T01:51:52.417000;2016-03-14T01:51:52.460000;81dfc27c-30e8-418b-a577-4204aa983ee0;413.14;0.02;BUY
2016-03-14T01:52:01.597000;2016-03-14T01:52:01.630000;84bc45b8-0a62-42fd-b497-07d6c1ee5218;413.09;0.273;BUY
2016-03-14T01:52:01.597000;2016-03-14T01:52:01.647000;6bedc2ab-d5c8-47bf-a72d-1f6863ffca8b;413.1;0.56298;BUY
2016-03-14T01:52:31.323000;2016-03-14T01:52:31.350000;4570166b-12d6-4d55-8ab3-e669e73881c5;413.11;0.05;BUY
2016-03-14T01:52:31.323000;2016-03-14T01:52:31.367000;2f2cbc6e-c05c-49f2-a104-6979d07a648a;413.14;0.16733;BUY
2016-03-14T01:53:01.277000;2016-03-14T01:53:01.303000;dddc970d-701c-4926-abba-fa4cd792ad05;413.14;0.366;BUY
2016-03-14T01:53:01.280000;2016-03-14T01:53:01.320000;fcccd875-ce3a-446b-b95c-d3291dc67617;413.15;0.06269;BUY
2016-03-14T01:53:18.597000;2016-03-14T01:53:18.630000;02eaeccf-f7d0-4f33-90fd-b57f1f445746;413.03;0.06690524;SELL
2016-03-14T01:53:31.343000;2016-03-14T01:53:31.367000;4d823162-5998-4614-ba57-5da36f2886b5;413.14;0.26;BUY
2016-03-14T01:53:31.343000;2016-03-14T01:53:31.397000;79f9021b-d949-411e-9616-d01ab25a16a9;413.15;0.18731;BUY
2016-03-14T01:53:31.343000;2016-03-14T01:53:31.397000;65b9504c-4c9b-4a40-8380-d4a652fbad3c;413.15;0.367;BUY
2016-03-14T01:53:31.343000;2016-03-14T01:53:31.413000;28963e87-63df-47e7-a093-b4c3b8d35266;413.15;0.52;BUY
2016-03-14T01:53:31.343000;2016-03-14T01:53:31.413000;94a76bbd-953a-4e5d-af3f-87988d67898a;413.15;0.01962;BUY
2016-03-14T01:54:01.953000;2016-03-14T01:54:01.977000;43e6325b-7db2-431d-bbcd-d337911d5290;413.17;0.12223;BUY
2016-03-14T01:54:31.467000;2016-03-14T01:54:31.490000;d0cb8869-19df-4162-b67a-8787768b0820;413.06;0.05;SELL
2016-03-14T01:54:31.467000;2016-03-14T01:54:31.537000;b3321942-f2ab-47de-ae58-d688960a61ae;413.06;0.31;SELL
2016-03-14T01:54:31.467000;2016-03-14T01:54:31.537000;f5768c6a-9294-43b0-9f1f-64a568335855;413.03;0.00167573;SELL
2016-03-14T01:54:31.467000;2016-03-14T01:54:31.537000;09e26341-115e-417b-87c5-9d310d7e6746;413.03;0.25;SELL
2016-03-14T01:54:31.470000;2016-03-14T01:54:31.537000;910569ac-72c6-42ee-8f92-0c6383f36b49;413.02;1.33180427;SELL
2016-03-14T01:54:32.593000;2016-03-14T01:54:32.630000;0c9a516f-a7a7-4db6-8e8b-bd7a720b68ee;413.16;0.07;BUY
2016-03-14T01:55:02.157000;2016-03-14T01:55:02.180000;d067051b-8c81-4124-8c20-dc199f0655b8;413.02;2.18;BUY
2016-03-14T01:55:31.277000;2016-03-14T01:55:31.303000;40d0f158-cbb2-4381-87b9-28c613af7450;413.02;0.002;BUY
2016-03-14T01:55:31.277000;2016-03-14T01:55:31.320000;2cb04745-14dd-4840-a956-f99b06c337dd;413.02;0.05;BUY
2016-03-14T01:55:31.277000;2016-03-14T01:55:31.320000;8def6d80-8945-4fb0-80e8-662bab9bf2cc;413.02;0.07957;BUY
2016-03-14T01:56:01.513000;2016-03-14T01:56:01.537000;e03a4c43-d759-4126-8cce-a42c302232b1;413.02;0.27043;BUY
2016-03-14T01:56:01.517000;2016-03-14T01:56:01.553000;9b3a7610-535c-4e3d-88bd-37a4bd8ba73e;413.03;0.02938;BUY
2016-03-14T01:57:01.393000;2016-03-14T01:57:01.413000;2d9fd053-70be-40dc-85d4-864f655b6756;413.03;0.05;SELL
2016-03-14T01:57:01.393000;2016-03-14T01:57:01.430000;42fab53a-9fe0-4a54-a2bd-f4825dc342fd;413.03;0.05;SELL
2016-03-14T01:57:01.393000;2016-03-14T01:57:01.477000;b15167d0-0497-4e9e-9c2f-54de8728dbbf;413.0;0.26774;SELL
2016-03-14T01:57:31.497000;2016-03-14T01:57:31.537000;b0af8410-2516-4290-bb86-c7abf30d807b;413.05;0.0241;BUY
2016-03-14T01:57:57.770000;2016-03-14T01:57:57.787000;0dfc2e0f-9033-48aa-8b12-aceb0be07561;413.03;0.488;SELL
2016-03-14T01:58:01.510000;2016-03-14T01:58:01.523000;dd70b626-a114-4255-9e59-7fe09ca60b69;413.03;0.162;BUY
2016-03-14T01:58:01.510000;2016-03-14T01:58:01.537000;0b09be44-0cf6-41c3-8bbe-94ea5ee9fd6a;413.05;0.03926;BUY
2016-03-14T01:58:31.567000;2016-03-14T01:58:31.583000;f30f8f87-cacd-4059-bb93-251a032162f1;413.05;0.03274;BUY
2016-03-14T01:58:31.567000;2016-03-14T01:58:31.600000;62a1416c-5434-4c1e-b9a6-391139eadc58;413.06;0.03048;BUY
2016-03-14T01:58:31.567000;2016-03-14T01:58:31.600000;2fa673ff-b81e-4f56-93d2-0089975014b6;413.07;0.09338117;BUY
2016-03-14T01:58:31.567000;2016-03-14T01:58:31.617000;23893097-3832-4441-a7ce-b44d9ea84b22;413.08;0.2113936;BUY
2016-03-14T01:58:31.567000;2016-03-14T01:58:31.617000;324528c7-beee-481d-9af4-ba036bdee487;413.09;0.09078847;BUY
2016-03-14T01:58:31.567000;2016-03-14T01:58:31.617000;b4af09f2-2e51-4a08-9609-750eb0c4b6da;413.1;0.02674068;BUY
2016-03-14T01:58:31.567000;2016-03-14T01:58:31.617000;cd763bc3-2fc4-4e33-b254-1ebbbcf8658a;413.1;0.01447608;BUY
2016-03-14T01:59:01.403000;2016-03-14T01:59:01.413000;08128f06-f5e7-48d2-82c0-6e0bcd155250;413.12;0.16;BUY
2016-03-14T01:59:01.403000;2016-03-14T01:59:01.430000;9ba0f476-b872-42be-825e-312a0599cba8;413.13;0.08193448;BUY
2016-03-14T01:59:01.403000;2016-03-14T01:59:01.460000;46ccaf85-856c-4634-b9ce-a16a65100373;413.14;0.00950552;BUY
2016-03-14T01:59:31.413000;2016-03-14T01:59:31.430000;04260e8c-3744-4c73-bcad-978f567ab52b;413.14;0.08098506;BUY
2016-03-14T01:59:31.413000;2016-03-14T01:59:31.443000;e618a256-d67f-4602-8c23-09f43b2444e8;413.15;0.25;BUY
2016-03-14T01:59:31.413000;2016-03-14T01:59:31.443000;b4700c59-2a9e-4b34-8e7e-de0c1fe46420;413.16;0.19389212;BUY
2016-03-14T01:59:31.413000;2016-03-14T01:59:31.460000;74583494-170b-475f-b3fa-eb8aecd8912f;413.17;0.03500626;BUY
2016-03-14T01:59:31.413000;2016-03-14T01:59:31.460000;8605c227-fc07-40f1-914b-542782793b95;413.17;3.097;BUY
2016-03-14T01:59:31.413000;2016-03-14T01:59:31.460000;e9f375f0-e003-44a0-a83e-0f3a9c34a9d4;413.17;0.05;BUY
2016-03-14T01:59:31.413000;2016-03-14T01:59:31.507000;dd46d59a-f363-4985-8604-fc45fbe5f1ab;413.18;0.025927;BUY
2016-03-14T01:59:31.413000;2016-03-14T01:59:31.507000;8ca6f220-6b8f-4305-9c89-9963976585ed;413.18;4.65397956;BUY
2016-03-14T01:59:41.347000;2016-03-14T01:59:41.350000;3fe7de53-1131-45b9-857a-9f985ec92f55;413.19;0.183364;BUY
2016-03-14T01:59:41.347000;2016-03-14T01:59:41.383000;3e7249fd-c933-48e4-aa09-4d83c551bde3;413.2;0.14336768;BUY
2016-03-14T01:59:41.347000;2016-03-14T01:59:41.383000;2e17a481-6457-4b84-bd3c-dd516ba28bf5;413.21;0.01;BUY
2016-03-14T01:59:41.347000;2016-03-14T01:59:41.397000;73609d49-8f85-464b-b68a-57461e121869;413.22;0.01;BUY
2016-03-14T01:59:41.347000;2016-03-14T01:59:41.397000;0b7e6a5a-ddc5-4484-b1e1-93c313c16a68;413.23;0.21809652;BUY
2016-03-14T02:00:01.457000;2016-03-14T02:00:01.490000;2cba1c91-06b8-413c-a454-484cb426fbe9;413.21;0.32;BUY
2016-03-14T02:00:01.457000;2016-03-14T02:00:01.490000;b135027c-acbd-4fca-857e-68c32719f724;413.21;0.30085;BUY
2016-03-14T02:00:31.393000;2016-03-14T02:00:31.397000;d91bf8fb-f2db-4251-b44b-f54702a2f442;413.14;0.01;SELL
2016-03-14T02:00:31.393000;2016-03-14T02:00:31.413000;e36ae7c7-a341-4cac-a1e2-4c972f63c72e;413.14;0.05;SELL
2016-03-14T02:00:31.393000;2016-03-14T02:00:31.413000;ca09f245-cfdf-4477-9a1a-721ea8152cfa;413.11;0.25;SELL
2016-03-14T02:00:31.393000;2016-03-14T02:00:31.443000;5b848f80-cca4-44a5-9ff7-7778cc36cd4d;413.1;0.05483;SELL
2016-03-14T02:01:01.330000;2016-03-14T02:01:01.333000;7b202b16-0488-4fbe-a3ec-fa186fe5abca;413.1;0.05;SELL
2016-03-14T02:01:01.330000;2016-03-14T02:01:01.350000;27916048-7c59-4570-a07e-5042d5914695;413.07;0.21;SELL
2016-03-14T02:01:01.330000;2016-03-14T02:01:01.350000;be115caa-0ee2-46be-b29e-cba9e79ce4f7;413.07;0.079;SELL
2016-03-14T02:01:01.330000;2016-03-14T02:01:01.350000;768ce39d-81d5-4518-ae04-24feff771b04;413.06;0.59239;SELL
2016-03-14T02:01:31.487000;2016-03-14T02:01:31.490000;9c1922f3-0408-44b5-a2fa-eb3068527c64;413.16;0.21;BUY
2016-03-14T02:01:31.487000;2016-03-14T02:01:31.507000;24c81aa4-422d-4f37-87fb-bd961b1197c8;413.16;0.34;BUY
2016-03-14T02:01:31.487000;2016-03-14T02:01:31.507000;ecac0dcd-1a6f-4850-bf6b-15fe14f867af;413.17;2.222;BUY
2016-03-14T02:01:31.487000;2016-03-14T02:01:31.523000;5e00b7ce-dff9-41c9-9fb6-019ad6d00399;413.18;0.157217;BUY
2016-03-14T02:01:31.487000;2016-03-14T02:01:31.523000;e7eff269-a2d6-4797-93d3-aa08bc703955;413.19;0.022503;BUY
2016-03-14T02:02:01.430000;2016-03-14T02:02:01.430000;dd6d7672-849a-49cb-ae52-fbc9236d673c;413.18;1.19779;BUY
2016-03-14T02:02:38.140000;2016-03-14T02:02:38.147000;32f00c69-e3fe-457b-940d-fb82ddf23687;413.14;5.49578;BUY
2016-03-14T02:03:01.647000;2016-03-14T02:03:01.647000;46e43356-9b0b-4c20-bc7a-38a451c2f86c;413.15;0.069043;BUY
2016-03-14T02:03:01.647000;2016-03-14T02:03:01.663000;9339beaa-8d36-4b69-8528-78fd05413663;413.16;0.0938743;BUY
2016-03-14T02:03:01.647000;2016-03-14T02:03:01.663000;eed44364-33bc-415d-83b8-4833477b88f8;413.17;0.0370827;BUY
2016-03-14T02:03:31.683000;2016-03-14T02:03:31.680000;aa79761c-e7a5-4fd0-97ea-ee71e2680c1f;413.17;0.03842594;BUY
2016-03-14T02:03:31.683000;2016-03-14T02:03:31.693000;d7b8308e-9952-4228-addb-a17dcb50136f;413.18;1.08201406;BUY
2016-03-14T02:04:30.643000;2016-03-14T02:04:30.647000;8f1ce5bd-b41d-42a8-93f3-42006c4f920a;413.1;0.048;BUY
2016-03-14T02:04:30.643000;2016-03-14T02:04:30.663000;6522a691-e50f-437c-9894-1c74ef07a26d;413.11;0.3;BUY
