time_exchange;time_coinpai;guid;price;base_amount;taker_side
2016-03-14T00:00:11.000000;2016-03-14T00:00:11.000000;d7f81ee0-a9cb-4546-a8d0-703c37fb5eff;411.92;1.74;UNKNOWN
2016-03-14T00:00:11.000000;2016-03-14T00:00:11.000000;241b0d36-2a9d-4728-87f7-7dfe691b49f5;412.0;2.68;UNKNOWN
2016-03-14T00:00:11.000000;2016-03-14T00:00:11.000000;9657fffa-9700-4f1d-8158-d229b6360788;412.0;0.19;UNKNOWN
2016-03-14T00:00:11.000000;2016-03-14T00:00:11.000000;352c34a9-1d81-466e-a30b-a3984856991e;412.03;4.9186;UNKNOWN
2016-03-14T00:00:16.000000;2016-03-14T00:00:16.000000;2e7dddfb-1091-4f0f-bf78-5ffa6ca7d115;411.95;10.070655;UNKNOWN
2016-03-14T00:00:36.000000;2016-03-14T00:00:36.000000;db1875a3-5044-4958-801d-722c6d2b9fc6;411.95;0.241;UNKNOWN
2016-03-14T00:00:36.000000;2016-03-14T00:00:36.000000;abc87325-fad1-4e03-bfb4-4ddbe18c8898;411.95;0.226;UNKNOWN
2016-03-14T00:00:36.000000;2016-03-14T00:00:36.000000;b62c38ae-0d9a-45b6-b7af-f926d2831eb4;411.95;0.241;UNKNOWN
2016-03-14T00:00:36.000000;2016-03-14T00:00:36.000000;3935aa37-6c07-4897-9a39-fc2c3a44c2e5;411.95;0.441;UNKNOWN
2016-03-14T00:00:36.000000;2016-03-14T00:00:36.000000;9aa54fc7-4275-4ce6-a232-19348a53d530;411.95;0.241;UNKNOWN
2016-03-14T00:00:36.000000;2016-03-14T00:00:36.000000;0ab6352c-0308-442c-a9dc-e84c63c78d45;411.95;0.241;UNKNOWN
2016-03-14T00:00:36.000000;2016-03-14T00:00:36.000000;a1a3acda-2c50-4516-8fff-6ba6f25e09bd;411.95;0.281424;UNKNOWN
2016-03-14T00:00:36.000000;2016-03-14T00:00:36.000000;cfc37c57-865a-492c-ba69-4bec915756a0;411.95;13.2059;UNKNOWN
2016-03-14T00:00:36.000000;2016-03-14T00:00:36.000000;dd7c4408-8ce1-46ea-9125-0214d945d00a;411.95;0.241;UNKNOWN
2016-03-14T00:00:36.000000;2016-03-14T00:00:36.000000;5df4b806-9c09-4433-a46f-f99cf669bd8f;411.95;0.241;UNKNOWN
2016-03-14T00:00:36.000000;2016-03-14T00:00:36.000000;49172a9c-b32a-4c21-b7a1-72ac597dbbdf;411.95;0.241;UNKNOWN
2016-03-14T00:01:30.000000;2016-03-14T00:01:30.000000;021b0630-d653-429f-a565-ede00d748885;412.1;2.65;UNKNOWN
2016-03-14T00:01:38.000000;2016-03-14T00:01:38.000000;3fdf4437-d7b1-41d5-8a68-2d6381cbf364;412.48;0.15509663;UNKNOWN
2016-03-14T00:01:38.000000;2016-03-14T00:01:38.000000;cc6a2246-19a8-48a3-9046-711ccd368104;412.47;3.0;UNKNOWN
2016-03-14T00:01:38.000000;2016-03-14T00:01:38.000000;9aa23bba-8a27-4be0-825d-606aaa316c3d;412.47;0.5;UNKNOWN
2016-03-14T00:01:38.000000;2016-03-14T00:01:38.000000;239da5ba-8afe-4fe5-a008-e7f0b1034829;412.47;0.04490337;UNKNOWN
2016-03-14T00:01:47.000000;2016-03-14T00:01:47.000000;f5a34631-13f2-4719-94dd-f25d163ee1ef;412.27;0.22590476;UNKNOWN
2016-03-14T00:02:54.000000;2016-03-14T00:02:54.000000;875c960c-0fbf-4c8b-a0e9-d38b575a0d2b;412.24;9.798;UNKNOWN
2016-03-14T00:02:58.000000;2016-03-14T00:02:58.000000;31c6cabb-1c7d-40a7-a128-2041c50b578b;412.24;0.01;UNKNOWN
2016-03-14T00:03:09.000000;2016-03-14T00:03:09.000000;06f9457c-4678-4b06-832a-87c224bf5533;412.24;0.03;UNKNOWN
2016-03-14T00:03:11.000000;2016-03-14T00:03:11.000000;fe938069-ea19-46e9-9bd8-ebbf97677b14;412.23;2.415838;UNKNOWN
2016-03-14T00:03:19.000000;2016-03-14T00:03:19.000000;f6f34aa1-3463-44ae-a851-b7d1b813a3b1;412.49;4.97;UNKNOWN
2016-03-14T00:03:21.000000;2016-03-14T00:03:21.000000;3877294e-e98f-421f-8859-a86b6d6c1a3a;412.5;0.01;UNKNOWN
2016-03-14T00:03:26.000000;2016-03-14T00:03:26.000000;fed47753-0b5c-4fe8-a4f0-8200f64c538c;412.5;0.37;UNKNOWN
2016-03-14T00:03:29.000000;2016-03-14T00:03:29.000000;4c1eace0-4340-4b89-8b2b-67559eb777eb;412.5;0.55;UNKNOWN
2016-03-14T00:03:32.000000;2016-03-14T00:03:32.000000;bfe2a2ef-ec2b-43e8-8754-0017d6689349;412.49;0.02843993;UNKNOWN
2016-03-14T00:03:33.000000;2016-03-14T00:03:33.000000;0f5198e4-45a5-4ef8-8b63-0b632bda469e;412.5;0.69;UNKNOWN
2016-03-14T00:03:40.000000;2016-03-14T00:03:40.000000;cf8af9ba-59b6-4222-99bb-a31437e3d964;412.5;0.72;UNKNOWN
2016-03-14T00:04:08.000000;2016-03-14T00:04:08.000000;9baa2498-9232-4fb0-8968-c3ea3e82e133;412.5;1.001;UNKNOWN
2016-03-14T00:04:25.000000;2016-03-14T00:04:25.000000;fb9b1044-d4c9-4bcc-95af-c11d15df2814;412.5;0.5;UNKNOWN
2016-03-14T00:04:54.000000;2016-03-14T00:04:54.000000;4bf8c279-4ce7-40d6-9d89-c7e35b2ef872;412.49;10.0;UNKNOWN
2016-03-14T00:05:14.000000;2016-03-14T00:05:14.000000;faeb5312-4061-4add-a88a-18109e33fa5e;412.24;2.18405518;UNKNOWN
2016-03-14T00:05:32.000000;2016-03-14T00:05:32.000000;f6ba2a87-334c-476c-8534-1099220477de;412.13;2.51;UNKNOWN
2016-03-14T00:05:32.000000;2016-03-14T00:05:32.000000;7700a099-e67f-455c-b3f0-74cecffa15f7;412.12;0.9954;UNKNOWN
2016-03-14T00:05:32.000000;2016-03-14T00:05:32.000000;bd6bb18a-6457-4eae-9caa-4fe151f37056;412.14;6.008;UNKNOWN
2016-03-14T00:05:34.000000;2016-03-14T00:05:34.000000;9bcf50e3-11fb-4485-94ec-a5e925b9ff1a;412.04;0.149096;UNKNOWN
2016-03-14T00:05:34.000000;2016-03-14T00:05:34.000000;ea985348-f7bb-4d90-9525-f9733ecb018f;412.1;2.35;UNKNOWN
2016-03-14T00:07:45.000000;2016-03-14T00:07:45.000000;02551601-c21e-4d77-8ba9-3fd282bd7dc2;412.08;4.25;UNKNOWN
2016-03-14T00:07:46.000000;2016-03-14T00:07:46.000000;2e9b553a-0bfc-4fdf-9034-be348403169e;412.08;0.065578;UNKNOWN
2016-03-14T00:08:01.000000;2016-03-14T00:08:01.000000;faa730ab-1779-4ae8-b1cc-1147b5c724ce;411.91;0.35;UNKNOWN
2016-03-14T00:08:01.000000;2016-03-14T00:08:01.000000;f74aa502-7922-4306-9942-af13c95e5542;412.07;4.66064666;UNKNOWN
2016-03-14T00:08:01.000000;2016-03-14T00:08:01.000000;077a85c7-bff9-4fec-b1a7-88f9c70743b2;412.08;0.02;UNKNOWN
2016-03-14T00:08:01.000000;2016-03-14T00:08:01.000000;c1eebd59-4548-40b6-99cc-69a313de00e4;412.07;4.66064666;UNKNOWN
2016-03-14T00:08:01.000000;2016-03-14T00:08:01.000000;72e3571b-302f-4aa8-a3a6-e480e879be92;412.0;5.0;UNKNOWN
2016-03-14T00:08:01.000000;2016-03-14T00:08:01.000000;3ee506fe-2ce4-4f17-9e8f-652956b48f92;412.0;4.66276549;UNKNOWN
2016-03-14T00:08:01.000000;2016-03-14T00:08:01.000000;44eb9082-3481-4c3f-9063-ef028a37fd3e;411.91;4.66292855;UNKNOWN
2016-03-14T00:08:01.000000;2016-03-14T00:08:01.000000;ebc83765-a02f-4809-8f57-ccaf300eb630;411.93;13.1871;UNKNOWN
2016-03-14T00:08:01.000000;2016-03-14T00:08:01.000000;19bc3a29-4297-4814-883a-3536463ae45b;411.83;4.46509264;UNKNOWN
2016-03-14T00:08:11.000000;2016-03-14T00:08:11.000000;eebf253f-7db4-492d-a0ec-7f31abb2aaa4;412.11;1.0;UNKNOWN
2016-03-14T00:08:30.000000;2016-03-14T00:08:30.000000;0f23aaf1-beb8-48e2-943a-87474a331b82;412.44;5.9889;UNKNOWN
2016-03-14T00:08:30.000000;2016-03-14T00:08:30.000000;26e9b22c-2c81-4c67-a806-961f83efe654;412.46;5.0511;UNKNOWN
2016-03-14T00:09:14.000000;2016-03-14T00:09:14.000000;ea0f49d2-3853-4009-a9fc-24a5c097063f;412.27;0.4717;UNKNOWN
2016-03-14T00:09:15.000000;2016-03-14T00:09:15.000000;a3fe2105-d801-44f7-a790-e928fc272c66;412.34;0.270651;UNKNOWN
2016-03-14T00:09:15.000000;2016-03-14T00:09:15.000000;3ecd7190-775c-4346-8ab1-01d4320bd4f2;412.49;0.731349;UNKNOWN
2016-03-14T00:09:17.000000;2016-03-14T00:09:17.000000;1659056a-7e3e-4c05-a7ad-030ae08048ca;412.28;0.0205;UNKNOWN
2016-03-14T00:09:22.000000;2016-03-14T00:09:22.000000;1979e622-34ce-43cf-927f-50616dde3214;412.28;0.02438788;UNKNOWN
2016-03-14T00:09:22.000000;2016-03-14T00:09:22.000000;5614c414-ac81-4d62-b801-c7da8c457bf7;412.28;0.17183912;UNKNOWN
2016-03-14T00:10:21.000000;2016-03-14T00:10:21.000000;145b03d4-abac-4f55-b64f-06cb6687779f;412.23;7.5;UNKNOWN
2016-03-14T00:10:28.000000;2016-03-14T00:10:28.000000;89574671-11a9-450f-af84-e894216314ef;411.7;0.45198847;UNKNOWN
2016-03-14T00:10:28.000000;2016-03-14T00:10:28.000000;f4a65864-9ff5-4d26-a381-3177e93d86a1;412.23;1.78339953;UNKNOWN
2016-03-14T00:10:28.000000;2016-03-14T00:10:28.000000;41486378-bd56-4477-beee-55d0341bb98d;412.07;12.2663;UNKNOWN
2016-03-14T00:10:28.000000;2016-03-14T00:10:28.000000;110c547c-ca5a-4670-9864-05b488a40d26;411.81;13.2394;UNKNOWN
2016-03-14T00:10:28.000000;2016-03-14T00:10:28.000000;cbdf830b-3e3b-4734-a11c-cee3b99208bb;411.94;11.7274;UNKNOWN
2016-03-14T00:10:28.000000;2016-03-14T00:10:28.000000;1db37dc5-805f-43c0-9d7f-4f36fe90d9f8;412.12;6.049;UNKNOWN
2016-03-14T00:11:01.000000;2016-03-14T00:11:01.000000;13b54576-f6fc-4510-8bea-6c86fe0caeda;411.99;0.02;UNKNOWN
2016-03-14T00:11:02.000000;2016-03-14T00:11:02.000000;437d0431-b887-4e94-8975-622357954368;411.98;0.161628;UNKNOWN
2016-03-14T00:11:07.000000;2016-03-14T00:11:07.000000;41156aec-a4bc-443c-85d7-faf9d92208aa;411.98;0.10193659;UNKNOWN
2016-03-14T00:11:30.000000;2016-03-14T00:11:30.000000;f62c1a02-c1b6-4476-85c3-78511dc516cf;412.18;0.02;UNKNOWN
2016-03-14T00:12:03.000000;2016-03-14T00:12:03.000000;d42cd86c-dfaf-4dbf-9e48-1d47896c2111;412.18;0.02;UNKNOWN
2016-03-14T00:12:07.000000;2016-03-14T00:12:07.000000;7a5b6cd0-0667-43f7-acb4-7ae61afc0d37;412.18;0.088;UNKNOWN
2016-03-14T00:12:10.000000;2016-03-14T00:12:10.000000;2916ec41-35cd-4e5e-9546-be41189d2f35;412.18;5.8786;UNKNOWN
2016-03-14T00:12:31.000000;2016-03-14T00:12:31.000000;8cd30ab0-920c-469b-ad8e-7fffb68f479c;412.18;0.04786572;UNKNOWN
2016-03-14T00:12:37.000000;2016-03-14T00:12:37.000000;a4812ffe-415e-4075-8774-5b1d268636f6;412.18;0.02;UNKNOWN
2016-03-14T00:12:39.000000;2016-03-14T00:12:39.000000;1ea2ab26-29c1-4945-8fa3-3e3ab0449194;412.18;0.133888;UNKNOWN
2016-03-14T00:12:56.000000;2016-03-14T00:12:56.000000;023ac7d8-ab60-4030-a9e8-df81b2e9039f;412.18;3.498037;UNKNOWN
2016-03-14T00:13:19.000000;2016-03-14T00:13:19.000000;a38e820c-a697-496d-87ee-da9aa05a4cf6;412.21;0.9965;UNKNOWN
2016-03-14T00:13:19.000000;2016-03-14T00:13:19.000000;dd484fa5-dae5-4481-b3ea-b33b5ac1c656;412.2;6.061;UNKNOWN
2016-03-14T00:14:20.000000;2016-03-14T00:14:20.000000;03845b6d-a958-4019-9bda-67ea199ad57c;412.18;0.06463;UNKNOWN
2016-03-14T00:14:47.000000;2016-03-14T00:14:47.000000;f7a1b721-a594-4fe6-af6f-5feea2e0c0cd;412.28;0.35;UNKNOWN
2016-03-14T00:15:08.000000;2016-03-14T00:15:08.000000;04aa64b5-b1f7-4b31-8b11-306ed8616b18;412.19;6.6383;UNKNOWN
2016-03-14T00:15:36.000000;2016-03-14T00:15:36.000000;5c7eb461-423c-4791-8a86-4a56b4b5bc83;412.13;4.581853;UNKNOWN
2016-03-14T00:15:36.000000;2016-03-14T00:15:36.000000;84ba51f3-6f54-4f2b-a4fc-f1cae962183f;412.18;1.01369872;UNKNOWN
2016-03-14T00:15:36.000000;2016-03-14T00:15:36.000000;aac6a48a-4e73-4424-b1ac-bfde0a269c60;412.18;0.35697928;UNKNOWN
2016-03-14T00:16:04.000000;2016-03-14T00:16:04.000000;f6e8bc13-1bb6-473c-9e61-6880841076a2;412.15;0.05438;UNKNOWN
2016-03-14T00:16:04.000000;2016-03-14T00:16:04.000000;d6fa4355-ada2-4bc8-8f78-07eaa63ebfcb;412.13;0.024856;UNKNOWN
2016-03-14T00:16:10.000000;2016-03-14T00:16:10.000000;eaa801e0-e292-4117-8961-115469be363a;412.12;0.051692;UNKNOWN
2016-03-14T00:16:10.000000;2016-03-14T00:16:10.000000;9e7912d3-3928-4204-8132-a2f88f1cfa18;412.18;0.020764;UNKNOWN
2016-03-14T00:16:53.000000;2016-03-14T00:16:53.000000;3ef9f1cf-f41f-4da4-8d86-118f93df088b;412.12;0.107063;UNKNOWN
2016-03-14T00:17:54.000000;2016-03-14T00:17:54.000000;6b10c0f9-06e6-416e-b88b-030962f58cfd;411.97;1.56651369;UNKNOWN
2016-03-14T00:17:54.000000;2016-03-14T00:17:54.000000;5faf1dd2-34d4-443d-bc34-b9f614399979;412.19;0.77680031;UNKNOWN
2016-03-14T00:17:54.000000;2016-03-14T00:17:54.000000;549e7968-fec2-4cb0-8108-f72af234fca3;412.0;19.0;UNKNOWN
2016-03-14T00:17:54.000000;2016-03-14T00:17:54.000000;e11b9851-3a1b-4ffc-b8c5-a35301afa651;412.19;10.9808;UNKNOWN
2016-03-14T00:17:59.000000;2016-03-14T00:17:59.000000;810ec0d9-eb11-4ba8-b805-092ae74c5971;411.95;0.01;UNKNOWN
2016-03-14T00:18:06.000000;2016-03-14T00:18:06.000000;028d2d64-28cf-4e8f-b9f0-e65e0a0d8d8d;412.27;0.0124;UNKNOWN
2016-03-14T00:19:51.000000;2016-03-14T00:19:51.000000;ae310848-93c5-4e52-a1eb-1c4ece84ebf9;412.5;0.176552;UNKNOWN
2016-03-14T00:19:51.000000;2016-03-14T00:19:51.000000;59088677-d8c4-452e-8f87-400dfb1892a9;412.44;20.0;UNKNOWN
2016-03-14T00:19:51.000000;2016-03-14T00:19:51.000000;defe078f-1b11-4f96-93b3-ac637fe3a275;412.41;6.0571;UNKNOWN
2016-03-14T00:19:51.000000;2016-03-14T00:19:51.000000;970b8f10-8f61-470d-a9d8-2621ac574626;412.43;16.32815;UNKNOWN
2016-03-14T00:20:06.000000;2016-03-14T00:20:06.000000;871628c9-a33f-4da9-a1fc-8a47c7b922a7;412.31;2.887333;UNKNOWN
2016-03-14T00:20:07.000000;2016-03-14T00:20:07.000000;6082c675-fa8e-4840-ae3c-a0b3e9855134;412.31;8.789798;UNKNOWN
2016-03-14T00:20:22.000000;2016-03-14T00:20:22.000000;7fa11d26-a525-4b6d-a9fb-bc2211b65918;412.07;0.00167377;UNKNOWN
2016-03-14T00:20:26.000000;2016-03-14T00:20:26.000000;e71b4b50-d2ce-4e93-9841-40e87ab34dad;412.08;4.3916;UNKNOWN
2016-03-14T00:20:26.000000;2016-03-14T00:20:26.000000;0ec3fcec-9b7d-4920-9750-b0e95b35e0ec;412.08;9.71;UNKNOWN
2016-03-14T00:20:29.000000;2016-03-14T00:20:29.000000;7943d372-7b91-40df-8937-82b7c1310161;412.1;4.34;UNKNOWN
2016-03-14T00:20:29.000000;2016-03-14T00:20:29.000000;c7b5be8b-609b-4c1f-8a84-a262130d7baa;412.09;0.79564576;UNKNOWN
2016-03-14T00:20:30.000000;2016-03-14T00:20:30.000000;fed98831-8616-4690-a265-6e0b9d2bb6c6;412.5;3.102448;UNKNOWN
2016-03-14T00:20:30.000000;2016-03-14T00:20:30.000000;bc93b0fd-d0e6-4159-a11a-d10b3159dc06;412.25;5.997;UNKNOWN
2016-03-14T00:20:30.000000;2016-03-14T00:20:30.000000;8ff9ad6d-839f-498c-9aca-773495eb2af0;412.5;0.900552;UNKNOWN
2016-03-14T00:20:58.000000;2016-03-14T00:20:58.000000;8d6df1d0-c656-4c8f-9aa4-c34a065d8f82;412.3;0.19014537;UNKNOWN
2016-03-14T00:21:04.000000;2016-03-14T00:21:04.000000;4ff3cb6f-9671-4c42-85b3-38cdbd25c0aa;412.37;0.01472024;UNKNOWN
2016-03-14T00:21:07.000000;2016-03-14T00:21:07.000000;6c419803-ce2a-410e-8d7c-d9d32b030ffb;412.5;2.0;UNKNOWN
2016-03-14T00:22:16.000000;2016-03-14T00:22:16.000000;499dd5b8-1842-4dc5-b104-2e6c9659e1fa;412.29;0.895247;UNKNOWN
2016-03-14T00:22:19.000000;2016-03-14T00:22:19.000000;c5ee5e97-82b7-4047-b9b7-81785ba6cabc;412.3;3.52939;UNKNOWN
2016-03-14T00:22:19.000000;2016-03-14T00:22:19.000000;b24958cc-45b8-4a79-942c-74a5245e6f78;412.88;13.0247;UNKNOWN
2016-03-14T00:22:19.000000;2016-03-14T00:22:19.000000;6b502382-2bcd-458f-9dcb-cb40ac547859;412.98;12.2894;UNKNOWN
2016-03-14T00:22:19.000000;2016-03-14T00:22:19.000000;f87a7570-2d93-4da1-b98a-f14b1425f3f6;412.6;0.14334335;UNKNOWN
2016-03-14T00:22:19.000000;2016-03-14T00:22:19.000000;8d86ba9a-9bbb-4d3d-8d4e-7af1b3e7d789;412.5;4.9987328;UNKNOWN
2016-03-14T00:22:19.000000;2016-03-14T00:22:19.000000;6b44a566-90cd-491d-99e5-5ab8f96bd280;412.55;0.06553;UNKNOWN
2016-03-14T00:22:19.000000;2016-03-14T00:22:19.000000;ada1f615-8e24-4bfd-8beb-22c761ff9807;412.87;12.0;UNKNOWN
2016-03-14T00:22:19.000000;2016-03-14T00:22:19.000000;8d8771e8-4b64-4b7e-b352-476c158aa17e;412.5;7.259448;UNKNOWN
2016-03-14T00:22:19.000000;2016-03-14T00:22:19.000000;2498ebb0-2116-4f44-bf99-2c413c040806;412.71;0.04484299;UNKNOWN
2016-03-14T00:22:19.000000;2016-03-14T00:22:19.000000;5b90fee4-68e3-4d7f-a709-5f3dfd0adb43;412.99;50.15928262;UNKNOWN
2016-03-14T00:22:55.000000;2016-03-14T00:22:55.000000;ee4853ff-2c30-41ae-a534-070fd3a4dee0;412.98;0.08817122;UNKNOWN
2016-03-14T00:23:30.000000;2016-03-14T00:23:30.000000;6e3b0854-6afa-4633-9b09-7592724811f3;412.66;0.1068071;UNKNOWN
2016-03-14T00:23:50.000000;2016-03-14T00:23:50.000000;081b9b8e-eef2-4058-b1b7-d5d8e5038b71;412.59;0.5;UNKNOWN
2016-03-14T00:23:50.000000;2016-03-14T00:23:50.000000;6e9dadd7-14b9-4571-8d03-2545a4d5ec52;412.6;5.991;UNKNOWN
2016-03-14T00:23:50.000000;2016-03-14T00:23:50.000000;6d3fc55b-c3bb-484f-a3cb-dc0992fcba0e;412.5;9.10445558;UNKNOWN
2016-03-14T00:23:50.000000;2016-03-14T00:23:50.000000;d0ab7032-582f-4587-95b3-6a8e8dd25af8;412.59;3.0;UNKNOWN
2016-03-14T00:23:50.000000;2016-03-14T00:23:50.000000;73cbf859-7038-474a-be89-20e2e9380db0;412.67;0.22519842;UNKNOWN
2016-03-14T00:24:10.000000;2016-03-14T00:24:10.000000;cba9a2b5-098d-4a79-b64e-a411a48c7e69;412.61;0.04482316;UNKNOWN
2016-03-14T00:24:10.000000;2016-03-14T00:24:10.000000;967980d0-c04a-42ee-897e-078e3ed182fd;412.5;0.07460359;UNKNOWN
2016-03-14T00:26:07.000000;2016-03-14T00:26:07.000000;eb685ef1-6253-428e-9928-95444014c737;412.67;6.0545;UNKNOWN
2016-03-14T00:26:07.000000;2016-03-14T00:26:07.000000;33d3fdda-24e1-4345-b0f6-c41357f63868;412.67;1.5152994;UNKNOWN
2016-03-14T00:27:58.000000;2016-03-14T00:27:58.000000;5c808f11-d2af-4a1c-be29-a654261f3a91;412.49;0.046152;UNKNOWN
2016-03-14T00:28:01.000000;2016-03-14T00:28:01.000000;3dc6f618-5c02-48e1-aedb-0ecfe196d9e1;412.48;0.05;UNKNOWN
2016-03-14T00:28:01.000000;2016-03-14T00:28:01.000000;ab9d9235-edf9-4847-b585-0679f503b79f;412.47;0.046586;UNKNOWN
2016-03-14T00:29:07.000000;2016-03-14T00:29:07.000000;8d6931a3-0bf5-423f-b4a8-397df5ccfc23;412.47;0.20356;UNKNOWN
2016-03-14T00:29:30.000000;2016-03-14T00:29:30.000000;a0534cd2-7b1b-4005-a67e-d295ab3856e8;412.16;13.7859466;UNKNOWN
2016-03-14T00:29:30.000000;2016-03-14T00:29:30.000000;06c85466-80c7-4306-986e-db25775f1deb;412.47;5.744254;UNKNOWN
2016-03-14T00:30:10.000000;2016-03-14T00:30:10.000000;a0d6562a-eace-473f-b70e-3fa74c03e217;412.31;0.24024601;UNKNOWN
2016-03-14T00:31:47.000000;2016-03-14T00:31:47.000000;f20f4a43-f321-472e-844d-0012817a024f;412.4;0.09707383;UNKNOWN
2016-03-14T00:32:56.000000;2016-03-14T00:32:56.000000;98d3f5fd-ca47-4576-8c07-327ad0d748f5;412.45;0.017404;UNKNOWN
2016-03-14T00:33:08.000000;2016-03-14T00:33:08.000000;45ef3e3f-be9c-4499-adaa-554190e0a2a4;412.45;0.016927;UNKNOWN
2016-03-14T00:34:38.000000;2016-03-14T00:34:38.000000;7495ff3c-b107-409a-ab9a-e37b7309b23e;412.45;5.985769;UNKNOWN
2016-03-14T00:34:38.000000;2016-03-14T00:34:38.000000;ea2118fc-a3e9-45a2-bfd7-6a2cefe2ad62;412.14;17.851;UNKNOWN
2016-03-14T00:34:38.000000;2016-03-14T00:34:38.000000;d9ca2fac-41db-4b09-a74d-df892ab22bc7;412.45;0.1059906;UNKNOWN
2016-03-14T00:34:38.000000;2016-03-14T00:34:38.000000;6d90faac-0020-4371-a871-486aa29c83bd;412.45;1.47790002;UNKNOWN
2016-03-14T00:34:38.000000;2016-03-14T00:34:38.000000;9cccb9f8-7df7-462f-978b-515b7a4e8cc0;412.45;0.97922897;UNKNOWN
2016-03-14T00:34:38.000000;2016-03-14T00:34:38.000000;9273c8b9-b4ab-45dc-ab25-a636228ce4aa;412.1;2.86297404;UNKNOWN
2016-03-14T00:34:38.000000;2016-03-14T00:34:38.000000;55e06bdf-7354-4e11-bcae-f6d5f6323c38;412.21;11.8291;UNKNOWN
2016-03-14T00:34:38.000000;2016-03-14T00:34:38.000000;01d0e060-b125-4e97-aae3-a984d363d047;412.38;12.9649;UNKNOWN
2016-03-14T00:34:38.000000;2016-03-14T00:34:38.000000;be7a20cb-2c18-43f2-8d39-452494536cd2;412.45;0.24313737;UNKNOWN
2016-03-14T00:34:49.000000;2016-03-14T00:34:49.000000;12ec4afb-5b82-4ddf-95d8-1548f2431df6;412.13;0.013158;UNKNOWN
2016-03-14T00:34:53.000000;2016-03-14T00:34:53.000000;c2200bf1-c21e-473c-b424-060e37e823ae;412.13;0.018149;UNKNOWN
2016-03-14T00:36:16.000000;2016-03-14T00:36:16.000000;0ba065e6-774c-4b78-9057-ba2fca9543bf;412.16;0.03985011;UNKNOWN
2016-03-14T00:36:48.000000;2016-03-14T00:36:48.000000;85880598-1e8d-4a2a-b0bd-89ab431d277a;412.61;0.26107;UNKNOWN
2016-03-14T00:36:48.000000;2016-03-14T00:36:48.000000;9fc74523-657c-49c1-a79b-c808f0f63771;412.55;0.06553;UNKNOWN
2016-03-14T00:39:07.000000;2016-03-14T00:39:07.000000;efbb9e73-1a91-4712-8d28-a5e80fbf1457;412.39;0.3808247;UNKNOWN
2016-03-14T00:39:07.000000;2016-03-14T00:39:07.000000;615c62f1-d0de-41a5-9204-ed923bd122a8;412.39;0.0636853;UNKNOWN
2016-03-14T00:39:07.000000;2016-03-14T00:39:07.000000;cfa683da-e5f2-42e9-bb02-f28cfe4e76c4;412.39;0.03989;UNKNOWN
2016-03-14T00:40:19.000000;2016-03-14T00:40:19.000000;c7bd3b1b-0aa5-4341-b69d-7101986c131f;412.54;0.03985011;UNKNOWN
2016-03-14T00:40:23.000000;2016-03-14T00:40:23.000000;143655f4-e345-43d1-a290-bdb682e30dd2;412.55;0.04477834;UNKNOWN
2016-03-14T00:40:25.000000;2016-03-14T00:40:25.000000;26320e76-4d4c-42f8-9f1d-ced3591a92ea;412.61;0.2;UNKNOWN
2016-03-14T00:40:25.000000;2016-03-14T00:40:25.000000;dfa0b421-8d8b-4062-b34a-dced971a7036;412.55;0.18067155;UNKNOWN
2016-03-14T00:40:25.000000;2016-03-14T00:40:25.000000;14a9462d-ff74-464e-a698-8e487ffb882f;412.55;0.03989;UNKNOWN
2016-03-14T00:41:57.000000;2016-03-14T00:41:57.000000;f6ff601b-3d2f-43cd-a6b5-17a47037a3dd;412.49;1.0;UNKNOWN
2016-03-14T00:43:07.000000;2016-03-14T00:43:07.000000;5a7855b8-38db-49e2-8990-8fd0a28225c4;412.25;0.11992996;UNKNOWN
2016-03-14T00:43:39.000000;2016-03-14T00:43:39.000000;a8550589-735b-4a4f-b3d8-63ac6af8d46b;412.16;0.04470072;UNKNOWN
2016-03-14T00:43:39.000000;2016-03-14T00:43:39.000000;2d8d742c-6a6b-4e85-95d9-7470613a0d7f;412.16;0.21765884;UNKNOWN
2016-03-14T00:43:39.000000;2016-03-14T00:43:39.000000;6b70fc68-90a9-42f3-a5df-4a5b8218b3e3;412.17;0.08;UNKNOWN
2016-03-14T00:44:22.000000;2016-03-14T00:44:22.000000;23a493d1-b281-4e33-946c-e303002a95f9;412.49;0.01011;UNKNOWN
2016-03-14T00:44:22.000000;2016-03-14T00:44:22.000000;b3e3477a-ea4f-49a9-823f-83d58eca2b11;412.47;0.03989;UNKNOWN
2016-03-14T00:44:44.000000;2016-03-14T00:44:44.000000;33464c4e-d652-4eee-a0a8-9a963bbed498;412.49;0.1278;UNKNOWN
2016-03-14T00:46:10.000000;2016-03-14T00:46:10.000000;b49e51b7-8253-4de6-a8fb-ac5a6cf4a45a;412.32;0.07284069;UNKNOWN
2016-03-14T00:47:11.000000;2016-03-14T00:47:11.000000;02a36c95-30b5-47e5-ab4b-67003c513e67;412.33;0.744265;UNKNOWN
2016-03-14T00:47:47.000000;2016-03-14T00:47:47.000000;6644a5de-973d-40b4-83e4-a4f0d86647c3;412.34;0.03989;UNKNOWN
2016-03-14T00:47:47.000000;2016-03-14T00:47:47.000000;9fac67f5-492f-41a5-af8c-a5e2d483c541;412.33;0.42137838;UNKNOWN
2016-03-14T00:48:46.000000;2016-03-14T00:48:46.000000;4b90dc69-264e-414e-b16d-baee4150b067;412.22;0.735521;UNKNOWN
2016-03-14T00:48:51.000000;2016-03-14T00:48:51.000000;9f9b166f-eb5b-4fed-961e-b53513905244;412.22;0.229104;UNKNOWN
2016-03-14T00:49:42.000000;2016-03-14T00:49:42.000000;a057b085-ea66-4e27-9e03-87c3bae09667;412.23;0.03985011;UNKNOWN
2016-03-14T00:49:42.000000;2016-03-14T00:49:42.000000;8e661647-1fc6-42d3-958b-23048480bc2e;412.44;0.2806125;UNKNOWN
2016-03-14T00:50:31.000000;2016-03-14T00:50:31.000000;a69b2240-896f-4680-bdfc-1de993dd2ffa;412.39;0.05447;UNKNOWN
2016-03-14T00:50:31.000000;2016-03-14T00:50:31.000000;79d30620-dfd8-46ce-a5d0-8689df376770;412.39;0.03989;UNKNOWN
2016-03-14T00:50:32.000000;2016-03-14T00:50:32.000000;75115594-d212-4b80-a8c1-6d1f1bcfbc12;412.48;6.0;UNKNOWN
2016-03-14T00:51:06.000000;2016-03-14T00:51:06.000000;447a3c46-9994-40cc-ba56-93981a9f7b39;412.48;0.2301683;UNKNOWN
2016-03-14T00:51:07.000000;2016-03-14T00:51:07.000000;6e0bfa87-e180-4958-bde1-b04f2b3340d1;412.45;0.09841338;UNKNOWN
2016-03-14T00:51:46.000000;2016-03-14T00:51:46.000000;4ceeb9c4-765f-49da-be80-a8782fc735d8;412.48;0.09841383;UNKNOWN
2016-03-14T00:52:09.000000;2016-03-14T00:52:09.000000;1962fd70-d005-46dd-92c5-eb3f2aae0101;412.45;0.430461;UNKNOWN
2016-03-14T00:52:41.000000;2016-03-14T00:52:41.000000;2336c883-93f1-4977-84ab-6a7be6b318a4;412.46;0.02;UNKNOWN
2016-03-14T00:52:43.000000;2016-03-14T00:52:43.000000;3f6916c5-2710-4dc3-a123-ba860c7629cc;412.46;0.01989;UNKNOWN
2016-03-14T00:52:43.000000;2016-03-14T00:52:43.000000;cfeec587-0f66-4173-9269-b46d9d91eebc;412.48;22.45761;UNKNOWN
2016-03-14T00:52:45.000000;2016-03-14T00:52:45.000000;9e9c6c8a-1209-4ee9-aecf-25a780b4078f;412.48;21.05452525;UNKNOWN
2016-03-14T00:52:58.000000;2016-03-14T00:52:58.000000;0465ab13-f70f-4b27-b1b7-ef825c66358b;412.48;0.02426962;UNKNOWN
2016-03-14T00:53:02.000000;2016-03-14T00:53:02.000000;168fb65d-e528-438d-8d4b-268b0892c924;412.5;0.76479386;UNKNOWN
2016-03-14T00:53:56.000000;2016-03-14T00:53:56.000000;c0d07796-e46b-4754-9f81-badc4b2fd440;412.48;0.01052671;UNKNOWN
2016-03-14T00:53:56.000000;2016-03-14T00:53:56.000000;a11dfc55-a7ad-4a55-8b07-5d3f5033cc60;412.48;0.48781329;UNKNOWN
2016-03-14T00:54:35.000000;2016-03-14T00:54:35.000000;270a6923-1267-462e-bda8-e0a742e737da;412.48;0.58321343;UNKNOWN
2016-03-14T00:54:35.000000;2016-03-14T00:54:35.000000;3359f9c6-6560-463b-be02-9fabce612b5d;412.48;0.05970257;UNKNOWN
2016-03-14T00:55:47.000000;2016-03-14T00:55:47.000000;06912ead-cce4-409a-ad53-5972469d6b89;412.5;4.66918803;UNKNOWN
2016-03-14T00:55:47.000000;2016-03-14T00:55:47.000000;cdc049a2-e856-4461-8e4e-980466b7d965;412.5;4.67049647;UNKNOWN
2016-03-14T00:55:47.000000;2016-03-14T00:55:47.000000;d076cd98-cf56-4d12-8b33-6643a00765c3;412.5;1.87464459;UNKNOWN
2016-03-14T00:56:11.000000;2016-03-14T00:56:11.000000;1adfa7f8-2ef6-459a-a856-21459bc4bc7b;412.54;0.09242;UNKNOWN
2016-03-14T00:56:59.000000;2016-03-14T00:56:59.000000;84a0761f-4abe-478a-939a-b8b5cd16901c;412.66;0.04137671;UNKNOWN
2016-03-14T00:57:30.000000;2016-03-14T00:57:30.000000;dbc85212-c5f5-4cfb-af1c-ef8761ee6ed8;412.67;0.03397171;UNKNOWN
2016-03-14T00:58:10.000000;2016-03-14T00:58:10.000000;e32dd565-7f33-4891-ab9a-261d84745f1e;412.67;0.00591829;UNKNOWN
2016-03-14T00:58:10.000000;2016-03-14T00:58:10.000000;e36cb109-177c-42bc-870b-4ebf5c7adde7;412.53;0.12740171;UNKNOWN
2016-03-14T00:58:35.000000;2016-03-14T00:58:35.000000;0e4d3b75-9c90-44e0-9115-82d8b92b493d;412.72;0.27602829;UNKNOWN
2016-03-14T00:58:35.000000;2016-03-14T00:58:35.000000;7a01ccca-7312-44c7-a2cc-1ba300e503e1;412.71;0.03397171;UNKNOWN
2016-03-14T00:59:59.000000;2016-03-14T00:59:59.000000;f214921b-b970-41b6-bf63-4fb354c534c8;412.71;4.67393463;UNKNOWN
2016-03-14T00:59:59.000000;2016-03-14T00:59:59.000000;39ba5f18-4710-4415-bf99-38ae677d9e5b;412.71;4.6725151;UNKNOWN
2016-03-14T00:59:59.000000;2016-03-14T00:59:59.000000;5334993c-66b6-4b4f-900d-2fd383d16bb3;412.75;4.66888745;UNKNOWN
2016-03-14T00:59:59.000000;2016-03-14T00:59:59.000000;7686dac5-8c62-4a1b-b078-5676718811dd;412.72;1.30797171;UNKNOWN
2016-03-14T00:59:59.000000;2016-03-14T00:59:59.000000;94ebf9fe-aa2b-4c97-8557-b48a11ea99fd;412.71;4.67344316;UNKNOWN
2016-03-14T00:59:59.000000;2016-03-14T00:59:59.000000;9c46f3d4-c034-45a4-b4f0-b66974c6b0a8;412.71;4.67333396;UNKNOWN
2016-03-14T00:59:59.000000;2016-03-14T00:59:59.000000;85505cbf-6f50-4070-875e-9c6b30d1bbf4;412.71;4.67393463;UNKNOWN
2016-03-14T00:59:59.000000;2016-03-14T00:59:59.000000;1e24630b-8198-475e-8e34-26090d69ae12;412.71;4.67327936;UNKNOWN
2016-03-14T00:59:59.000000;2016-03-14T00:59:59.000000;6a0d918a-e4fa-4af2-92ec-2623db42d99c;412.71;5.9827;UNKNOWN
2016-03-14T01:00:34.000000;2016-03-14T01:00:34.000000;0e73b3df-6446-49ef-a351-5f489944d9fc;412.7;0.02992;UNKNOWN
2016-03-14T01:00:34.000000;2016-03-14T01:00:34.000000;9659adbe-aec2-4e74-9452-e2cbecd931d2;412.55;0.45521392;UNKNOWN
2016-03-14T01:02:06.000000;2016-03-14T01:02:06.000000;b1949e7e-0341-4ee2-a12b-3e27023cb1b0;412.75;0.02300866;UNKNOWN
2016-03-14T01:03:45.000000;2016-03-14T01:03:45.000000;8e86112b-682d-464a-acd7-47b78a70b2fe;412.75;0.03580245;UNKNOWN
2016-03-14T01:03:45.000000;2016-03-14T01:03:45.000000;f99a2152-5c62-4950-906e-3e51cb7407ce;412.76;2.96419755;UNKNOWN
2016-03-14T01:06:35.000000;2016-03-14T01:06:35.000000;3499a9a5-df1e-4bb2-aa09-8d69a8362698;412.55;0.00256126;UNKNOWN
2016-03-14T01:06:35.000000;2016-03-14T01:06:35.000000;374f9322-5080-42e2-b84b-c485af27d540;412.65;0.03989;UNKNOWN
2016-03-14T01:07:07.000000;2016-03-14T01:07:07.000000;d617be9c-f788-4957-a73c-5f829eb88b82;412.55;0.71963154;UNKNOWN
2016-03-14T01:09:18.000000;2016-03-14T01:09:18.000000;98e4815b-0556-4d08-ad46-68bc511c771d;412.7;0.47154854;UNKNOWN
2016-03-14T01:10:06.000000;2016-03-14T01:10:06.000000;34254d53-385c-4aec-96c5-494d64dcf66e;412.7;4.20440769;UNKNOWN
2016-03-14T01:10:06.000000;2016-03-14T01:10:06.000000;6b9d015a-0d67-441e-abb2-939c309c8dea;412.7;1.18551359;UNKNOWN
2016-03-14T01:11:20.000000;2016-03-14T01:11:20.000000;af5f1991-acc3-4ca5-ba5b-31045090f00d;412.6;0.24621702;UNKNOWN
2016-03-14T01:12:44.000000;2016-03-14T01:12:44.000000;78aa87bf-e034-4cd5-be79-ebacded48510;412.6;0.0315777;UNKNOWN
2016-03-14T01:13:05.000000;2016-03-14T01:13:05.000000;1c279caf-51a6-47c0-9720-d6703bf86516;412.6;0.72220528;UNKNOWN
2016-03-14T01:13:05.000000;2016-03-14T01:13:05.000000;a1456a5d-01cd-434c-909a-619ecd26ac1f;412.59;0.13059022;UNKNOWN
2016-03-14T01:20:16.000000;2016-03-14T01:20:16.000000;eba11833-af63-4c69-8d90-f69bf98f0bc1;412.63;0.15095667;UNKNOWN
2016-03-14T01:24:30.000000;2016-03-14T01:24:30.000000;539f1bee-c042-4aa1-b234-f39c7ae7058e;412.76;0.14473122;UNKNOWN
2016-03-14T01:24:39.000000;2016-03-14T01:24:39.000000;e8cfc946-4616-456e-8492-b64132e6f5af;412.76;0.02080913;UNKNOWN
2016-03-14T01:25:38.000000;2016-03-14T01:25:38.000000;9a93e709-ddf1-4351-a36e-c8e09c7d0c6c;412.76;0.0162621;UNKNOWN
2016-03-14T01:25:38.000000;2016-03-14T01:25:38.000000;8d81640d-6b8e-4a97-99e0-78ccaccc9267;412.79;0.0037379;UNKNOWN
2016-03-14T01:26:49.000000;2016-03-14T01:26:49.000000;aea3328d-2c59-4e44-bed8-b2cca1205d85;412.79;0.05;UNKNOWN
2016-03-14T01:28:13.000000;2016-03-14T01:28:13.000000;dedb62fb-387f-43bc-be5c-be50a0dae3c6;412.78;0.01;UNKNOWN
2016-03-14T01:28:19.000000;2016-03-14T01:28:19.000000;a5ed71f3-3e09-4f2e-bb80-d65bf82d6318;412.76;0.11761932;UNKNOWN
2016-03-14T01:28:36.000000;2016-03-14T01:28:36.000000;f1213108-0c10-4343-a184-51b7c73480b6;412.79;9.77;UNKNOWN
2016-03-14T01:28:36.000000;2016-03-14T01:28:36.000000;26afc773-36a0-46d2-8b3e-89a31373f44e;412.78;0.23;UNKNOWN
2016-03-14T01:29:01.000000;2016-03-14T01:29:01.000000;316600b6-69ee-402f-acb9-60a3855978a3;412.76;1.41;UNKNOWN
2016-03-14T01:30:23.000000;2016-03-14T01:30:23.000000;571ec567-4881-412e-aff2-e8117d2aeed3;412.76;1.0;UNKNOWN
2016-03-14T01:31:07.000000;2016-03-14T01:31:07.000000;69851235-a096-4dd4-a8c2-8497dc63c305;412.76;0.06015833;UNKNOWN
2016-03-14T01:32:30.000000;2016-03-14T01:32:30.000000;0f6e1b50-5af7-4c36-8882-612d8978ac62;412.76;0.6459;UNKNOWN
2016-03-14T01:33:08.000000;2016-03-14T01:33:08.000000;a73eea5a-e550-4eef-9d52-ac0d05ee27e0;412.79;0.1711105;UNKNOWN
2016-03-14T01:33:10.000000;2016-03-14T01:33:10.000000;b659b58c-4e2c-4ee7-bab9-635019d0dff9;412.79;0.02;UNKNOWN
2016-03-14T01:33:12.000000;2016-03-14T01:33:12.000000;082f1d4a-e838-44ac-822e-54185eb0deb5;412.79;0.03836686;UNKNOWN
2016-03-14T01:35:51.000000;2016-03-14T01:35:51.000000;91edd1cd-8833-41db-9f2a-a5b315689353;412.76;0.09;UNKNOWN
2016-03-14T01:37:28.000000;2016-03-14T01:37:28.000000;1af38e61-b2c9-4f8f-b4c5-44e13bc208c8;412.79;0.02126933;UNKNOWN
2016-03-14T01:37:34.000000;2016-03-14T01:37:34.000000;83e5b870-9ae9-4835-9e18-f111a2c25ecc;412.79;0.01369365;UNKNOWN
2016-03-14T01:38:02.000000;2016-03-14T01:38:02.000000;d96d1719-a678-4330-8f54-3aab4021d9f1;412.76;3.23632235;UNKNOWN
2016-03-14T01:38:02.000000;2016-03-14T01:38:02.000000;0378f3a0-cf4a-4fdb-b056-adc4078b9b76;412.76;0.02897007;UNKNOWN
2016-03-14T01:39:09.000000;2016-03-14T01:39:09.000000;b2e25bc0-d572-460b-9a70-6ba3352f7858;412.7;0.29324794;UNKNOWN
2016-03-14T01:39:09.000000;2016-03-14T01:39:09.000000;6083399d-c764-406c-8380-a1bcede1a345;412.73;0.0162;UNKNOWN
2016-03-14T01:42:05.000000;2016-03-14T01:42:05.000000;1957a9b2-fbea-4f9a-8232-7ae7d23e870c;412.72;0.36721392;UNKNOWN
2016-03-14T01:42:45.000000;2016-03-14T01:42:45.000000;6b4c58b4-b59f-4f9a-a2f3-eb3e3ca831b7;412.72;0.026745;UNKNOWN
2016-03-14T01:42:54.000000;2016-03-14T01:42:54.000000;f75f6a2b-75b2-4a2c-bc57-928da86cbbb8;412.72;0.05838501;UNKNOWN
2016-03-14T01:42:54.000000;2016-03-14T01:42:54.000000;ebd722ec-2c25-4c3b-836f-7ebdb665d87e;412.72;0.09000299;UNKNOWN
2016-03-14T01:44:24.000000;2016-03-14T01:44:24.000000;6aca257c-f756-489d-8eb7-6df62f560359;412.72;0.06762915;UNKNOWN
2016-03-14T01:44:28.000000;2016-03-14T01:44:28.000000;d6ec519c-9097-4bb3-8fc5-d12032ef5d92;412.72;0.026643;UNKNOWN
2016-03-14T01:44:31.000000;2016-03-14T01:44:31.000000;4d853fcc-6230-47e5-9b13-aeb7da37b177;412.72;0.1316;UNKNOWN
2016-03-14T01:46:05.000000;2016-03-14T01:46:05.000000;b0013941-7117-4802-bca9-1a907e6d88c6;412.72;0.019899;UNKNOWN
2016-03-14T01:46:07.000000;2016-03-14T01:46:07.000000;fff22cdf-9d82-48a9-acef-ea89ad022c32;412.72;0.08494;UNKNOWN
2016-03-14T01:47:46.000000;2016-03-14T01:47:46.000000;44aa90d0-2b8c-411e-b094-0d19d27843e7;412.72;0.012115;UNKNOWN
2016-03-14T01:47:48.000000;2016-03-14T01:47:48.000000;b0dd67f4-f9b4-4cf8-9fa9-118984aec6d8;412.72;0.048237;UNKNOWN
2016-03-14T01:48:10.000000;2016-03-14T01:48:10.000000;f86b481c-ad2e-447a-8d8d-bb8c457803ad;412.72;0.15;UNKNOWN
2016-03-14T01:49:27.000000;2016-03-14T01:49:27.000000;5dce1a95-f65a-47bc-90ad-8d53a474a41a;412.72;0.65930418;UNKNOWN
2016-03-14T01:49:27.000000;2016-03-14T01:49:27.000000;dda054b9-c205-4993-98bd-c6edabf4df89;412.72;0.8845196;UNKNOWN
2016-03-14T01:49:27.000000;2016-03-14T01:49:27.000000;d331a09c-0e4a-418e-b9bf-c6803caaf3dd;412.7;0.22130939;UNKNOWN
2016-03-14T01:49:27.000000;2016-03-14T01:49:27.000000;0569fd88-c942-4c9e-9669-60989240aa59;412.72;0.20449073;UNKNOWN
2016-03-14T01:49:27.000000;2016-03-14T01:49:27.000000;49b7dafe-7d9c-438e-aceb-f5181979baf1;412.72;1.1121503;UNKNOWN
2016-03-14T01:49:27.000000;2016-03-14T01:49:27.000000;0f2f226e-fc8d-4367-8fff-19ca8aceea32;412.72;0.28132721;UNKNOWN
2016-03-14T01:49:27.000000;2016-03-14T01:49:27.000000;b9cdedaf-f717-4574-b77f-9ebbc979cc5e;412.72;0.26722705;UNKNOWN
2016-03-14T01:49:29.000000;2016-03-14T01:49:29.000000;453cc385-a176-4d7e-9dff-004c636ffa15;412.7;0.012751;UNKNOWN
2016-03-14T01:49:33.000000;2016-03-14T01:49:33.000000;e8ad0b59-f7e9-4ea9-8a36-10b434a4dafa;412.7;0.018577;UNKNOWN
2016-03-14T01:49:34.000000;2016-03-14T01:49:34.000000;8adcfa54-0037-448d-afa5-a8e93bfe4eaf;412.7;0.025239;UNKNOWN
2016-03-14T01:50:11.000000;2016-03-14T01:50:11.000000;9524d4fc-38a1-4db5-ae3c-026a56532a76;412.33;0.030098;UNKNOWN
2016-03-14T01:50:11.000000;2016-03-14T01:50:11.000000;f30eafaf-54c5-4f9d-abd6-9e72ba8d6ee5;412.33;0.065638;UNKNOWN
2016-03-14T01:51:54.000000;2016-03-14T01:51:54.000000;31cb1b54-e632-4a3b-bfff-b7af1fc949ea;412.15;0.073356;UNKNOWN
2016-03-14T01:53:25.000000;2016-03-14T01:53:25.000000;804db0aa-87a7-459d-875d-e5856aafe7f6;412.19;0.02;UNKNOWN
2016-03-14T01:55:13.000000;2016-03-14T01:55:13.000000;296ddcad-8021-46c1-851b-1302aa1d3b27;412.55;0.02;UNKNOWN
2016-03-14T01:55:31.000000;2016-03-14T01:55:31.000000;8d292452-3515-4574-829b-2cb42da7f84c;412.38;0.12029472;UNKNOWN
2016-03-14T01:55:31.000000;2016-03-14T01:55:31.000000;d4d50821-2655-4a38-9d52-ddecd773bbdd;412.38;0.06712725;UNKNOWN
2016-03-14T01:55:31.000000;2016-03-14T01:55:31.000000;e4fe6686-d8a0-4097-bac0-f3ce1d01a519;412.21;4.68218212;UNKNOWN
2016-03-14T01:55:44.000000;2016-03-14T01:55:44.000000;af1e2d2d-4a47-4dfa-ae4e-faadf2b8c7c3;412.55;0.02;UNKNOWN
2016-03-14T01:56:14.000000;2016-03-14T01:56:14.000000;9cf9c9dc-b771-44a8-a07a-c54d50535f57;412.64;0.04469179;UNKNOWN
2016-03-14T01:56:14.000000;2016-03-14T01:56:14.000000;96566fb7-7e13-4fe7-88db-301015faa7d6;412.71;6.0294;UNKNOWN
2016-03-14T01:56:14.000000;2016-03-14T01:56:14.000000;d01eabc9-6664-4208-a9bd-b59877bf7893;412.76;21.42590821;UNKNOWN
2016-03-14T02:00:44.000000;2016-03-14T02:00:44.000000;c649afe4-1465-4ec0-8f26-9bfeb4cb44c3;412.56;0.5;UNKNOWN
2016-03-14T02:00:44.000000;2016-03-14T02:00:44.000000;ce9b796c-62b7-4843-8ee6-789e7cf2c81c;412.61;0.44510494;UNKNOWN
2016-03-14T02:00:44.000000;2016-03-14T02:00:44.000000;09bba0e8-09af-499b-be9e-838dd0d433ea;412.56;0.55489506;UNKNOWN
2016-03-14T02:03:22.000000;2016-03-14T02:03:22.000000;24b5c863-8428-4ff5-99d2-542a3322f08d;412.67;0.02378136;UNKNOWN
2016-03-14T02:06:10.000000;2016-03-14T02:06:10.000000;3c30b628-0988-496f-9ead-76cfaf825648;412.66;0.048;UNKNOWN
2016-03-14T02:06:10.000000;2016-03-14T02:06:10.000000;9db5adc1-1b17-43a1-b1ec-cfdc66467683;412.66;0.03682792;UNKNOWN
2016-03-14T02:07:13.000000;2016-03-14T02:07:13.000000;c3836213-86b0-4bdd-8044-08aca84fd2eb;412.67;1.1;UNKNOWN
2016-03-14T02:09:28.000000;2016-03-14T02:09:28.000000;ca265d30-2be2-4488-85f4-dd9339564678;412.67;17.99621864;UNKNOWN
2016-03-14T02:09:59.000000;2016-03-14T02:09:59.000000;bb60acbc-d997-4125-a151-6f003103cdf5;412.69;0.05;UNKNOWN
2016-03-14T02:11:25.000000;2016-03-14T02:11:25.000000;02ce29fd-3ded-4294-bec5-b78ddf7dfdeb;412.76;0.55;UNKNOWN
2016-03-14T02:14:05.000000;2016-03-14T02:14:05.000000;50bd1ed5-3c27-4a03-b838-51499d5e30b6;412.75;0.25;UNKNOWN
2016-03-14T02:14:20.000000;2016-03-14T02:14:20.000000;b38b9c1e-9887-4428-bbad-e6fef678dba8;412.75;2.10631073;UNKNOWN
2016-03-14T02:14:20.000000;2016-03-14T02:14:20.000000;2e7e5f28-96c4-4246-be0d-e7afcec876f9;412.75;0.04812621;UNKNOWN
2016-03-14T02:14:20.000000;2016-03-14T02:14:20.000000;4bc5427d-7878-42e7-9da3-919555c94886;412.6;0.04799811;UNKNOWN
2016-03-14T02:14:20.000000;2016-03-14T02:14:20.000000;971f913e-ab53-4384-b1c1-a8a32f142b93;412.75;0.053;UNKNOWN
2016-03-14T02:14:46.000000;2016-03-14T02:14:46.000000;b11775aa-6d6f-4f7b-9ab3-dd5a5ae4b25d;412.54;0.01932173;UNKNOWN
2016-03-14T02:14:46.000000;2016-03-14T02:14:46.000000;07f8840d-de9e-4124-95ef-e7b9c48ebef6;412.34;0.23068025;UNKNOWN
2016-03-14T02:14:46.000000;2016-03-14T02:14:46.000000;d71b0d1a-a2f4-40ae-a333-68f74f716b54;412.34;0.5;UNKNOWN
2016-03-14T02:14:52.000000;2016-03-14T02:14:52.000000;4645592b-ebde-42e0-884a-b40f4044c339;412.38;0.01080373;UNKNOWN
2016-03-14T02:15:07.000000;2016-03-14T02:15:07.000000;48e745ba-c9a9-4408-8500-889383019162;412.46;0.02741447;UNKNOWN
2016-03-14T02:15:07.000000;2016-03-14T02:15:07.000000;467fae83-f989-4122-88c0-b6ff8f992b55;412.46;0.2255435;UNKNOWN
2016-03-14T02:16:59.000000;2016-03-14T02:16:59.000000;b6753a06-40d7-4177-b3cc-bbd8f0477b7e;412.58;0.24266102;UNKNOWN
2016-03-14T02:17:03.000000;2016-03-14T02:17:03.000000;89619d9e-4d33-4d29-a87f-6636bc5330ab;412.76;1.4;UNKNOWN
2016-03-14T02:18:03.000000;2016-03-14T02:18:03.000000;fc1e13b8-5d1c-4451-bf19-00e3a63428a9;412.3;0.9999;UNKNOWN
2016-03-14T02:18:17.000000;2016-03-14T02:18:17.000000;b031c4d2-7ffa-4269-82fb-de88eef3756c;412.25;0.029449;UNKNOWN
2016-03-14T02:18:17.000000;2016-03-14T02:18:17.000000;a3b41798-43b0-48d2-bac0-2f0639154f40;412.3;0.0001;UNKNOWN
2016-03-14T02:18:21.000000;2016-03-14T02:18:21.000000;da17b2d4-9078-4c81-98d6-723ba74e1a0e;412.15;0.02216733;UNKNOWN
2016-03-14T02:18:21.000000;2016-03-14T02:18:21.000000;cf814e3d-0c81-47f1-a323-7234d6806fd1;412.15;0.02417575;UNKNOWN
2016-03-14T02:18:21.000000;2016-03-14T02:18:21.000000;486a4bca-1f6e-4ebc-91f5-51204acabe11;412.15;0.25447667;UNKNOWN
2016-03-14T02:18:21.000000;2016-03-14T02:18:21.000000;b5bd3fa6-3012-42e9-8ec7-279e78b362e9;412.11;0.94063577;UNKNOWN
2016-03-14T02:18:28.000000;2016-03-14T02:18:28.000000;45886176-ea51-411d-84b6-c0833eea702c;412.11;0.01662719;UNKNOWN
2016-03-14T02:18:30.000000;2016-03-14T02:18:30.000000;6920dd91-831e-4bca-b0a1-69eacce78551;412.13;0.01246986;UNKNOWN
2016-03-14T02:18:46.000000;2016-03-14T02:18:46.000000;2068c6c9-c45b-4463-be84-80b2b9ce301a;412.22;0.01760996;UNKNOWN
2016-03-14T02:18:51.000000;2016-03-14T02:18:51.000000;67422d13-2dc3-4189-9741-30c0ef0c6892;412.24;0.01320666;UNKNOWN
2016-03-14T02:22:06.000000;2016-03-14T02:22:06.000000;604ffbce-10bb-4ebe-93dc-25b6de8714e1;412.3;3.983;UNKNOWN
2016-03-14T02:22:06.000000;2016-03-14T02:22:06.000000;2f361583-39d6-4bec-a331-06c7e60dfbf3;412.46;6.017;UNKNOWN
2016-03-14T02:24:05.000000;2016-03-14T02:24:05.000000;1f80c349-2366-4675-a1ac-f13b4022cfc7;412.73;0.5;UNKNOWN
2016-03-14T02:24:05.000000;2016-03-14T02:24:05.000000;9d49af45-edd9-4e2f-a2bd-ec96aa1b3c73;412.73;2.1;UNKNOWN
2016-03-14T02:24:07.000000;2016-03-14T02:24:07.000000;342de59c-9ae2-49f5-97be-c14d130cba7a;412.72;0.5;UNKNOWN
2016-03-14T02:24:07.000000;2016-03-14T02:24:07.000000;c4562ae2-4d2e-4488-87d3-d16e0fbc868a;412.73;0.9;UNKNOWN
2016-03-14T02:24:07.000000;2016-03-14T02:24:07.000000;cb1ad97e-10bc-4f4e-91c9-9b01d60d7913;412.73;1.6;UNKNOWN
2016-03-14T02:24:09.000000;2016-03-14T02:24:09.000000;f90cbfda-b1ad-4a62-bd49-fb0b983308a8;412.73;1.3;UNKNOWN
2016-03-14T02:25:54.000000;2016-03-14T02:25:54.000000;f6f9760a-c1e3-4457-bcc1-b8004816d1a1;412.36;0.065576;UNKNOWN
2016-03-14T02:25:54.000000;2016-03-14T02:25:54.000000;5cff8f5b-85bf-4fa4-8fd7-280b8ccc3534;412.15;0.17711446;UNKNOWN
2016-03-14T02:26:05.000000;2016-03-14T02:26:05.000000;b5023adc-5be5-4acf-9667-7fe59cfa7503;412.13;0.97511682;UNKNOWN
2016-03-14T02:26:05.000000;2016-03-14T02:26:05.000000;12589b34-65e6-493b-b8b2-751b00ab7551;412.14;0.09439764;UNKNOWN
2016-03-14T02:26:05.000000;2016-03-14T02:26:05.000000;7c98798c-e25f-4d75-861d-59e80d7f5031;412.15;5.83048554;UNKNOWN
2016-03-14T02:26:16.000000;2016-03-14T02:26:16.000000;5a34e6a5-89cf-49e8-9139-739ea2c0ec6e;412.13;0.9;UNKNOWN
2016-03-14T02:29:22.000000;2016-03-14T02:29:22.000000;d184d008-24c9-4a90-bc63-386656ce3612;412.42;0.19793189;UNKNOWN
2016-03-14T02:32:32.000000;2016-03-14T02:32:32.000000;3911d6e5-d7a1-4a01-b632-b4b1c29bab10;412.68;0.5;UNKNOWN
2016-03-14T02:32:58.000000;2016-03-14T02:32:58.000000;7254f31d-0f38-4028-9707-e36a72f64f4d;412.67;0.5;UNKNOWN
2016-03-14T02:33:49.000000;2016-03-14T02:33:49.000000;8d50f3be-292a-4854-a40c-ffe70f3ab23f;412.76;0.34;UNKNOWN
2016-03-14T02:34:07.000000;2016-03-14T02:34:07.000000;27ade6f5-75d3-4ead-885b-05dc797c10c6;412.67;0.0193761;UNKNOWN
2016-03-14T02:34:13.000000;2016-03-14T02:34:13.000000;7f4651a3-3041-4de6-a706-ec1a56f4797c;412.67;0.0145323;UNKNOWN
2016-03-14T02:34:17.000000;2016-03-14T02:34:17.000000;f22cd9a7-7646-4f4a-b4ee-f9a41ffca4a7;412.67;0.01089938;UNKNOWN
2016-03-14T02:34:18.000000;2016-03-14T02:34:18.000000;7d8bccf5-e1fd-44bc-8f0c-eba3248144d5;412.76;1.0;UNKNOWN
2016-03-14T02:34:22.000000;2016-03-14T02:34:22.000000;c0e78ed3-13eb-48b6-8e3c-057b17a4ff17;412.67;0.01000218;UNKNOWN
2016-03-14T02:34:30.000000;2016-03-14T02:34:30.000000;1b51a858-3fe8-4488-93e3-a4c0ab05bcf5;412.67;0.01000218;UNKNOWN
2016-03-14T02:34:35.000000;2016-03-14T02:34:35.000000;a34980c1-1daf-45c2-bbe7-d0fe9b5b8e25;412.67;0.01;UNKNOWN
2016-03-14T02:34:57.000000;2016-03-14T02:34:57.000000;16ef63da-3bf5-4ecf-a72f-1f821131e90d;412.76;30.0;UNKNOWN
2016-03-14T02:36:58.000000;2016-03-14T02:36:58.000000;6a077baf-d319-4e07-b76f-46560df2a572;412.76;0.02140842;UNKNOWN
2016-03-14T02:36:59.000000;2016-03-14T02:36:59.000000;f012535f-0e41-420b-898b-eb5e565936e1;412.76;0.02140842;UNKNOWN
2016-03-14T02:37:01.000000;2016-03-14T02:37:01.000000;43b18072-fe83-4f2f-9d07-e4163538e876;412.76;0.02140842;UNKNOWN
2016-03-14T02:38:05.000000;2016-03-14T02:38:05.000000;114ca528-3f21-4b42-8f6c-9cd6aeb9f925;412.76;0.253066;UNKNOWN
2016-03-14T02:38:12.000000;2016-03-14T02:38:12.000000;fc6fdcb1-4074-4d8d-b789-4509941faa4d;412.76;0.13448237;UNKNOWN
2016-03-14T02:38:18.000000;2016-03-14T02:38:18.000000;86f61209-057c-403a-89c4-1b9fc0e296cf;412.75;2.42519898;UNKNOWN
2016-03-14T02:38:19.000000;2016-03-14T02:38:19.000000;6cee8779-5b36-4816-9a1c-526fa1ac95a4;412.76;0.01754118;UNKNOWN
2016-03-14T02:38:33.000000;2016-03-14T02:38:33.000000;5d35c861-eef2-4a44-a957-fe54ba7b0061;412.75;0.175169;UNKNOWN
2016-03-14T02:38:36.000000;2016-03-14T02:38:36.000000;6d533700-65dc-46db-8025-266b8c441b51;412.75;0.345165;UNKNOWN
2016-03-14T02:39:05.000000;2016-03-14T02:39:05.000000;23f0e967-0409-4215-9f4d-af4f35573498;412.76;0.01444739;UNKNOWN
2016-03-14T02:39:08.000000;2016-03-14T02:39:08.000000;2c5a659c-617e-406a-a2ed-1ae8a8f1b3c7;412.75;0.01000048;UNKNOWN
2016-03-14T02:39:09.000000;2016-03-14T02:39:09.000000;2a9d860b-ba2d-4dff-8d19-a6f1f2a0171c;412.75;0.01407043;UNKNOWN
2016-03-14T02:39:11.000000;2016-03-14T02:39:11.000000;f1068281-fb1d-4cc9-beaf-6b146cbd0b52;412.76;0.02140842;UNKNOWN
2016-03-14T02:39:12.000000;2016-03-14T02:39:12.000000;d01d96f7-cc59-46f9-a02f-5afbbb6a59f4;412.76;0.02140842;UNKNOWN
2016-03-14T02:39:18.000000;2016-03-14T02:39:18.000000;1929e70e-b55b-482c-986b-c3413fcfa364;412.76;0.0206307;UNKNOWN
2016-03-14T02:41:03.000000;2016-03-14T02:41:03.000000;c8ae8134-07a3-4253-8af7-cbc2895f23dd;412.75;0.0205733;UNKNOWN
2016-03-14T02:41:07.000000;2016-03-14T02:41:07.000000;0eceabb0-fd5e-4b22-aa93-cacf24af1a82;412.75;0.20428863;UNKNOWN
2016-03-14T02:41:07.000000;2016-03-14T02:41:07.000000;5dac514a-0624-408f-8899-3d0ca0cc73e7;412.75;4.64693289;UNKNOWN
2016-03-14T02:41:35.000000;2016-03-14T02:41:35.000000;a9e72694-f03a-4b9a-85a2-7bf232d6e165;412.68;0.42565305;UNKNOWN
2016-03-14T02:43:46.000000;2016-03-14T02:43:46.000000;99d5ca5f-784b-44cd-bd9e-e22698584757;412.75;0.067713;UNKNOWN
2016-03-14T02:44:06.000000;2016-03-14T02:44:06.000000;16ee9359-dcff-4e00-a71b-56cae4e5f31a;412.76;0.01443742;UNKNOWN
2016-03-14T02:45:21.000000;2016-03-14T02:45:21.000000;cdebc7a4-360f-4e3f-a8fa-b3b9a21b6b44;412.75;0.00553125;UNKNOWN
2016-03-14T02:45:21.000000;2016-03-14T02:45:21.000000;0fa91e47-f240-4920-a16d-4f0a7776e14f;412.75;0.00686275;UNKNOWN
2016-03-14T02:45:28.000000;2016-03-14T02:45:28.000000;21ed9029-8fec-449b-a9be-7db4bd42c9bf;412.74;0.01716959;UNKNOWN
2016-03-14T02:46:02.000000;2016-03-14T02:46:02.000000;eb3f8862-ff71-4c70-910a-0e38c5dd40ca;412.74;0.119415;UNKNOWN
2016-03-14T02:48:06.000000;2016-03-14T02:48:06.000000;39bee0ee-84fa-4e31-8706-39426b4b7b95;412.76;1.01321815;UNKNOWN
2016-03-14T02:50:14.000000;2016-03-14T02:50:14.000000;71a509b0-97b3-4cfb-821d-3319e3789fe8;412.76;0.3;UNKNOWN
2016-03-14T02:51:00.000000;2016-03-14T02:51:00.000000;725134c1-f5f1-47ef-97a8-bb944ef3b1e3;412.76;1.0;UNKNOWN
2016-03-14T02:51:19.000000;2016-03-14T02:51:19.000000;98e4ad65-fda2-44dc-9d3f-38731984736d;412.76;39.14393406;UNKNOWN
2016-03-14T02:51:19.000000;2016-03-14T02:51:19.000000;53d6fb28-42c5-4402-b3dc-39b1ad3e4d3b;412.79;0.85606594;UNKNOWN
2016-03-14T02:51:20.000000;2016-03-14T02:51:20.000000;e2fa4995-7d80-43f9-8b9f-258f703e7ddc;412.79;1.91175582;UNKNOWN
2016-03-14T02:51:24.000000;2016-03-14T02:51:24.000000;26553e3e-5272-45ba-8ab9-ab4dfa2ee266;413.65;1.0;UNKNOWN
2016-03-14T02:51:24.000000;2016-03-14T02:51:24.000000;a39bc0f5-719f-4add-9912-53276df4a26a;414.16;8.36720906;UNKNOWN
2016-03-14T02:51:24.000000;2016-03-14T02:51:24.000000;e5e2aae2-1335-4e6e-a9d4-86aad389a898;413.5;1.0;UNKNOWN
2016-03-14T02:51:24.000000;2016-03-14T02:51:24.000000;f607665b-a403-4933-ab8a-70ab635d1495;413.12;0.1;UNKNOWN
2016-03-14T02:51:24.000000;2016-03-14T02:51:24.000000;b1a15b1a-0ec0-4d09-9a0f-73e52b762284;413.7;1.0;UNKNOWN
2016-03-14T02:51:24.000000;2016-03-14T02:51:24.000000;684961a4-4816-42d7-907c-e9cbd9bc6d23;413.1;0.25129094;UNKNOWN
2016-03-14T02:51:24.000000;2016-03-14T02:51:24.000000;df923f38-7b10-4f31-857c-69cf3aca1c13;413.8;0.25;UNKNOWN
2016-03-14T02:51:24.000000;2016-03-14T02:51:24.000000;d2fe765e-7130-4b9d-804b-b398ed79993d;413.98;2.0;UNKNOWN
2016-03-14T02:51:24.000000;2016-03-14T02:51:24.000000;bb9c779d-1684-4d20-bf3a-49b9668d95af;413.65;1.0;UNKNOWN
2016-03-14T02:51:32.000000;2016-03-14T02:51:32.000000;ddadb837-23d8-465d-bd0b-fce9dd8a38f1;413.96;0.0128;UNKNOWN
2016-03-14T02:51:32.000000;2016-03-14T02:51:32.000000;779ba614-6950-4a30-b570-46f349d4745e;413.96;6.0;UNKNOWN
2016-03-14T02:51:32.000000;2016-03-14T02:51:32.000000;bc6eee26-c570-4053-846f-7493f1e60031;413.97;1.9872;UNKNOWN
2016-03-14T02:51:42.000000;2016-03-14T02:51:42.000000;011419e7-6636-4c57-a033-2fe0d906bbf7;414.0;20.0;UNKNOWN
2016-03-14T02:51:43.000000;2016-03-14T02:51:43.000000;91e430ee-89cf-4071-9a4a-2e75fc181d0c;413.97;6.0368;UNKNOWN
2016-03-14T02:51:45.000000;2016-03-14T02:51:45.000000;7b5bfb8d-42a4-49d2-a10c-2f7ccbf2c0b9;413.97;8.13;UNKNOWN
2016-03-14T02:52:56.000000;2016-03-14T02:52:56.000000;bbbf8e26-b48a-4a11-9590-40e4b432ecad;413.98;0.21;UNKNOWN
2016-03-14T02:53:05.000000;2016-03-14T02:53:05.000000;de82e4db-d3c6-42bb-b8e0-fa355dd15cea;414.05;0.03830138;UNKNOWN
2016-03-14T02:53:16.000000;2016-03-14T02:53:16.000000;99c00042-d6d5-4e7d-a6c5-add17a664e0c;414.11;0.3;UNKNOWN
2016-03-14T02:53:19.000000;2016-03-14T02:53:19.000000;2cce4b0e-854c-4c65-b8ec-b4ba12b796a1;414.13;2.21;UNKNOWN
2016-03-14T02:53:26.000000;2016-03-14T02:53:26.000000;b6634338-ed0a-41fc-8dfc-eae784b116d9;414.19;6.0257;UNKNOWN
2016-03-14T02:53:48.000000;2016-03-14T02:53:48.000000;bed70ae3-0e71-4c5f-a52e-f80a463893ac;414.2;1.03620582;UNKNOWN
2016-03-14T02:53:48.000000;2016-03-14T02:53:48.000000;020456d1-a355-410e-a8ae-28c799a3414d;414.45;9.96379418;UNKNOWN
2016-03-14T02:53:59.000000;2016-03-14T02:53:59.000000;d355fe3a-673f-41b2-a988-556fc1803bcc;414.45;6.01;UNKNOWN
2016-03-14T02:54:09.000000;2016-03-14T02:54:09.000000;4558448f-23d3-4c17-997b-38cda5057b0f;414.33;0.8854;UNKNOWN
2016-03-14T02:54:13.000000;2016-03-14T02:54:13.000000;b03b7d3e-81b4-4e0d-a67a-728e96db4108;414.34;0.5;UNKNOWN
2016-03-14T02:54:13.000000;2016-03-14T02:54:13.000000;ce98cacd-2515-48e8-9a71-1ea6ed886fb9;414.32;0.21;UNKNOWN
2016-03-14T02:55:10.000000;2016-03-14T02:55:10.000000;302236c4-5278-4974-8a26-1508f8b65e98;414.42;1.89;UNKNOWN
2016-03-14T02:55:19.000000;2016-03-14T02:55:19.000000;bd6401fd-2a11-4985-b83b-da324efcc50b;414.41;0.14;UNKNOWN
2016-03-14T02:55:34.000000;2016-03-14T02:55:34.000000;0201b39c-d900-405d-ab77-0651fd34d737;414.19;0.04445533;UNKNOWN
2016-03-14T02:56:06.000000;2016-03-14T02:56:06.000000;10580447-e3a9-4a58-a2e2-0e734f8bc5c8;414.26;0.00116;UNKNOWN
2016-03-14T02:56:07.000000;2016-03-14T02:56:07.000000;47072e43-67a1-472d-a60e-431c35813975;414.4;25.0;UNKNOWN
2016-03-14T02:56:29.000000;2016-03-14T02:56:29.000000;821963c1-f6c2-45ce-8803-8248beeed667;414.43;5.0;UNKNOWN
2016-03-14T02:56:29.000000;2016-03-14T02:56:29.000000;9b925835-8832-46e8-a6df-47c013e54275;414.48;2.0;UNKNOWN
2016-03-14T02:56:29.000000;2016-03-14T02:56:29.000000;64342923-c12b-429d-a1ff-1805599c421c;414.46;0.02;UNKNOWN
2016-03-14T02:56:29.000000;2016-03-14T02:56:29.000000;52244f96-fa7d-4b27-8b38-d6e4c20fd7a5;414.47;6.0143;UNKNOWN
2016-03-14T02:56:48.000000;2016-03-14T02:56:48.000000;f445b765-ea42-4f88-8a8f-977c650746fb;414.57;2.0;UNKNOWN
2016-03-14T02:56:58.000000;2016-03-14T02:56:58.000000;1669fb49-0149-4163-83d5-45dd3bf149e6;414.6;0.06042211;UNKNOWN
2016-03-14T02:57:18.000000;2016-03-14T02:57:18.000000;90841eb3-e194-4b54-a892-22eaa4fccaef;414.63;0.536442;UNKNOWN
2016-03-14T02:57:18.000000;2016-03-14T02:57:18.000000;6f430f9f-fb0f-4109-be35-140db5f9eba6;414.63;0.5;UNKNOWN
2016-03-14T02:57:23.000000;2016-03-14T02:57:23.000000;1d38123d-eda8-4542-8158-3499671fa9d9;414.64;1.637386;UNKNOWN
2016-03-14T02:57:44.000000;2016-03-14T02:57:44.000000;ba8ef806-fd54-4a63-9e6b-362c604b6e73;415.0;20.0;UNKNOWN
2016-03-14T02:57:44.000000;2016-03-14T02:57:44.000000;e127882d-997b-4760-af17-c079341b0f2e;417.7;11.5798;UNKNOWN
2016-03-14T02:57:44.000000;2016-03-14T02:57:44.000000;968512ab-121e-4247-9e7c-e643b365d069;414.79;0.01996073;UNKNOWN
2016-03-14T02:57:44.000000;2016-03-14T02:57:44.000000;3f694c38-7870-4c84-8344-5ea606473537;414.8;0.25;UNKNOWN
2016-03-14T02:57:44.000000;2016-03-14T02:57:44.000000;f25949c6-5afc-4390-990e-45c992a4d20c;417.69;4.254;UNKNOWN
2016-03-14T02:57:44.000000;2016-03-14T02:57:44.000000;18f3c940-0d80-4d77-bbc4-c3ee96aa461b;417.0;1.0;UNKNOWN
2016-03-14T02:57:44.000000;2016-03-14T02:57:44.000000;d6ee3e07-e12f-4f84-aea0-d786edbb47f1;415.0;0.035;UNKNOWN
2016-03-14T02:57:44.000000;2016-03-14T02:57:44.000000;2f0bdc72-5721-4ca7-9534-b28e6e31b022;416.09;11.8224;UNKNOWN
2016-03-14T02:57:44.000000;2016-03-14T02:57:44.000000;319b5333-fbbc-4cbb-9a98-c2c6020cd1b6;415.99;29.87996802;UNKNOWN
2016-03-14T02:57:44.000000;2016-03-14T02:57:44.000000;0c2f1b04-e517-44f6-ae6c-69d860938acf;414.67;0.14;UNKNOWN
2016-03-14T02:57:44.000000;2016-03-14T02:57:44.000000;f0549793-edae-4b2e-901d-b6dc67515943;414.97;5.9957;UNKNOWN
2016-03-14T02:57:44.000000;2016-03-14T02:57:44.000000;be5b2703-0b30-4020-88b1-437e2ba170bd;417.68;4.702;UNKNOWN
2016-03-14T02:57:44.000000;2016-03-14T02:57:44.000000;c305d948-0a3e-47c3-8aa9-022f2fbf84c5;416.02;3.0;UNKNOWN
2016-03-14T02:57:44.000000;2016-03-14T02:57:44.000000;3d83c191-d0dd-463a-8e39-1a62a48fca42;417.5;9.73565459;UNKNOWN
2016-03-14T02:57:44.000000;2016-03-14T02:57:44.000000;23e4549c-f987-4068-ada8-df690a44debc;417.0;0.1;UNKNOWN
2016-03-14T02:57:44.000000;2016-03-14T02:57:44.000000;81f6f869-3173-46de-987c-e8d66bab74c8;416.59;4.6367135;UNKNOWN
2016-03-14T02:57:44.000000;2016-03-14T02:57:44.000000;25703839-d69a-4a7b-8fa2-36c59394ff51;417.84;0.20274492;UNKNOWN
2016-03-14T02:57:44.000000;2016-03-14T02:57:44.000000;447de66d-15c3-46b2-adc3-96ad78425867;417.56;12.0002;UNKNOWN
2016-03-14T02:57:44.000000;2016-03-14T02:57:44.000000;2ac69e8a-f442-4db0-b8cb-eef80b29be8c;417.05;4.63649852;UNKNOWN
2016-03-14T02:57:44.000000;2016-03-14T02:57:44.000000;7dd59652-c0d3-4f9c-a34d-0fe07013f926;417.78;4.478;UNKNOWN
2016-03-14T02:57:44.000000;2016-03-14T02:57:44.000000;98e26f33-4ef9-4b5f-aa07-2facf163be2c;417.18;0.022;UNKNOWN
2016-03-14T02:57:44.000000;2016-03-14T02:57:44.000000;37179fc3-46e6-42de-9084-ef78d14377ab;417.99;14.62705696;UNKNOWN
2016-03-14T02:57:44.000000;2016-03-14T02:57:44.000000;6dcbe014-18e4-4e14-9df5-b6c5d2efc8b2;416.12;50.0;UNKNOWN
2016-03-14T02:57:44.000000;2016-03-14T02:57:44.000000;014ddd2e-8ab0-49a0-9f24-8cf375d88ad2;417.0;4.95299803;UNKNOWN
2016-03-14T02:57:44.000000;2016-03-14T02:57:44.000000;3af8f83b-8fd4-4e37-8c2c-38559916da1c;417.0;0.1;UNKNOWN
2016-03-14T02:57:44.000000;2016-03-14T02:57:44.000000;9985238c-a1b7-4974-bafa-42cf50ff0fc4;415.13;1.658425;UNKNOWN
2016-03-14T02:57:44.000000;2016-03-14T02:57:44.000000;d2b6fe96-d69b-4e47-80f0-56319831b1e6;416.37;67.46;UNKNOWN
2016-03-14T02:57:44.000000;2016-03-14T02:57:44.000000;2687498c-0005-4e8c-b371-8d7ef7dedafc;416.05;0.24141519;UNKNOWN
2016-03-14T02:57:44.000000;2016-03-14T02:57:44.000000;ecfc2222-f0b7-46b2-a781-7b03ac825d57;415.12;11.9167;UNKNOWN
2016-03-14T02:57:44.000000;2016-03-14T02:57:44.000000;cb94f2c3-7528-496a-bbf9-85bc758b2839;415.14;13.0788;UNKNOWN
2016-03-14T02:57:44.000000;2016-03-14T02:57:44.000000;0c0c7e6b-53fc-4078-bc0b-c7f6eafe13fd;415.28;11.7576;UNKNOWN
2016-03-14T02:57:44.000000;2016-03-14T02:57:44.000000;7051dea3-b696-45c6-9909-ca779ebb51e2;417.85;12.8587;UNKNOWN
2016-03-14T02:57:44.000000;2016-03-14T02:57:44.000000;1810f0b5-fe16-4c4b-ba1f-e7d99d93b9b9;417.54;107.01;UNKNOWN
2016-03-14T02:57:44.000000;2016-03-14T02:57:44.000000;710b841e-1cd8-41ee-9b83-3d4d475a667a;417.69;0.0101;UNKNOWN
2016-03-14T02:57:44.000000;2016-03-14T02:57:44.000000;9999d48b-9bd0-4936-9441-c9e48a15b7a2;416.8;0.25;UNKNOWN
2016-03-14T02:57:44.000000;2016-03-14T02:57:44.000000;781f0333-8237-4de1-83c2-f9552b0e3a9a;417.24;50.0;UNKNOWN
2016-03-14T02:57:44.000000;2016-03-14T02:57:44.000000;656c1d73-381e-4a75-940e-de2a182ddefa;416.0;0.1;UNKNOWN
2016-03-14T02:57:44.000000;2016-03-14T02:57:44.000000;a75d7086-da90-4421-bfaa-9f7fe0366ffc;415.77;0.25;UNKNOWN
2016-03-14T02:57:44.000000;2016-03-14T02:57:44.000000;03ca33af-cd00-4028-b8a1-8f6750285a9b;414.74;0.05;UNKNOWN
2016-03-14T02:57:44.000000;2016-03-14T02:57:44.000000;704e8eb5-2aa0-42f1-b5b8-4e448c82f53f;416.64;0.065564;UNKNOWN
2016-03-14T02:57:44.000000;2016-03-14T02:57:44.000000;54df0dbb-a754-44b0-ac75-f2338843fac7;417.1;0.5;UNKNOWN
2016-03-14T02:57:44.000000;2016-03-14T02:57:44.000000;7dad64fc-bcc1-409a-9f52-3343d8bf3eb2;415.81;5.66;UNKNOWN
2016-03-14T02:57:44.000000;2016-03-14T02:57:44.000000;bc45f9e9-10c9-4945-9e44-3559c692ef3e;415.97;1.0;UNKNOWN
2016-03-14T02:57:44.000000;2016-03-14T02:57:44.000000;1ffbcb53-bd53-45e0-81fa-a8a63c20e684;416.46;0.1;UNKNOWN
2016-03-14T02:57:44.000000;2016-03-14T02:57:44.000000;0cd73c39-8f7c-4214-8e66-74dcdd549b91;415.5;0.04;UNKNOWN
2016-03-14T02:57:44.000000;2016-03-14T02:57:44.000000;5c1cd211-42d9-4aad-95c4-e51b214c3c2e;415.68;11.7694;UNKNOWN
2016-03-14T02:57:44.000000;2016-03-14T02:57:44.000000;150de595-0ea0-405e-a995-1c07dee733c1;415.67;5.37;UNKNOWN
2016-03-14T02:57:44.000000;2016-03-14T02:57:44.000000;49fc1d88-449d-4d01-bd58-d6cdb27077d0;414.67;0.04845904;UNKNOWN
2016-03-14T02:57:44.000000;2016-03-14T02:57:44.000000;088776fa-521b-4d28-a3e0-ce38b1017ef5;414.98;7.9483;UNKNOWN
2016-03-14T02:57:44.000000;2016-03-14T02:57:44.000000;595cfcbc-7c92-423a-a8a4-885f517f2732;416.51;4.64231001;UNKNOWN
2016-03-14T02:57:44.000000;2016-03-14T02:57:44.000000;c099650d-b2bd-4692-8a10-0a09914bc43a;416.8;0.322;UNKNOWN
2016-03-14T02:57:44.000000;2016-03-14T02:57:44.000000;83b254a4-2e56-4c66-bfe0-edb69e058b39;415.3;0.01;UNKNOWN
2016-03-14T02:57:44.000000;2016-03-14T02:57:44.000000;d3417a5f-03ef-465e-8eee-3b0801609872;415.34;0.14126826;UNKNOWN
2016-03-14T02:57:44.000000;2016-03-14T02:57:44.000000;13a5afea-7c0d-4d78-ade9-99ddb9e04d34;415.96;0.25;UNKNOWN
2016-03-14T02:57:44.000000;2016-03-14T02:57:44.000000;07946ed1-3b64-4b89-abbf-9d6e035e8f09;416.51;4.63553135;UNKNOWN
2016-03-14T02:57:44.000000;2016-03-14T02:57:44.000000;2f121659-4051-4de9-ae7a-83a24c6356df;416.53;5.0;UNKNOWN
2016-03-14T02:57:44.000000;2016-03-14T02:57:44.000000;b41c5c93-d919-42f3-b21b-ec036ac968f3;415.44;0.01;UNKNOWN
2016-03-14T02:57:44.000000;2016-03-14T02:57:44.000000;0c76fd62-3eab-4536-90fa-40487f181962;415.82;12.4062;UNKNOWN
2016-03-14T02:57:44.000000;2016-03-14T02:57:44.000000;590ade33-aa7d-438d-90f5-5ebc76e5928a;417.0;0.5;UNKNOWN
2016-03-14T02:57:44.000000;2016-03-14T02:57:44.000000;8b40ac86-3651-409e-abb0-17fc2309ed91;417.5;0.1;UNKNOWN
2016-03-14T02:57:44.000000;2016-03-14T02:57:44.000000;c1f89146-63a3-4958-af14-ce1a284ecd88;415.86;7.47;UNKNOWN
2016-03-14T02:57:44.000000;2016-03-14T02:57:44.000000;c503945a-9170-4aa4-974e-6e34ef8e7821;417.2;0.5;UNKNOWN
2016-03-14T02:57:44.000000;2016-03-14T02:57:44.000000;651cddff-3a63-4dda-8ce4-d854abebc4ca;414.67;0.095;UNKNOWN
2016-03-14T02:57:44.000000;2016-03-14T02:57:44.000000;4ef5c9e1-b8ad-4de1-84dc-9d384114f7fb;416.6;12.0;UNKNOWN
2016-03-14T02:57:44.000000;2016-03-14T02:57:44.000000;57caa54b-830f-4849-8a20-942ca355abd6;415.96;29.39;UNKNOWN
2016-03-14T02:57:44.000000;2016-03-14T02:57:44.000000;659f2e57-c7df-4ddb-bec6-c66de1c5bf7a;416.74;0.1;UNKNOWN
2016-03-14T02:57:44.000000;2016-03-14T02:57:44.000000;f626a448-baf4-43fb-9f50-cb7392eb3e07;416.67;0.205171;UNKNOWN
2016-03-14T02:57:44.000000;2016-03-14T02:57:44.000000;9ea5e14f-f23c-48ee-ae4e-edf386712d2f;415.39;12.9816;UNKNOWN
2016-03-14T02:57:44.000000;2016-03-14T02:57:44.000000;ab2b3e3e-e916-4176-b4be-85208897f013;416.65;13.483;UNKNOWN
2016-03-14T02:57:44.000000;2016-03-14T02:57:44.000000;2799e2d0-02e6-461c-9907-035963fdc173;417.53;0.8769095;UNKNOWN
2016-03-14T02:57:44.000000;2016-03-14T02:57:44.000000;f2ceda8c-658a-4500-817d-5ee1856022cb;417.41;12.9278;UNKNOWN
2016-03-14T02:57:44.000000;2016-03-14T02:57:44.000000;e27f0490-6df5-4b4d-a57b-6fc0e0d37b1b;415.64;9.6368;UNKNOWN
2016-03-14T02:57:44.000000;2016-03-14T02:57:44.000000;c0d98277-3ef5-4d88-a5b7-0483de3cf909;415.5;0.012;UNKNOWN
2016-03-14T02:57:44.000000;2016-03-14T02:57:44.000000;5e9b2862-a288-4efe-b1a0-41683a0754fd;415.44;0.25;UNKNOWN
2016-03-14T02:57:44.000000;2016-03-14T02:57:44.000000;7bf280dc-1578-49ac-902b-c01d741054cd;417.1;100.0;UNKNOWN
2016-03-14T02:57:44.000000;2016-03-14T02:57:44.000000;f8187131-c8c1-405d-81be-844d9c087880;416.79;95.52;UNKNOWN
2016-03-14T02:57:44.000000;2016-03-14T02:57:44.000000;d4220feb-2d8a-4e52-9da2-661f4b929e36;417.34;23.30244942;UNKNOWN
2016-03-14T02:57:44.000000;2016-03-14T02:57:44.000000;0f6800c2-34a9-4a34-9d88-864b2cd98656;415.54;12.0343;UNKNOWN
2016-03-14T02:57:44.000000;2016-03-14T02:57:44.000000;6743edb0-a58d-4e1d-923e-1271473462c6;415.87;16.38475;UNKNOWN
2016-03-14T02:57:44.000000;2016-03-14T02:57:44.000000;f7e621fb-0f20-4e6b-a1dd-a5f1b2ebe227;416.9;0.5;UNKNOWN
2016-03-14T02:57:44.000000;2016-03-14T02:57:44.000000;7a222bac-9a8a-4532-928b-6769b83f3c8f;417.08;69.64;UNKNOWN
2016-03-14T02:57:44.000000;2016-03-14T02:57:44.000000;770080f6-4c0a-40ab-8a31-5780f20c8f14;416.52;13.3092;UNKNOWN
2016-03-14T02:57:44.000000;2016-03-14T02:57:44.000000;a3043937-7080-4dee-84e9-b99e5ae417d1;415.8;9.5;UNKNOWN
2016-03-14T02:57:44.000000;2016-03-14T02:57:44.000000;107b19e3-ba54-4916-b945-e770525d4eb9;416.0;1.0;UNKNOWN
2016-03-14T02:57:44.000000;2016-03-14T02:57:44.000000;c0454fb8-a78c-47f9-8dba-ba2d32466f07;416.24;13.0817;UNKNOWN
2016-03-14T02:57:44.000000;2016-03-14T02:57:44.000000;2eb9bf86-86c6-4d20-9cfd-d7e93a85e60a;416.85;10.0;UNKNOWN
2016-03-14T02:57:44.000000;2016-03-14T02:57:44.000000;4f900265-cca7-417d-845c-6bcdcccc2945;416.46;1.3143;UNKNOWN
2016-03-14T02:57:44.000000;2016-03-14T02:57:44.000000;b6e6e9f6-16bf-43fc-ab4f-83c3624361da;416.0;5.7;UNKNOWN
2016-03-14T02:57:44.000000;2016-03-14T02:57:44.000000;f901c006-1d9f-4659-8973-29295144a0f5;416.59;4.63553135;UNKNOWN
2016-03-14T02:57:44.000000;2016-03-14T02:57:44.000000;d5aed8e3-f5cc-4dba-b4cd-60adf9506c5b;417.0;1.0;UNKNOWN
2016-03-14T02:57:44.000000;2016-03-14T02:57:44.000000;6dbb8ec0-bcc9-484f-80c0-eb7a0bdd7be7;416.82;13.0309;UNKNOWN
2016-03-14T02:57:44.000000;2016-03-14T02:57:44.000000;b1b9ab50-5d96-4a30-8a0e-b6d7fc99f6af;416.79;4.63649852;UNKNOWN
2016-03-14T02:57:44.000000;2016-03-14T02:57:44.000000;6969843d-31f2-4c0c-876f-62aa419bfb42;417.08;12.8962;UNKNOWN
2016-03-14T02:57:44.000000;2016-03-14T02:57:44.000000;9c09df87-a2cf-4e85-9db2-cfc41879816f;416.4;1.56;UNKNOWN
2016-03-14T02:57:44.000000;2016-03-14T02:57:44.000000;7f73b703-f664-4682-8843-a4a5677443a2;415.98;0.048;UNKNOWN
2016-03-14T02:57:44.000000;2016-03-14T02:57:44.000000;3e384f4c-f1c4-4f20-85ad-27e01f28eace;415.99;12.394;UNKNOWN
2016-03-14T02:57:44.000000;2016-03-14T02:57:44.000000;83c280d8-83cf-4158-b4fc-ab47e40d23ad;416.88;4.63649852;UNKNOWN
2016-03-14T02:57:44.000000;2016-03-14T02:57:44.000000;7dff6afc-3c2e-42ec-8e95-14e9df79e175;415.97;11.8807;UNKNOWN
2016-03-14T02:57:44.000000;2016-03-14T02:57:44.000000;b17aefc4-f90f-47c4-9c1f-3e8c970ba931;416.4;49.0;UNKNOWN
2016-03-14T02:57:44.000000;2016-03-14T02:57:44.000000;80bca21d-5571-4bb8-a497-9e240a54f814;416.08;33.4;UNKNOWN
2016-03-14T02:57:44.000000;2016-03-14T02:57:44.000000;877ce71c-8aca-451c-8ee2-023aeb420aef;416.82;2.98;UNKNOWN
2016-03-14T02:57:44.000000;2016-03-14T02:57:44.000000;b68895e7-da21-48c1-bb72-d118808bea74;416.28;50.0;UNKNOWN
2016-03-14T02:57:44.000000;2016-03-14T02:57:44.000000;c3961e5e-fdab-42d8-bde3-47549a8b455e;417.0;25.0;UNKNOWN
2016-03-14T02:57:44.000000;2016-03-14T02:57:44.000000;116ee1d0-2110-436e-b68e-47be7d7a1854;416.94;12.579;UNKNOWN
2016-03-14T02:57:44.000000;2016-03-14T02:57:44.000000;89f0654e-d6ed-40e6-a2db-b48c97836a69;416.16;19.55;UNKNOWN
2016-03-14T02:57:44.000000;2016-03-14T02:57:44.000000;863a05d3-cdda-4192-b085-172cb0984b0b;416.35;0.022;UNKNOWN
2016-03-14T02:57:44.000000;2016-03-14T02:57:44.000000;844ce216-5d70-49b3-925d-ff22fc5fb2a0;417.24;11.7325;UNKNOWN
2016-03-14T02:57:44.000000;2016-03-14T02:57:44.000000;96907116-7b40-4cee-be06-723263bbb53c;416.37;4.63951007;UNKNOWN
2016-03-14T02:57:44.000000;2016-03-14T02:57:44.000000;c5c9cda7-8c3e-4a39-bb55-43240a872c4d;416.31;4.6367135;UNKNOWN
2016-03-14T02:57:44.000000;2016-03-14T02:57:44.000000;6d800b91-4d12-4f0a-9b0e-9b5650400b9b;416.4;13.1955;UNKNOWN
2016-03-14T02:57:48.000000;2016-03-14T02:57:48.000000;ae33d8d1-5302-4640-be7c-210e08a3d4f2;416.18;0.022;UNKNOWN
2016-03-14T02:57:48.000000;2016-03-14T02:57:48.000000;b382f82a-6172-433f-8803-72d348c4589e;416.29;0.08656506;UNKNOWN
2016-03-14T02:57:49.000000;2016-03-14T02:57:49.000000;7d66a182-64d4-43f1-b3c2-0248e17df385;414.85;0.04443552;UNKNOWN
2016-03-14T02:57:51.000000;2016-03-14T02:57:51.000000;3a2adc19-1986-48a8-a90d-bbd6da114465;414.65;0.10714288;UNKNOWN
2016-03-14T02:57:53.000000;2016-03-14T02:57:53.000000;deb2da02-6038-4541-8087-f13cd6e5c3b5;414.96;0.05321968;UNKNOWN
2016-03-14T02:57:53.000000;2016-03-14T02:57:53.000000;3c21b935-d372-425c-b0bc-01dec9b58260;414.67;0.14;UNKNOWN
2016-03-14T02:58:04.000000;2016-03-14T02:58:04.000000;06ae0de7-2d3f-4adc-b4d0-2180e57f1d6b;415.03;0.02;UNKNOWN
2016-03-14T02:58:05.000000;2016-03-14T02:58:05.000000;f4c10ef3-ee24-45a4-80e0-0ccce3c63735;416.24;0.095;UNKNOWN
2016-03-14T02:58:05.000000;2016-03-14T02:58:05.000000;c3d2a028-d928-4b85-a96a-773d8e91f52b;416.24;2.0;UNKNOWN
2016-03-14T02:58:05.000000;2016-03-14T02:58:05.000000;9b5e28a2-c2bd-4c17-85c6-b87113313000;416.24;1.60780416;UNKNOWN
2016-03-14T02:58:05.000000;2016-03-14T02:58:05.000000;e0b05f6e-8628-438a-a31f-fa37928bac56;416.24;0.025;UNKNOWN
2016-03-14T02:58:05.000000;2016-03-14T02:58:05.000000;9e9625dd-d987-43ac-8b9c-27120ce7a3db;416.24;4.39219584;UNKNOWN
2016-03-14T02:58:05.000000;2016-03-14T02:58:05.000000;891dfde4-35ee-419e-9eda-80d078bcd870;416.24;1.25649584;UNKNOWN
2016-03-14T02:58:05.000000;2016-03-14T02:58:05.000000;d13e7efd-7af2-48b7-a3fb-461063be3e92;416.24;3.0;UNKNOWN
2016-03-14T02:58:08.000000;2016-03-14T02:58:08.000000;f293d629-d167-4fc3-b049-0f5b52696d37;415.32;0.02;UNKNOWN
2016-03-14T02:58:16.000000;2016-03-14T02:58:16.000000;626b86d2-aa83-4964-8dbf-ef390cb989e9;417.17;12.6807;UNKNOWN
2016-03-14T02:58:16.000000;2016-03-14T02:58:16.000000;be577363-ef7d-4064-a943-87ea9dcf3538;417.18;0.022;UNKNOWN
2016-03-14T02:58:16.000000;2016-03-14T02:58:16.000000;8de7e9f0-a94e-48d7-ab61-338e0c84e4e9;417.32;18.0;UNKNOWN
2016-03-14T02:58:16.000000;2016-03-14T02:58:16.000000;6d43bbb3-4cf8-46d8-adb7-be5b2bfac110;417.33;27.29405078;UNKNOWN
2016-03-14T02:58:16.000000;2016-03-14T02:58:16.000000;ac205495-911e-4678-8660-22521d12f515;416.45;11.7418;UNKNOWN
2016-03-14T02:58:16.000000;2016-03-14T02:58:16.000000;75201ba9-3807-4999-9f4a-92d4b57d97a7;417.31;11.8891;UNKNOWN
2016-03-14T02:58:16.000000;2016-03-14T02:58:16.000000;8ebbe358-fecc-4c0b-91ed-ad0c043472c8;416.86;6.21;UNKNOWN
2016-03-14T02:58:16.000000;2016-03-14T02:58:16.000000;8bdaf7f3-3f4c-41e4-853c-f93aab7375c8;417.02;12.8846;UNKNOWN
2016-03-14T02:58:16.000000;2016-03-14T02:58:16.000000;30c4a5a9-93bc-492b-a44a-b2235b14904b;416.39;11.9148;UNKNOWN
2016-03-14T02:58:16.000000;2016-03-14T02:58:16.000000;5c79ea90-b7af-43b6-a632-3c70ff30cae5;416.62;0.26;UNKNOWN
2016-03-14T02:58:16.000000;2016-03-14T02:58:16.000000;badb8edf-a087-45ed-833b-94382f6e158b;416.87;13.6193;UNKNOWN
2016-03-14T02:58:16.000000;2016-03-14T02:58:16.000000;ef15e8fb-17f3-4f18-94f2-8bad67b9a49b;416.98;0.09330194;UNKNOWN
2016-03-14T02:58:16.000000;2016-03-14T02:58:16.000000;2e447417-eec7-46bb-9690-14816ccb56d0;416.73;12.3226;UNKNOWN
2016-03-14T02:58:16.000000;2016-03-14T02:58:16.000000;493706dc-cb34-45c2-a4bf-e9633775f7ce;416.8;0.25;UNKNOWN
2016-03-14T02:58:16.000000;2016-03-14T02:58:16.000000;c3853ade-4844-427e-b547-db39224b6dd3;416.18;11.834;UNKNOWN
2016-03-14T02:58:16.000000;2016-03-14T02:58:16.000000;7d321cf9-d0a0-4e75-a915-ee3a55f7512c;416.99;4.63719728;UNKNOWN
2016-03-14T02:58:16.000000;2016-03-14T02:58:16.000000;12dfc0ae-0e45-4ab5-b064-b2e0eec93c17;416.6;13.0576;UNKNOWN
2016-03-14T02:58:16.000000;2016-03-14T02:58:16.000000;f037cdcf-d6fe-4d46-8c3b-7e43305ddabe;416.39;2.97;UNKNOWN
2016-03-14T02:58:19.000000;2016-03-14T02:58:19.000000;b8e69b51-117a-4419-a378-c90d786b885a;416.72;2.0;UNKNOWN
2016-03-14T02:58:22.000000;2016-03-14T02:58:22.000000;dd4e909f-3442-424e-bea2-05698832ee32;415.51;1.0;UNKNOWN
2016-03-14T02:58:22.000000;2016-03-14T02:58:22.000000;54993bd8-6ce5-45e7-9eb0-2922503f202f;415.51;0.35;UNKNOWN
2016-03-14T02:58:31.000000;2016-03-14T02:58:31.000000;1616db00-9346-4f0d-bba5-15b40b14ef88;415.59;2.40328206;UNKNOWN
2016-03-14T02:58:33.000000;2016-03-14T02:58:33.000000;4376c6d7-e6fb-4b1c-8af8-2d8adfd6ce28;416.32;3.0;UNKNOWN
2016-03-14T02:58:42.000000;2016-03-14T02:58:42.000000;f2fc00eb-9191-46e5-8836-5dbe1b29f085;415.64;0.35;UNKNOWN
2016-03-14T02:59:01.000000;2016-03-14T02:59:01.000000;b1fa7e1f-bbd4-4db8-90c4-24c4526466f6;416.01;0.4;UNKNOWN
2016-03-14T02:59:03.000000;2016-03-14T02:59:03.000000;73f93019-087b-4a65-b972-712fd78d87b0;416.03;0.1;UNKNOWN
2016-03-14T02:59:05.000000;2016-03-14T02:59:05.000000;e66b19aa-5d2c-4788-9346-c01b3fb3824e;416.03;0.35;UNKNOWN
2016-03-14T02:59:08.000000;2016-03-14T02:59:08.000000;29ff22eb-bdd5-4244-b0e2-7bd10d25f3d4;416.3;2.80119;UNKNOWN
2016-03-14T02:59:08.000000;2016-03-14T02:59:08.000000;f68ade53-0778-4fe8-a9b4-3a42d6c576d8;416.2;1.22981;UNKNOWN
2016-03-14T02:59:08.000000;2016-03-14T02:59:08.000000;2b2f75ae-f7a0-443f-9899-043d72667688;416.29;5.969;UNKNOWN
2016-03-14T02:59:09.000000;2016-03-14T02:59:09.000000;ca362b61-7fcd-4f98-a3bc-d76dc3296e3d;416.3;0.2;UNKNOWN
2016-03-14T02:59:18.000000;2016-03-14T02:59:18.000000;a7918e24-7b75-4524-b0f2-bc8ae6f71ebd;416.07;0.01000553;UNKNOWN
2016-03-14T02:59:21.000000;2016-03-14T02:59:21.000000;5a4c4b4f-dc96-47d5-9dd3-909cc07ec330;416.07;0.48999447;UNKNOWN
2016-03-14T02:59:21.000000;2016-03-14T02:59:21.000000;61e0bc0d-8c5e-453f-82ea-e940badfab4c;416.06;3.0;UNKNOWN
2016-03-14T02:59:21.000000;2016-03-14T02:59:21.000000;f3830cdb-1cf0-45cb-a061-ae0e25a87beb;416.05;1.51000553;UNKNOWN
2016-03-14T02:59:23.000000;2016-03-14T02:59:23.000000;e0b2a833-7a01-40ba-b650-eaba75bb5a1c;416.5;25.0;UNKNOWN
2016-03-14T02:59:23.000000;2016-03-14T02:59:23.000000;f5f58739-c210-47d2-b99b-bea465ade45d;416.29;0.61507;UNKNOWN
2016-03-14T02:59:23.000000;2016-03-14T02:59:23.000000;84289183-2d93-4363-a6a5-f23b26afeb4e;416.3;3.99881;UNKNOWN
2016-03-14T02:59:23.000000;2016-03-14T02:59:23.000000;9d30df09-c817-44dc-a4fe-c400fbfafb5f;416.72;12.7863;UNKNOWN
2016-03-14T02:59:23.000000;2016-03-14T02:59:23.000000;b29d8b37-f058-4d67-98ca-04e40fbe7ff5;417.7;33.442839;UNKNOWN
2016-03-14T02:59:23.000000;2016-03-14T02:59:23.000000;4ca77563-5ad5-452a-8b15-348780422676;416.49;12.3317;UNKNOWN
2016-03-14T02:59:23.000000;2016-03-14T02:59:23.000000;f3545203-b7fa-497f-9efe-a57f825ca510;417.7;12.1557;UNKNOWN
2016-03-14T02:59:23.000000;2016-03-14T02:59:23.000000;d2c513cb-cb7d-4304-9917-2b40f5d3945c;416.13;14.0714;UNKNOWN
2016-03-14T02:59:23.000000;2016-03-14T02:59:23.000000;844af15e-d84e-4248-b947-45f14db1e1f3;417.69;0.0101;UNKNOWN
2016-03-14T02:59:23.000000;2016-03-14T02:59:23.000000;3d410944-f9ca-4b3d-a2de-1e6aa7844dfb;417.32;13.4593;UNKNOWN
2016-03-14T02:59:23.000000;2016-03-14T02:59:23.000000;f3e0c5d5-36d6-4e18-8746-e6c2c993451f;417.35;4.6349405;UNKNOWN
2016-03-14T02:59:23.000000;2016-03-14T02:59:23.000000;eb81c53a-e4da-42d8-873b-40a683ab04d5;416.43;12.8812;UNKNOWN
2016-03-14T02:59:23.000000;2016-03-14T02:59:23.000000;1acab0cc-a137-4168-8629-a8710c535ea9;416.28;5.9736;UNKNOWN
2016-03-14T02:59:23.000000;2016-03-14T02:59:23.000000;db0631e8-f2e7-471d-b4d3-49fc2de650aa;417.27;4.6349405;UNKNOWN
2016-03-14T02:59:23.000000;2016-03-14T02:59:23.000000;5ad325f0-65e3-4791-b89f-8e2ad167bf98;417.42;13.1451;UNKNOWN
2016-03-14T02:59:23.000000;2016-03-14T02:59:23.000000;a69b1ce6-80e8-4e47-b01f-f61b2a893fd6;416.85;5.93;UNKNOWN
2016-03-14T02:59:23.000000;2016-03-14T02:59:23.000000;7fb8b025-c257-4174-9409-15aeadc4ac00;417.6;25.0;UNKNOWN
2016-03-14T02:59:23.000000;2016-03-14T02:59:23.000000;c6639a63-4e1b-495a-8caf-4bc1f0329272;416.99;6.17;UNKNOWN
2016-03-14T02:59:23.000000;2016-03-14T02:59:23.000000;310341cf-a182-411a-9a94-4ed0e261738c;416.86;12.9957;UNKNOWN
2016-03-14T02:59:23.000000;2016-03-14T02:59:23.000000;422fff2f-42ee-43e0-9d03-5a57d0df8153;417.5;0.24;UNKNOWN
2016-03-14T02:59:23.000000;2016-03-14T02:59:23.000000;72987da8-e359-4440-a303-c988e801b8c5;417.16;12.0258;UNKNOWN
2016-03-14T02:59:23.000000;2016-03-14T02:59:23.000000;de746039-8bf1-4c08-b2f5-5bb5a86d7153;417.58;12.3545;UNKNOWN
2016-03-14T02:59:23.000000;2016-03-14T02:59:23.000000;dccdeed0-cce3-43ee-833e-1a2989af368d;417.15;1.46;UNKNOWN
2016-03-14T02:59:23.000000;2016-03-14T02:59:23.000000;95a385a8-8e68-4e0d-9adb-6e2ac4ef4240;416.81;6.45;UNKNOWN
2016-03-14T02:59:23.000000;2016-03-14T02:59:23.000000;c34c1b3f-ba81-46aa-9af3-700aedcd51dd;416.61;13.1005;UNKNOWN
2016-03-14T02:59:23.000000;2016-03-14T02:59:23.000000;802f80f5-10de-4ea7-a2ea-35885df2dbbd;416.98;2.0;UNKNOWN
2016-03-14T02:59:23.000000;2016-03-14T02:59:23.000000;4ca8aa80-3583-4874-8845-b883a74049c6;417.0;13.5347;UNKNOWN
2016-03-14T02:59:23.000000;2016-03-14T02:59:23.000000;c8e236a7-365f-48a2-ae10-844f25e8cf9e;416.97;9.5978;UNKNOWN
2016-03-14T02:59:26.000000;2016-03-14T02:59:26.000000;ac07c4ae-4f92-4d62-aa92-1d7f1f86beda;416.29;0.01001202;UNKNOWN
2016-03-14T02:59:26.000000;2016-03-14T02:59:26.000000;113f42c3-5bcc-4b41-92d3-1005c0a8f477;416.08;0.2;UNKNOWN
2016-03-14T02:59:27.000000;2016-03-14T02:59:27.000000;a431c0bb-ed91-4cb9-9563-7b6d0e348feb;417.36;10.0;UNKNOWN
2016-03-14T02:59:28.000000;2016-03-14T02:59:28.000000;e04a7cee-c032-4dc1-beaf-761402b0157a;416.3;0.5;UNKNOWN
2016-03-14T02:59:28.000000;2016-03-14T02:59:28.000000;2bc80653-9598-4786-b98f-7bd6dac16753;416.3;0.191;UNKNOWN
2016-03-14T02:59:29.000000;2016-03-14T02:59:29.000000;f7fc14ed-8abc-4a10-a729-b6c5f3f81e0b;416.31;0.0843;UNKNOWN
2016-03-14T02:59:46.000000;2016-03-14T02:59:46.000000;93148f5b-5998-4a4a-9a88-7cec97292bb8;417.05;1.23423642;UNKNOWN
2016-03-14T02:59:46.000000;2016-03-14T02:59:46.000000;d999b4fe-0c97-4d67-8385-0d31073b923f;417.04;0.06576358;UNKNOWN
2016-03-14T02:59:51.000000;2016-03-14T02:59:51.000000;72031642-bac9-4538-a6fc-250c35a149ca;416.5;1.75554;UNKNOWN
2016-03-14T03:00:03.000000;2016-03-14T03:00:03.000000;dbb75166-b05a-4b0a-80df-6eff9f04b527;416.58;0.025;UNKNOWN
2016-03-14T03:00:06.000000;2016-03-14T03:00:06.000000;cefecfc6-9b6c-407a-afe0-5c7b18ef67fc;416.6;0.2;UNKNOWN
2016-03-14T03:00:06.000000;2016-03-14T03:00:06.000000;d42df01a-6e8a-4538-b100-471d9550d59c;416.65;0.94085;UNKNOWN
2016-03-14T03:00:06.000000;2016-03-14T03:00:06.000000;fb4d397d-aa52-4e1d-bfee-23b7ab631217;416.73;0.07004237;UNKNOWN
2016-03-14T03:00:07.000000;2016-03-14T03:00:07.000000;b0f1e485-5ba9-44e5-99cb-dbbb3b26d058;416.6;0.2;UNKNOWN
2016-03-14T03:00:30.000000;2016-03-14T03:00:30.000000;0118d737-86d0-4e6c-af5b-73ae40cdb977;416.6;1.24121863;UNKNOWN
2016-03-14T03:00:33.000000;2016-03-14T03:00:33.000000;c483ffdf-6dd9-4dab-aabd-9a3c5a5da375;416.58;1.5;UNKNOWN
2016-03-14T03:00:33.000000;2016-03-14T03:00:33.000000;b9827506-8f8f-4dc6-ae08-01710e10cd5a;416.59;1.0;UNKNOWN
2016-03-14T03:00:34.000000;2016-03-14T03:00:34.000000;842ac36e-63e3-44e9-932e-2961ac75a065;416.51;0.04420461;UNKNOWN
2016-03-14T03:00:39.000000;2016-03-14T03:00:39.000000;c3427382-5615-4a1c-a16d-bdbeb1195b76;416.47;4.6498539;UNKNOWN
2016-03-14T03:00:39.000000;2016-03-14T03:00:39.000000;d0644353-e6ec-413e-a057-6c4fd54fc1cf;416.59;0.0397761;UNKNOWN
2016-03-14T03:00:42.000000;2016-03-14T03:00:42.000000;4ef90624-e75e-4f21-aa3d-63ad0970e870;416.47;0.2;UNKNOWN
2016-03-14T03:00:43.000000;2016-03-14T03:00:43.000000;b782e5ec-6bdd-45ac-84db-ccf62ec2cbd0;416.59;1.43152203;UNKNOWN
2016-03-14T03:00:48.000000;2016-03-14T03:00:48.000000;6eae95f3-995a-4213-ba6d-5fa3d61b21c1;416.59;0.27704775;UNKNOWN
2016-03-14T03:00:52.000000;2016-03-14T03:00:52.000000;e70fbc9a-ebfa-47fe-8d7a-e30f9c7d40f3;416.59;0.13986421;UNKNOWN
2016-03-14T03:01:20.000000;2016-03-14T03:01:20.000000;d68034ae-bc15-48fa-857c-0dd3917f0a4f;416.6;1.0;UNKNOWN
2016-03-14T03:01:25.000000;2016-03-14T03:01:25.000000;cb6443a7-a8ed-4ce2-8ced-273d31e7198e;416.6;0.3;UNKNOWN
2016-03-14T03:01:25.000000;2016-03-14T03:01:25.000000;32f52888-595b-404d-969c-83e27f233eee;416.6;9.91;UNKNOWN
2016-03-14T03:01:25.000000;2016-03-14T03:01:25.000000;44e93788-7416-48e4-98f4-36c4be1073e0;416.6;7.9483;UNKNOWN
2016-03-14T03:01:25.000000;2016-03-14T03:01:25.000000;eb033fc3-9a3a-496f-b258-ece8be62a110;416.73;15.6603;UNKNOWN
2016-03-14T03:01:25.000000;2016-03-14T03:01:25.000000;0e100e68-e8bd-4a1c-a4ef-1d65916addd9;416.78;0.04416041;UNKNOWN
2016-03-14T03:01:25.000000;2016-03-14T03:01:25.000000;546da75e-2bf1-41c5-aaa4-d78bd58c7b64;416.99;15.8568;UNKNOWN
2016-03-14T03:01:25.000000;2016-03-14T03:01:25.000000;ce6dff61-2f8f-43c2-958d-cb81a75fb70b;416.88;13.889;UNKNOWN
2016-03-14T03:01:25.000000;2016-03-14T03:01:25.000000;6288edfd-2bdf-422b-b49c-64ce8eb1264a;417.38;1.376;UNKNOWN
2016-03-14T03:01:25.000000;2016-03-14T03:01:25.000000;dc4c9892-ea07-4e0c-b3fd-a01e83fa6146;417.39;9.22483959;UNKNOWN
2016-03-14T03:01:25.000000;2016-03-14T03:01:25.000000;c77dce23-787f-4976-85cc-5c97017faf22;417.23;12.9194;UNKNOWN
2016-03-14T03:01:25.000000;2016-03-14T03:01:25.000000;ea08587b-a3a2-45aa-9595-3168648a484c;417.0;7.0;UNKNOWN
2016-03-14T03:01:25.000000;2016-03-14T03:01:25.000000;d72a94ce-4261-4139-aeaa-d25aeae404f7;417.03;6.42;UNKNOWN
2016-03-14T03:01:25.000000;2016-03-14T03:01:25.000000;d525db50-72dc-4913-98f2-4a0214ad1c84;417.38;5.37;UNKNOWN
2016-03-14T03:01:25.000000;2016-03-14T03:01:25.000000;c3599e7e-234d-48a5-9676-a327b326e163;417.04;14.0812;UNKNOWN
2016-03-14T03:01:27.000000;2016-03-14T03:01:27.000000;c06c218c-df10-4d1b-b4f4-7b8a4459e532;416.59;0.56374093;UNKNOWN
2016-03-14T03:02:00.000000;2016-03-14T03:02:00.000000;5c616751-92f7-439a-a999-0e46982b6da3;416.64;0.62383248;UNKNOWN
2016-03-14T03:02:01.000000;2016-03-14T03:02:01.000000;246f9b30-a0fe-48fa-b0d5-37d714dba2ed;416.64;0.09841888;UNKNOWN
2016-03-14T03:02:06.000000;2016-03-14T03:02:06.000000;2ec38ee9-2b33-402b-85a3-975fbbfe93d1;416.64;0.01064322;UNKNOWN
2016-03-14T03:02:09.000000;2016-03-14T03:02:09.000000;efe8fcf2-99cd-4d2a-905f-8d3ad53d1cf1;416.64;0.01363864;UNKNOWN
2016-03-14T03:02:11.000000;2016-03-14T03:02:11.000000;c30f326f-66d4-4c0b-a78f-fdfb122f808c;416.64;0.07994929;UNKNOWN
2016-03-14T03:02:14.000000;2016-03-14T03:02:14.000000;fdc69101-cfbc-4861-bda5-6ee29ec0c5bb;416.64;0.01022907;UNKNOWN
2016-03-14T03:02:18.000000;2016-03-14T03:02:18.000000;a3ea9806-ef0b-47ad-8885-82bde2b0ac7a;416.64;0.13816044;UNKNOWN
2016-03-14T03:02:21.000000;2016-03-14T03:02:21.000000;891fd6ec-9253-429f-9c99-513a8c8839ec;416.64;0.01;UNKNOWN
2016-03-14T03:02:24.000000;2016-03-14T03:02:24.000000;b1068506-6c46-425a-bbc0-89a4f4cfdcb7;416.64;0.01;UNKNOWN
2016-03-14T03:02:24.000000;2016-03-14T03:02:24.000000;d5b827bc-6626-4b3e-8edc-5d18cabc3e1f;416.64;0.68433736;UNKNOWN
2016-03-14T03:02:26.000000;2016-03-14T03:02:26.000000;7fc787e0-5d2f-481a-ac05-85d124c082b3;416.64;0.2;UNKNOWN
2016-03-14T03:02:30.000000;2016-03-14T03:02:30.000000;3f45466f-f626-45d1-a53e-a9c4ce73a93e;416.63;0.1784079;UNKNOWN
2016-03-14T03:02:30.000000;2016-03-14T03:02:30.000000;346c5b51-9da3-4a77-a405-5b8967661ae6;416.63;0.01000024;UNKNOWN
2016-03-14T03:02:41.000000;2016-03-14T03:02:41.000000;b5390fb3-0160-4e25-9c58-c0898a85046e;416.63;0.08807836;UNKNOWN
2016-03-14T03:02:47.000000;2016-03-14T03:02:47.000000;da7b2755-fa25-4f70-99f5-017f05b87211;416.63;0.15892002;UNKNOWN
2016-03-14T03:02:52.000000;2016-03-14T03:02:52.000000;3776d529-7ac8-4c65-913c-588ad761aeb7;416.63;0.56459348;UNKNOWN
2016-03-14T03:02:52.000000;2016-03-14T03:02:52.000000;79acf225-384b-4033-aa0f-d1b87922f5d3;416.61;0.10053185;UNKNOWN
2016-03-14T03:02:56.000000;2016-03-14T03:02:56.000000;f7fda87e-4060-41b2-ae2c-3618ea7d48eb;416.61;0.03732826;UNKNOWN
2016-03-14T03:02:57.000000;2016-03-14T03:02:57.000000;f484b28f-2e60-4177-b3f5-d2d3c7d0e0f4;416.6;0.48024045;UNKNOWN
2016-03-14T03:02:57.000000;2016-03-14T03:02:57.000000;d3d8d8ff-2d0b-44ed-8af5-98192a95559c;416.61;0.61975955;UNKNOWN
2016-03-14T03:02:59.000000;2016-03-14T03:02:59.000000;7e717015-01a7-4e95-9a58-8822fb76aedd;416.6;0.01000072;UNKNOWN
2016-03-14T03:03:01.000000;2016-03-14T03:03:01.000000;a046e501-166a-4d4e-b7fe-a8a78daef89a;416.59;0.18776704;UNKNOWN
2016-03-14T03:03:06.000000;2016-03-14T03:03:06.000000;e4cd15f9-92c4-4c93-a14b-24c2e53e5016;416.61;0.65069825;UNKNOWN
2016-03-14T03:03:59.000000;2016-03-14T03:03:59.000000;9baf4adb-5fb0-41e9-b17f-8deca12fe4fe;416.59;0.097721;UNKNOWN
2016-03-14T03:04:27.000000;2016-03-14T03:04:27.000000;5267a1d9-6821-458f-b248-5f6458155434;416.6;4.7;UNKNOWN
2016-03-14T03:04:27.000000;2016-03-14T03:04:27.000000;0db30951-3579-4f86-aed7-3314ef1286aa;416.6;0.3;UNKNOWN
2016-03-14T03:04:36.000000;2016-03-14T03:04:36.000000;3158182c-5c27-4e82-a6e3-28e9484e3207;416.59;0.90086;UNKNOWN
2016-03-14T03:05:07.000000;2016-03-14T03:05:07.000000;fb294c52-f619-4cee-b452-7d9bc6302a13;416.6;0.1658125;UNKNOWN
2016-03-14T03:05:41.000000;2016-03-14T03:05:41.000000;af028148-8c0b-4cf8-9f36-2e22928f4194;416.59;1.0;UNKNOWN
2016-03-14T03:06:07.000000;2016-03-14T03:06:07.000000;8fb80b93-e749-4be8-810b-cc2baeb7f145;416.6;1.6658125;UNKNOWN
2016-03-14T03:06:07.000000;2016-03-14T03:06:07.000000;f25e6f99-58aa-4c65-ac54-500b9fe00420;416.6;0.1341875;UNKNOWN
2016-03-14T03:06:08.000000;2016-03-14T03:06:08.000000;c3b1c742-79ab-44b2-a358-c15a163815ba;416.59;0.20147704;UNKNOWN
2016-03-14T03:06:08.000000;2016-03-14T03:06:08.000000;6faec4b3-ce8f-4482-84c0-8bbbe641c9a5;416.59;0.79852296;UNKNOWN
2016-03-14T03:06:18.000000;2016-03-14T03:06:18.000000;a9b57208-8cff-45c3-9faa-79117ad76b30;416.59;0.25;UNKNOWN
2016-03-14T03:06:27.000000;2016-03-14T03:06:27.000000;4826bb47-ba98-4c8f-89a1-bddffc2b3921;416.59;3.16130884;UNKNOWN
2016-03-14T03:06:35.000000;2016-03-14T03:06:35.000000;d0eff3eb-f4cb-4ded-ae6d-3e5ca08ed342;416.3;0.3;UNKNOWN
2016-03-14T03:06:36.000000;2016-03-14T03:06:36.000000;6edd2ff7-9061-43df-a4f4-0a70a912055d;416.3;0.40509741;UNKNOWN
2016-03-14T03:06:48.000000;2016-03-14T03:06:48.000000;83f40f24-e002-41eb-8c5f-9da75ec4aa6e;416.3;0.463;UNKNOWN
2016-03-14T03:07:11.000000;2016-03-14T03:07:11.000000;a04b2ea9-4a46-4395-a534-e3ff86f9c14b;416.43;0.00909741;UNKNOWN
2016-03-14T03:07:44.000000;2016-03-14T03:07:44.000000;a42542cc-f97c-486e-9f2c-88c4ec9d8e14;416.63;2.0;UNKNOWN
2016-03-14T03:08:08.000000;2016-03-14T03:08:08.000000;052b8865-3fd7-4200-918a-497545061a48;416.31;0.3;UNKNOWN
2016-03-14T03:08:08.000000;2016-03-14T03:08:08.000000;6e80188a-9176-4423-be90-48051676ccc7;416.31;0.25;UNKNOWN
2016-03-14T03:08:45.000000;2016-03-14T03:08:45.000000;b76d0c91-50d7-4066-af19-14de07011920;416.41;1.3;UNKNOWN
2016-03-14T03:09:25.000000;2016-03-14T03:09:25.000000;4e1c91f0-bb9f-443b-b737-3efa02d6414c;416.4;0.1;UNKNOWN
2016-03-14T03:10:23.000000;2016-03-14T03:10:23.000000;6d6c1ed6-9b96-4222-bb34-81ad766b36b7;416.4;2.35;UNKNOWN
2016-03-14T03:10:54.000000;2016-03-14T03:10:54.000000;c620931b-78b2-4f1b-bef9-8f0491d24858;416.29;1.42753798;UNKNOWN
2016-03-14T03:10:56.000000;2016-03-14T03:10:56.000000;3d6954c2-f4b4-45e7-a29c-25adb48b7591;416.11;39.61072339;UNKNOWN
2016-03-14T03:11:09.000000;2016-03-14T03:11:09.000000;4b00fcf8-4c23-4555-8216-74757ac40750;416.12;0.1;UNKNOWN
2016-03-14T03:11:45.000000;2016-03-14T03:11:45.000000;e4ed9944-e932-41c6-9e83-847e175ee869;416.1;3.0;UNKNOWN
2016-03-14T03:11:48.000000;2016-03-14T03:11:48.000000;9d6af4a6-aa6f-4a32-b283-0a1c38b64777;416.0;1.0;UNKNOWN
2016-03-14T03:11:50.000000;2016-03-14T03:11:50.000000;65608e8e-b15c-4b1e-86b8-d04f5a862647;416.0;2.0;UNKNOWN
2016-03-14T03:11:52.000000;2016-03-14T03:11:52.000000;39682c23-89c7-489b-b406-142d57d36cd1;416.0;0.1;UNKNOWN
2016-03-14T03:11:55.000000;2016-03-14T03:11:55.000000;b01cea6c-3c30-4c1a-8bd4-1efa6d8603ec;415.66;0.04419578;UNKNOWN
2016-03-14T03:12:13.000000;2016-03-14T03:12:13.000000;ae8f58f5-6b1e-4ceb-963c-59b7c61ba5dc;415.5;2.0;UNKNOWN
2016-03-14T03:12:17.000000;2016-03-14T03:12:17.000000;0d2fd000-6815-4222-9354-e9af6b953789;415.5;0.262;UNKNOWN
2016-03-14T03:12:18.000000;2016-03-14T03:12:18.000000;d93b42c2-5599-4421-989d-4402020a13cd;415.5;23.5769;UNKNOWN
2016-03-14T03:12:29.000000;2016-03-14T03:12:29.000000;29f19b30-6d39-4923-ba62-63ae57ad506f;415.5;3.1611;UNKNOWN
2016-03-14T03:13:39.000000;2016-03-14T03:13:39.000000;ac69782e-d917-4a7b-bc58-129c25ba9391;415.35;0.49062919;UNKNOWN
2016-03-14T03:13:44.000000;2016-03-14T03:13:44.000000;61b4dd3a-a698-4b65-850b-8bd776785b87;415.35;0.0104912;UNKNOWN
2016-03-14T03:13:50.000000;2016-03-14T03:13:50.000000;4ab489db-3fcb-4470-8d76-4f61ed8efbe7;415.35;0.49345272;UNKNOWN
2016-03-14T03:14:05.000000;2016-03-14T03:14:05.000000;8fdc999f-101f-432e-8a4d-731eb3400ccf;415.35;0.12239771;UNKNOWN
2016-03-14T03:14:21.000000;2016-03-14T03:14:21.000000;10576d67-0984-43fe-af6e-11028ac84eb0;415.35;0.49015317;UNKNOWN
2016-03-14T03:14:28.000000;2016-03-14T03:14:28.000000;6a55abdb-4f57-4134-a2ea-ad733f3a4e12;415.35;0.01;UNKNOWN
2016-03-14T03:14:34.000000;2016-03-14T03:14:34.000000;d32cd5ab-ec8c-4e71-94f3-2aa5f3d34ad9;415.35;0.49729657;UNKNOWN
2016-03-14T03:15:07.000000;2016-03-14T03:15:07.000000;5a536ad5-37ee-49cc-a3e4-f916d4195dce;415.35;5.00437641;UNKNOWN
2016-03-14T03:15:28.000000;2016-03-14T03:15:28.000000;8c45799e-3449-4f3d-8b72-788ef32ff0c9;415.34;1.0;UNKNOWN
2016-03-14T03:16:00.000000;2016-03-14T03:16:00.000000;c3454e56-ef5e-4896-84bc-ee44ba78bbec;415.35;0.49880295;UNKNOWN
2016-03-14T03:16:04.000000;2016-03-14T03:16:04.000000;7b03aada-05c1-40b1-867d-2e522bfe103e;415.34;0.1;UNKNOWN
2016-03-14T03:16:05.000000;2016-03-14T03:16:05.000000;c33c8c06-a77a-4efe-a431-26374798ab44;415.34;0.1;UNKNOWN
2016-03-14T03:16:08.000000;2016-03-14T03:16:08.000000;c37a72c7-aec1-4118-adff-e9d9e3653bb6;415.35;0.49735679;UNKNOWN
2016-03-14T03:16:22.000000;2016-03-14T03:16:22.000000;d4120d4e-0333-46aa-9472-56bce7c4feb9;415.35;0.1;UNKNOWN
2016-03-14T03:17:09.000000;2016-03-14T03:17:09.000000;635539c5-44db-4537-bfeb-57015fb3d6c0;415.35;0.49532065;UNKNOWN
2016-03-14T03:17:16.000000;2016-03-14T03:17:16.000000;e60fd126-d37f-48aa-ad7e-0abfd95b8399;415.35;0.49925908;UNKNOWN
2016-03-14T03:17:24.000000;2016-03-14T03:17:24.000000;34c92be4-c39e-45a0-867e-7cc42c79c3f0;415.35;0.49890181;UNKNOWN
2016-03-14T03:17:31.000000;2016-03-14T03:17:31.000000;7f2af4db-c111-4b47-98d9-945288d8d5cf;415.35;0.01019602;UNKNOWN
2016-03-14T03:17:37.000000;2016-03-14T03:17:37.000000;d2f95dbe-067e-433c-91b6-64e6b60e3dcf;415.35;0.49534869;UNKNOWN
2016-03-14T03:17:44.000000;2016-03-14T03:17:44.000000;7cd470df-5195-4f4e-ad04-2e8912f50457;415.35;0.49177867;UNKNOWN
2016-03-14T03:17:50.000000;2016-03-14T03:17:50.000000;c2249f30-72a5-4287-b8b0-0ea8269dc8b7;415.35;0.01;UNKNOWN
2016-03-14T03:17:56.000000;2016-03-14T03:17:56.000000;0f0de99b-feaf-447c-ba49-159b8f3fac99;415.35;0.49684917;UNKNOWN
2016-03-14T03:18:04.000000;2016-03-14T03:18:04.000000;c2dfd7e0-d09e-4378-87db-e98abaf44c45;415.35;0.49403871;UNKNOWN
2016-03-14T03:18:10.000000;2016-03-14T03:18:10.000000;38d22e75-8a9a-4739-ae0a-5e7a2d83d4ba;415.35;0.01;UNKNOWN
2016-03-14T03:18:16.000000;2016-03-14T03:18:16.000000;cb80a554-699f-42ef-9a2d-9e1b1675376b;415.35;0.4957212;UNKNOWN
2016-03-14T03:18:38.000000;2016-03-14T03:18:38.000000;1404978b-ada5-4a91-af21-189ad96e8a3f;415.34;3.097984;UNKNOWN
2016-03-14T03:18:41.000000;2016-03-14T03:18:41.000000;efdca2f2-efed-4fc5-9831-7e7ee39aeb71;415.34;0.37028636;UNKNOWN
2016-03-14T03:18:41.000000;2016-03-14T03:18:41.000000;5fad1ea5-5b4e-4248-b4fa-7d9b62415f71;415.34;0.34405664;UNKNOWN
2016-03-14T03:20:06.000000;2016-03-14T03:20:06.000000;619e5dc5-b798-44be-8c60-066ae996d03a;415.35;0.99876066;UNKNOWN
2016-03-14T03:20:18.000000;2016-03-14T03:20:18.000000;69c3897c-4cfc-4702-a722-c830780bcc6e;415.34;4.6380038;UNKNOWN
2016-03-14T03:20:21.000000;2016-03-14T03:20:21.000000;6ce72fc0-e636-4795-9797-f2da20e3700c;415.34;0.49959623;UNKNOWN
2016-03-14T03:20:24.000000;2016-03-14T03:20:24.000000;e4625e96-540e-448f-925f-9405dbc3a911;415.34;2.43025791;UNKNOWN
2016-03-14T03:20:24.000000;2016-03-14T03:20:24.000000;0ad402cd-25fe-40bd-b772-c3a2b2da1a94;415.34;2.2088755;UNKNOWN
2016-03-14T03:20:30.000000;2016-03-14T03:20:30.000000;1168c1be-d23d-4c13-8993-aac89c2b7cdc;415.34;0.0132364;UNKNOWN
2016-03-14T03:20:36.000000;2016-03-14T03:20:36.000000;08d6bf23-3ba1-4762-9cdd-4ffdae10271b;415.34;0.49682543;UNKNOWN
2016-03-14T03:20:49.000000;2016-03-14T03:20:49.000000;680ad08b-c3eb-41c1-8cf4-3f67fdc65afa;415.32;0.01220384;UNKNOWN
2016-03-14T03:20:55.000000;2016-03-14T03:20:55.000000;fe11757f-99f4-4d97-a9df-69e664260b29;415.31;0.49668429;UNKNOWN
2016-03-14T03:20:59.000000;2016-03-14T03:20:59.000000;9c35332c-f7f2-42f8-b863-a9955a1d96b9;415.31;0.49405251;UNKNOWN
2016-03-14T03:21:31.000000;2016-03-14T03:21:31.000000;6e26c395-a2c9-4ed1-aae0-e7117431cb58;415.31;0.49368955;UNKNOWN
2016-03-14T03:21:31.000000;2016-03-14T03:21:31.000000;e26f4b2f-59aa-41b9-a64e-607c6d0959d9;415.31;5.0;UNKNOWN
2016-03-14T03:21:36.000000;2016-03-14T03:21:36.000000;04d4c0de-08cd-4ec0-8136-a9856687ceb0;415.43;3.30459337;UNKNOWN
2016-03-14T03:21:36.000000;2016-03-14T03:21:36.000000;63aa4bc2-e901-4d0a-a8bc-84618800ea5d;415.35;1.34216863;UNKNOWN
2016-03-14T03:21:36.000000;2016-03-14T03:21:36.000000;dee0be9d-000a-43a1-a0c6-55c67bd890ec;415.37;0.353238;UNKNOWN
2016-03-14T03:21:55.000000;2016-03-14T03:21:55.000000;c75acae1-83c8-4216-ae56-976b6a9d3968;415.31;1.463164;UNKNOWN
2016-03-14T03:22:06.000000;2016-03-14T03:22:06.000000;9d416277-fcd0-4421-a95d-687082d042b7;415.35;0.49683527;UNKNOWN
2016-03-14T03:22:15.000000;2016-03-14T03:22:15.000000;f2973bbd-3ee8-4970-873d-069d2abb4f43;415.31;0.01480354;UNKNOWN
2016-03-14T03:22:22.000000;2016-03-14T03:22:22.000000;babb434f-bcb5-447c-9119-469143da07de;415.31;0.01;UNKNOWN
2016-03-14T03:22:28.000000;2016-03-14T03:22:28.000000;ddf97679-54ab-441d-8414-8df82e18cf41;415.35;0.37212448;UNKNOWN
2016-03-14T03:22:28.000000;2016-03-14T03:22:28.000000;0b1ae1f1-8a9b-4a11-9131-ca62019b53da;415.31;0.12519646;UNKNOWN
2016-03-14T03:22:32.000000;2016-03-14T03:22:32.000000;848d706d-6376-4302-a9c9-4c0b37af8b96;415.3;1.4;UNKNOWN
2016-03-14T03:23:07.000000;2016-03-14T03:23:07.000000;28529631-61ca-401c-98c8-c2fd3673d187;415.34;0.12051541;UNKNOWN
2016-03-14T03:23:39.000000;2016-03-14T03:23:39.000000;a89473bd-f1ce-4692-a478-a3e18bea3455;415.34;0.23069;UNKNOWN
2016-03-14T03:24:10.000000;2016-03-14T03:24:10.000000;0aceb31e-55be-47ad-844a-e96b1952bc07;415.3;0.6;UNKNOWN
2016-03-14T03:24:10.000000;2016-03-14T03:24:10.000000;787a7e8f-7f16-403f-89c8-7392c7b6b090;415.34;4.63451088;UNKNOWN
2016-03-14T03:24:10.000000;2016-03-14T03:24:10.000000;e5b5e3bb-9321-47a7-a83d-a0b2f7c40d6d;415.34;4.63418873;UNKNOWN
2016-03-14T03:24:10.000000;2016-03-14T03:24:10.000000;5ac4dc4a-476a-4524-9e24-6e0d194a5ddb;415.34;4.63418873;UNKNOWN
2016-03-14T03:24:10.000000;2016-03-14T03:24:10.000000;5de1313c-97e3-44db-8053-4128bf73dd32;415.34;4.63451088;UNKNOWN
2016-03-14T03:24:10.000000;2016-03-14T03:24:10.000000;874e285f-4187-4374-9e05-ab4457205d9e;415.34;0.94879459;UNKNOWN
2016-03-14T03:24:17.000000;2016-03-14T03:24:17.000000;8e578daa-c3de-4322-9eb0-1b5eb3c1bed6;415.34;4.63445719;UNKNOWN
2016-03-14T03:24:19.000000;2016-03-14T03:24:19.000000;44dd6744-7da1-4da0-944e-bd9e3231d5b5;415.22;4.63445719;UNKNOWN
2016-03-14T03:24:22.000000;2016-03-14T03:24:22.000000;23350811-232e-4d64-a1bf-fb0d1c6c8c77;415.1;2.0;UNKNOWN
2016-03-14T03:24:29.000000;2016-03-14T03:24:29.000000;a95054ac-b059-47aa-a9f4-3028dcca6977;415.09;5.0;UNKNOWN
2016-03-14T03:24:30.000000;2016-03-14T03:24:30.000000;b31994ef-99d0-42f0-b7a0-008e4f45b578;415.09;4.63499421;UNKNOWN
2016-03-14T03:25:06.000000;2016-03-14T03:25:06.000000;69331112-fd2d-46d5-96a3-a1bd039ebada;415.08;0.06108955;UNKNOWN
2016-03-14T03:25:08.000000;2016-03-14T03:25:08.000000;97478f0a-9cc7-4923-9c35-6b1ba064814b;415.09;3.13690579;UNKNOWN
2016-03-14T03:25:08.000000;2016-03-14T03:25:08.000000;26aeb29a-e254-45fd-81af-c9155f4ff852;415.14;0.552688;UNKNOWN
2016-03-14T03:25:08.000000;2016-03-14T03:25:08.000000;d243ec53-6784-48eb-9007-11021739435b;415.15;0.31710621;UNKNOWN
2016-03-14T03:25:08.000000;2016-03-14T03:25:08.000000;f8c7ee16-6650-428f-bc5f-b530de731a8d;415.15;5.9933;UNKNOWN
2016-03-14T03:25:13.000000;2016-03-14T03:25:13.000000;77411e74-f298-4bd0-ba10-74917bf9d3ff;415.14;0.13891;UNKNOWN
2016-03-14T03:25:13.000000;2016-03-14T03:25:13.000000;5a4eb3c9-ff45-4bdc-8993-7e91b0ea69f1;415.11;0.49537;UNKNOWN
2016-03-14T03:25:56.000000;2016-03-14T03:25:56.000000;9bf814f1-f513-4ca6-bb8a-c5db1d3b1cf3;415.05;1.220959;UNKNOWN
2016-03-14T03:26:03.000000;2016-03-14T03:26:03.000000;3600bf3b-7434-4cf0-afb7-9f14baaa0618;415.09;0.4922689;UNKNOWN
2016-03-14T03:26:10.000000;2016-03-14T03:26:10.000000;e85266bd-1306-42ac-a6e8-f52e3786ad30;415.09;0.01;UNKNOWN
2016-03-14T03:26:16.000000;2016-03-14T03:26:16.000000;9b5790d6-f7fc-4339-8d20-944f20ed59ea;415.09;0.49572913;UNKNOWN
2016-03-14T03:26:23.000000;2016-03-14T03:26:23.000000;9db7defd-df81-4a5d-9903-0a7bf6f592d6;415.09;0.49385258;UNKNOWN
2016-03-14T03:26:29.000000;2016-03-14T03:26:29.000000;799055ee-51a4-4b4d-95db-6c101677fe5e;415.07;0.05;UNKNOWN
2016-03-14T03:26:29.000000;2016-03-14T03:26:29.000000;1a691abd-130a-4d74-8cc7-bc8e95772edf;415.09;0.35950484;UNKNOWN
2016-03-14T03:26:38.000000;2016-03-14T03:26:38.000000;59285ceb-e0f8-4c31-b859-1aa24bc88f73;415.0;19.0;UNKNOWN
2016-03-14T03:26:38.000000;2016-03-14T03:26:38.000000;dc46a0e1-cb32-4af9-9e51-28206b517205;415.04;8.73;UNKNOWN
2016-03-14T03:26:38.000000;2016-03-14T03:26:38.000000;0b21c66d-5fe5-4d27-8b6d-0dfdd419dc54;415.02;0.25;UNKNOWN
2016-03-14T03:26:38.000000;2016-03-14T03:26:38.000000;8d33d739-8662-42d5-8f31-41ca98477da7;415.0;4.08;UNKNOWN
2016-03-14T03:26:38.000000;2016-03-14T03:26:38.000000;667832a6-f5a2-42b0-b754-712f66287afd;415.05;17.94;UNKNOWN
2016-03-14T03:26:59.000000;2016-03-14T03:26:59.000000;278ee23c-a3c6-4691-a605-001c9465a584;415.09;0.49044658;UNKNOWN
2016-03-14T03:27:06.000000;2016-03-14T03:27:06.000000;2824ba9b-4505-4892-8ac8-84dc0cf44b84;415.09;0.4435096;UNKNOWN
2016-03-14T03:27:12.000000;2016-03-14T03:27:12.000000;e756afd9-fc5f-4134-8826-44cea0114058;415.09;0.01089538;UNKNOWN
2016-03-14T03:27:17.000000;2016-03-14T03:27:17.000000;7c667192-8d86-42cb-a65a-f7d3e9c7f310;415.09;0.01;UNKNOWN
2016-03-14T03:27:24.000000;2016-03-14T03:27:24.000000;5c43a64d-025c-44bd-a1ac-f12fccab92fe;415.09;0.49730712;UNKNOWN
2016-03-14T03:27:30.000000;2016-03-14T03:27:30.000000;bab7d4bf-259b-47fa-8eef-19cce762f09f;415.09;0.01;UNKNOWN
2016-03-14T03:27:36.000000;2016-03-14T03:27:36.000000;11e377f6-39b5-4fb7-a09b-f8800c13c847;415.09;0.49857315;UNKNOWN
2016-03-14T03:27:41.000000;2016-03-14T03:27:41.000000;ff190bce-77b7-43c6-bffd-0e3177493bf1;415.09;0.01389372;UNKNOWN
2016-03-14T03:27:47.000000;2016-03-14T03:27:47.000000;34c6a435-ad3e-4ac5-a0dc-7fd0973f4cca;415.09;0.49170324;UNKNOWN
2016-03-14T03:27:54.000000;2016-03-14T03:27:54.000000;0b492af3-66c4-42ee-8756-a6383f4290a6;415.09;0.01;UNKNOWN
2016-03-14T03:28:01.000000;2016-03-14T03:28:01.000000;6ddf290b-f9b0-4b59-82e6-d1db9737c72a;415.09;0.44103367;UNKNOWN
2016-03-14T03:28:07.000000;2016-03-14T03:28:07.000000;8de7246a-6eed-4dca-b875-dfc6827c2182;415.09;0.49026536;UNKNOWN
2016-03-14T03:28:14.000000;2016-03-14T03:28:14.000000;db9ac4ec-1972-4e36-9fee-8b2dff97431d;415.09;0.01;UNKNOWN
2016-03-14T03:28:26.000000;2016-03-14T03:28:26.000000;ab4ce609-2da9-4829-8cb9-6e9c8d9ffe66;415.02;3.0;UNKNOWN
2016-03-14T03:28:26.000000;2016-03-14T03:28:26.000000;35a8c631-4a63-47f1-8ed8-b64f68b98271;415.03;0.5;UNKNOWN
2016-03-14T03:28:26.000000;2016-03-14T03:28:26.000000;8f9226bf-b129-4ce7-93ca-9eab63162aad;415.01;8.0;UNKNOWN
2016-03-14T03:28:26.000000;2016-03-14T03:28:26.000000;25c42832-d0d6-4bbb-a1a0-29217af55158;415.0;13.5;UNKNOWN
2016-03-14T03:28:52.000000;2016-03-14T03:28:52.000000;3b3e330c-fc8e-431e-bae1-e10e77dbee5e;414.91;2.0;UNKNOWN
2016-03-14T03:29:16.000000;2016-03-14T03:29:16.000000;d477bdaa-dc1b-45d4-a7ab-60a432521693;414.94;0.37045222;UNKNOWN
2016-03-14T03:29:23.000000;2016-03-14T03:29:23.000000;8411589a-6571-45de-a50b-a3ff679b4e3e;414.94;0.01;UNKNOWN
2016-03-14T03:29:30.000000;2016-03-14T03:29:30.000000;6c25fd72-59c4-4267-bc2e-8c177fc89c35;414.94;0.011623;UNKNOWN
2016-03-14T03:29:36.000000;2016-03-14T03:29:36.000000;98f2bde2-aadb-48ec-88ff-597f95563254;414.94;0.49941675;UNKNOWN
2016-03-14T03:29:42.000000;2016-03-14T03:29:42.000000;538c0e31-bc31-4a8a-9337-16f2d162d1ec;414.94;0.44431559;UNKNOWN
2016-03-14T03:29:48.000000;2016-03-14T03:29:48.000000;9db28508-759e-4b6b-af55-6c6816812fac;414.94;0.01128451;UNKNOWN
2016-03-14T03:30:24.000000;2016-03-14T03:30:24.000000;a5a65705-df42-47df-b8ec-84586c4de849;415.02;0.18925392;UNKNOWN
2016-03-14T03:31:13.000000;2016-03-14T03:31:13.000000;aedec6f2-6327-46a7-8f1a-16c91762b8e1;415.09;6.71821673;UNKNOWN
2016-03-14T03:31:13.000000;2016-03-14T03:31:13.000000;08946503-b572-4312-ac1c-8c2c95722fee;415.02;23.8372;UNKNOWN
2016-03-14T03:31:13.000000;2016-03-14T03:31:13.000000;3d5ae13a-eb5a-4f0a-9149-0606b0dc12c4;415.02;5.80494608;UNKNOWN
2016-03-14T03:34:36.000000;2016-03-14T03:34:36.000000;a9ffce84-1d59-4df6-989d-70f16c80d836;415.12;0.5;UNKNOWN
2016-03-14T03:34:36.000000;2016-03-14T03:34:36.000000;673e9197-1ede-4350-aef7-a134855d078a;415.11;1.5;UNKNOWN
2016-03-14T03:34:51.000000;2016-03-14T03:34:51.000000;c95723d8-d1ca-4bac-9ae0-c429010f93b2;415.2;1.0;UNKNOWN
2016-03-14T03:34:51.000000;2016-03-14T03:34:51.000000;58c96c3c-dd6c-4b2a-8820-1fe2b79574f1;415.2;9.0;UNKNOWN
2016-03-14T03:35:15.000000;2016-03-14T03:35:15.000000;8d401e55-cf4f-41c9-ab9d-77fe656c3287;415.1;3.0;UNKNOWN
2016-03-14T03:35:36.000000;2016-03-14T03:35:36.000000;a276c3c2-4a32-49f1-969d-99c74adaab86;415.1;2.0;UNKNOWN
2016-03-14T03:36:05.000000;2016-03-14T03:36:05.000000;99e12f0c-d624-4957-8f9c-ac14bf62d28c;415.2;3.0;UNKNOWN
2016-03-14T03:36:11.000000;2016-03-14T03:36:11.000000;4ba1f31b-c661-4c50-87ed-edb17ac3f4e9;415.11;0.43073544;UNKNOWN
2016-03-14T03:36:33.000000;2016-03-14T03:36:33.000000;bd054fc1-88e0-4ea4-97c3-d5ea0cd9042a;415.21;0.47547428;UNKNOWN
2016-03-14T03:38:19.000000;2016-03-14T03:38:19.000000;6c87dceb-e7ef-401a-9648-baf634bcf079;415.11;0.83106474;UNKNOWN
2016-03-14T03:39:05.000000;2016-03-14T03:39:05.000000;e712fdac-aa0b-4b08-9294-137cb94bc04a;415.2;0.056552;UNKNOWN
2016-03-14T03:39:14.000000;2016-03-14T03:39:14.000000;34fa5ddb-a242-4036-801f-f78e53634c49;415.2;0.067743;UNKNOWN
2016-03-14T03:39:46.000000;2016-03-14T03:39:46.000000;d9e1d793-59ab-4caa-8eb9-ee4fd10944fd;415.2;1.3;UNKNOWN
2016-03-14T03:40:10.000000;2016-03-14T03:40:10.000000;900a8a34-597d-4d10-b2da-e0a8074cffc3;415.2;0.575705;UNKNOWN
2016-03-14T03:40:10.000000;2016-03-14T03:40:10.000000;39fb240d-cac3-4729-8e58-e635242d93c7;415.2;1.0;UNKNOWN
2016-03-14T03:40:10.000000;2016-03-14T03:40:10.000000;3a61c61d-f708-49e7-952b-25cdaa8364f8;415.2;2.0;UNKNOWN
2016-03-14T03:41:44.000000;2016-03-14T03:41:44.000000;2622aa7e-c61d-4df0-8ab3-1776f4abe1a5;415.18;5.0;UNKNOWN
2016-03-14T03:42:30.000000;2016-03-14T03:42:30.000000;bda05384-9082-447f-a394-91a8c892422f;415.13;0.028983;UNKNOWN
2016-03-14T03:43:38.000000;2016-03-14T03:43:38.000000;00048607-63d5-4d65-a00e-bd2eedacbf41;415.13;0.47502513;UNKNOWN
2016-03-14T03:44:08.000000;2016-03-14T03:44:08.000000;7877dab8-42a6-463c-8454-f678cb1eff8c;415.13;0.014606;UNKNOWN
2016-03-14T03:45:05.000000;2016-03-14T03:45:05.000000;2f04f358-8704-421a-8830-d28ed8ec0827;415.18;10.0;UNKNOWN
2016-03-14T03:45:07.000000;2016-03-14T03:45:07.000000;105b4513-968f-4968-b3c5-7262b7b35b3d;415.18;0.0252473;UNKNOWN
2016-03-14T03:45:49.000000;2016-03-14T03:45:49.000000;2412e6c0-95d2-44dc-93d6-609f48622dc6;415.14;0.025283;UNKNOWN
2016-03-14T03:46:15.000000;2016-03-14T03:46:15.000000;c6e43eca-6c90-48de-9f52-6f649361e68e;415.19;0.4585;UNKNOWN
2016-03-14T03:46:36.000000;2016-03-14T03:46:36.000000;0245175a-a8b4-4449-a6af-d7961d83b733;415.13;0.017791;UNKNOWN
2016-03-14T03:48:54.000000;2016-03-14T03:48:54.000000;1034eeaf-cf20-49e7-b9b4-87940166ecdc;415.13;0.0114;UNKNOWN
2016-03-14T03:49:05.000000;2016-03-14T03:49:05.000000;b3ce51e7-4c24-4292-9db2-db831a913f23;415.13;0.177;UNKNOWN
2016-03-14T03:49:19.000000;2016-03-14T03:49:19.000000;2cfeeadc-716a-4706-82fb-dd0a573bec37;415.13;1.0;UNKNOWN
2016-03-14T03:49:19.000000;2016-03-14T03:49:19.000000;9f2892fb-bd9b-4ccc-8ea7-bdf5aaff4126;415.13;0.27519487;UNKNOWN
2016-03-14T03:49:54.000000;2016-03-14T03:49:54.000000;fb4109c4-186c-47dc-ac25-dca2a4971a76;415.13;1.22480513;UNKNOWN
2016-03-14T03:49:54.000000;2016-03-14T03:49:54.000000;32890962-1736-4885-9577-184f9cc027ad;415.13;0.06906244;UNKNOWN
2016-03-14T03:49:59.000000;2016-03-14T03:49:59.000000;05b41384-aafd-44e6-ae46-0d4932957586;415.13;0.02114856;UNKNOWN
2016-03-14T03:52:28.000000;2016-03-14T03:52:28.000000;d8778968-0844-420b-a68d-1762e39ae22d;415.13;0.009789;UNKNOWN
2016-03-14T03:53:57.000000;2016-03-14T03:53:57.000000;f23c51a6-63e5-4205-a563-004f94f8acf5;415.12;0.1;UNKNOWN
2016-03-14T03:56:14.000000;2016-03-14T03:56:14.000000;b50558d7-1b18-4c09-aee8-41a4bd011c1c;415.19;0.01853738;UNKNOWN
2016-03-14T03:56:14.000000;2016-03-14T03:56:14.000000;d8f5ccce-000e-491c-b2a4-b2557d3bc9af;414.33;12.7732;UNKNOWN
2016-03-14T03:56:14.000000;2016-03-14T03:56:14.000000;76d59639-dbdd-457e-a43a-f1a4fa1834ea;415.09;0.015346;UNKNOWN
2016-03-14T03:56:14.000000;2016-03-14T03:56:14.000000;4da6efb3-2351-4b6a-a3c8-5fb2d0d92530;415.02;100.0;UNKNOWN
2016-03-14T03:56:14.000000;2016-03-14T03:56:14.000000;d9cdaf4d-9a3c-4c79-bc0a-790e2192a141;414.67;9.48;UNKNOWN
2016-03-14T03:56:14.000000;2016-03-14T03:56:14.000000;dd10cf2f-fc0b-4148-b534-eb158f7023eb;415.12;0.9;UNKNOWN
2016-03-14T03:56:14.000000;2016-03-14T03:56:14.000000;108ec4be-2c3f-4e9b-bd8f-08c8098020fd;414.88;0.0101;UNKNOWN
2016-03-14T03:56:14.000000;2016-03-14T03:56:14.000000;994f25b1-1eec-402d-9ebc-94d8dc48e2a1;414.5;5.9657;UNKNOWN
2016-03-14T03:56:14.000000;2016-03-14T03:56:14.000000;dc577cac-a3d6-4c9a-a4b1-c07928212230;414.51;0.016048;UNKNOWN
2016-03-14T03:56:14.000000;2016-03-14T03:56:14.000000;996ea1f3-4460-45fa-a38d-85f89b92bca8;415.13;14.34;UNKNOWN
2016-03-14T03:56:14.000000;2016-03-14T03:56:14.000000;0881211d-a4b6-413e-abbc-8a672d72a83e;414.13;4.64532912;UNKNOWN
2016-03-14T03:56:14.000000;2016-03-14T03:56:14.000000;10b99974-ef20-45ae-852a-5e8275774a5d;415.1;108.63963719;UNKNOWN
2016-03-14T03:56:14.000000;2016-03-14T03:56:14.000000;c050f0ca-0384-4f39-a044-44f756d1255e;415.12;1.0;UNKNOWN
2016-03-14T03:56:14.000000;2016-03-14T03:56:14.000000;c40c10c6-dbe3-4418-8310-3ed2be58ab84;414.46;9.6239;UNKNOWN
