time_exchange;time_coinpai;guid;price;base_amount;taker_side
2016-03-20T00:16:20.000000;2016-03-20T00:16:20.100000;ea47737b-4ad1-454e-8b06-81170312de7c;10.589;40.0;BUY
2016-03-20T00:19:42.000000;2016-03-20T00:19:43.567000;ccf901b8-70da-4ec2-9b30-dcf8f8345ee9;10.551;22.8282;SELL
2016-03-20T00:19:55.000000;2016-03-20T00:19:56.203000;071ce44e-4f0e-4e47-8a64-bb4708647e23;10.551;2.627295;SELL
2016-03-20T00:19:55.000000;2016-03-20T00:19:56.217000;3fd50206-7a4d-4355-ab5b-eaae852cea94;10.551;38.02736897;SELL
2016-03-20T00:20:18.000000;2016-03-20T00:20:18.483000;f3643230-e1df-49b1-a917-365c8a01b7b7;10.522;1.60863076;SELL
2016-03-20T00:21:53.000000;2016-03-20T00:21:53.470000;68177bce-c1c3-423d-82df-6acdcb7b0124;10.528;2.00380033;SELL
2016-03-20T00:21:53.000000;2016-03-20T00:21:53.487000;ce5f0f27-400c-4c87-bbd2-0f67a48d51a4;10.528;11.00343307;SELL
2016-03-20T00:21:55.000000;2016-03-20T00:21:55.767000;96aa5c06-e225-4b59-bc4a-bcf55c913c62;10.598;0.47601257;BUY
2016-03-20T00:25:17.000000;2016-03-20T00:25:19.050000;f6ba88dd-3ddd-4dd0-bd30-31c31d912d2b;10.656;7.97042303;BUY
2016-03-20T00:25:33.000000;2016-03-20T00:25:33.320000;ecaaa4c5-90f8-4507-9d30-9d5c3a50eeef;10.671;1.998;SELL
2016-03-20T00:25:35.000000;2016-03-20T00:25:35.083000;45da7b39-1fcb-480a-827a-8fad45a8163a;10.671;1.998;SELL
2016-03-20T00:25:35.000000;2016-03-20T00:25:35.640000;adf959ef-a01a-4f42-80a5-ec3c5ef9754d;10.671;37.03209482;SELL
2016-03-20T00:32:38.000000;2016-03-20T00:32:38.383000;213c5f8f-d02f-4c4c-89d8-58cb5df31f72;10.677;1.998;BUY
2016-03-20T00:32:38.000000;2016-03-20T00:32:38.387000;f891c46f-0bc9-4347-9ccb-0295bd7a0a62;10.678;2.002;BUY
2016-03-20T00:35:33.000000;2016-03-20T00:35:33.240000;5b5dd592-dfd8-4f47-bac4-9b9bae320b6b;10.53;4.1;SELL
2016-03-20T00:35:33.000000;2016-03-20T00:35:33.257000;052123cf-e110-44b2-a9b1-e204407310c8;10.506;0.50595403;SELL
2016-03-20T00:35:33.000000;2016-03-20T00:35:33.260000;b4c64545-a88d-4282-952b-78415f27eb22;10.504;2.557731;SELL
2016-03-20T00:35:33.000000;2016-03-20T00:35:33.297000;8efc1fbd-fd25-4d24-a6a4-63db1339c52b;10.5;0.4799749;SELL
2016-03-20T00:35:35.000000;2016-03-20T00:35:35.903000;e9ce0a12-133d-4cf2-8ba2-9b943ef74135;10.5;0.50595403;BUY
2016-03-20T00:35:40.000000;2016-03-20T00:35:40.963000;a2ed336a-bdcc-4f14-b4f9-3f493f5766aa;10.47;2.626402;SELL
2016-03-20T00:37:25.000000;2016-03-20T00:37:25.167000;86c47a0b-ab7f-473c-af82-71df3a21f1d8;10.47;6.073598;SELL
2016-03-20T00:38:14.000000;2016-03-20T00:38:14.820000;cfda6bdc-936c-4c2c-80f7-28c1b111eb23;10.45;5.0;SELL
2016-03-20T01:07:17.000000;2016-03-20T01:07:17.433000;2df98af2-c211-4ce1-a0da-e475772eb612;10.563;0.48367412;BUY
2016-03-20T01:07:17.000000;2016-03-20T01:07:17.440000;d03706c3-334e-48b2-9a2f-6eeb75feec86;10.563;0.19537151;BUY
2016-03-20T01:07:17.000000;2016-03-20T01:07:17.443000;4cd407b7-c38a-4612-9ecc-43bcdb353ef8;10.57;20.0;BUY
2016-03-20T01:17:36.000000;2016-03-20T01:17:36.630000;c3193d87-8a84-4fb7-81cc-793f36df996d;10.534;39.75197439;SELL
2016-03-20T01:17:36.000000;2016-03-20T01:17:36.633000;f77047ba-758e-4817-83bf-7b5ec3fe20bf;10.534;20.67904563;SELL
2016-03-20T01:17:36.000000;2016-03-20T01:17:36.640000;5a5c36da-4cf2-4af5-b4b1-7f0fe4ea998f;10.534;2.579193;SELL
2016-03-20T01:17:36.000000;2016-03-20T01:17:36.670000;c402eb93-9c54-4b4b-93f7-c943ea9656c3;10.533;10.725017;SELL
2016-03-20T01:17:36.000000;2016-03-20T01:17:36.670000;c36c44f2-2626-44cf-9038-f6532768a1b6;10.505;0.48641262;SELL
2016-03-20T01:17:37.000000;2016-03-20T01:17:37.477000;72b1b647-8653-43a0-97b7-05d80d898483;10.5;63.31685051;BUY
2016-03-20T01:17:37.000000;2016-03-20T01:17:37.500000;e7b9b3c8-fd4c-4119-96f7-be885b19301c;10.5;39.74820107;BUY
2016-03-20T01:17:37.000000;2016-03-20T01:17:37.513000;a1bc5244-dbeb-4e41-9664-a05b64523fa5;10.5;7.65982519;BUY
2016-03-20T01:17:38.000000;2016-03-20T01:17:38.183000;81204a74-88c7-4485-ba5b-9efd1817c61b;10.5;110.8173985;BUY
2016-03-20T01:17:38.000000;2016-03-20T01:17:38.210000;46112312-990f-4202-8446-09b375bf81df;10.5;14.45444328;BUY
2016-03-20T01:17:38.000000;2016-03-20T01:17:38.723000;f2a729a2-2f97-4dd0-a4d5-d426beeea9b6;10.5;20.67904563;BUY
2016-03-20T01:17:40.000000;2016-03-20T01:17:40.267000;f0e03eff-c8c8-41a4-9c7b-485b919187a9;10.5;18.8979787;BUY
2016-03-20T01:17:40.000000;2016-03-20T01:17:40.883000;d8445579-6f99-4220-b85a-0088a370b10d;10.5;0.00021448;BUY
2016-03-20T01:17:49.000000;2016-03-20T01:17:50.500000;09c26fb3-261e-4a0f-8bce-1d6a0adee458;10.568;0.48592621;BUY
2016-03-20T01:18:27.000000;2016-03-20T01:18:27.107000;c9feaafd-3bca-4c91-bda6-fe76adc64114;10.617;2.628188;BUY
2016-03-20T01:23:47.000000;2016-03-20T01:23:47.453000;9eb9fe1d-fbdb-419b-9b37-c655bbfc6f41;10.6;0.5;SELL
2016-03-20T01:24:32.000000;2016-03-20T01:24:32.377000;b912cd20-c8c8-473a-8b4d-6b264a8fe9ec;10.552;1.0;SELL
2016-03-20T01:27:30.000000;2016-03-20T01:27:30.357000;466a9446-d0cd-4598-9746-7d6feab4a55a;10.6;0.49999963;BUY
2016-03-20T01:59:39.000000;2016-03-20T01:59:39.383000;516884ad-2117-497c-b0de-2dce934b31a8;10.601;19.01796481;SELL
2016-03-20T02:05:14.000000;2016-03-20T02:05:14.620000;8fea931b-411d-47f0-9f02-0ef0538fd4a1;10.65;20.0;SELL
2016-03-20T02:11:03.000000;2016-03-20T02:11:03.853000;d38e54ce-c5b3-4649-8ce2-d5468df194d0;10.666;0.1;BUY
2016-03-20T02:29:44.000000;2016-03-20T02:29:44.567000;d66b89ab-7b51-4af2-b646-85783d5fd9f8;10.6;0.91;SELL
2016-03-20T02:31:19.000000;2016-03-20T02:31:19.693000;226444f6-4e83-4c17-a1d9-74cc55fd611e;10.6;1.08286305;SELL
2016-03-20T02:31:20.000000;2016-03-20T02:31:20.513000;539752bc-78c8-47ae-a0da-8dd17156340d;10.6;18.00713695;SELL
2016-03-20T02:34:58.000000;2016-03-20T02:34:58.403000;b83d7dec-e609-4499-ba7c-3f073422d84d;10.56;20.0;SELL
2016-03-20T02:39:34.000000;2016-03-20T02:39:34.470000;c821895e-886c-44fb-a8c3-77fa7de5c161;10.519;0.48769159;SELL
2016-03-20T02:42:18.000000;2016-03-20T02:42:18.687000;c2a1b8ec-3783-446c-a011-22aa346477ad;10.556;0.49;BUY
2016-03-20T02:49:13.000000;2016-03-20T02:49:13.237000;7a43e975-889a-4a56-89f9-01c2a3d26ef6;10.5;11.4;SELL
2016-03-20T02:49:29.000000;2016-03-20T02:49:29.680000;c161c161-594a-40a1-93bd-298879840d3a;10.5;8.6;SELL
2016-03-20T02:49:29.000000;2016-03-20T02:49:29.690000;f45f20e2-214c-42df-9405-5cbc0d0e234f;10.49;0.3897;SELL
2016-03-20T02:49:29.000000;2016-03-20T02:49:29.710000;0104fd0f-14bb-41c0-b4a8-4ec29c8eec57;10.49;9.7803;SELL
2016-03-20T02:50:54.000000;2016-03-20T02:50:54.433000;6372b36f-4acd-4d83-b42f-019dbb9aa5c5;10.49;3.88045242;SELL
2016-03-20T02:51:05.000000;2016-03-20T02:51:05.673000;a75dc210-9ca6-4b30-ad82-90dc777517e4;10.49;6.33924758;SELL
2016-03-20T02:51:17.000000;2016-03-20T02:51:17.597000;a158f544-ef04-40f0-9660-fbdb796ed818;10.42;2.565494;SELL
2016-03-20T03:17:17.000000;2016-03-20T03:17:17.170000;158f5e85-15b2-48e2-bd46-67ab77a6a799;10.393;2.0;SELL
2016-03-20T03:18:46.000000;2016-03-20T03:18:46.553000;9fc8c28e-0049-406d-a424-c581f831fd84;10.552;2.3864112;BUY
2016-03-20T03:18:46.000000;2016-03-20T03:18:46.573000;f5197a22-c7f2-4625-8046-01908d31e5e9;10.552;2.3864112;BUY
2016-03-20T03:18:48.000000;2016-03-20T03:18:48.397000;41df39b3-cc90-4ab9-a8a9-667086f3f15c;10.574;1.08286305;BUY
2016-03-20T03:18:48.000000;2016-03-20T03:18:48.587000;7332f92c-2f05-4e73-a420-73888b2e6ba9;10.582;0.4872039;BUY
2016-03-20T03:19:13.000000;2016-03-20T03:19:13.957000;a19b7323-392f-4d18-b380-786975c97871;10.582;4.7728224;SELL
2016-03-20T03:23:56.000000;2016-03-20T03:23:57.467000;a93c8a06-db66-4edb-ba95-87ff50b57be0;10.605;1.08286305;BUY
2016-03-20T03:23:56.000000;2016-03-20T03:23:57.483000;81cb0a44-c306-4430-b8dd-c75f56b3608c;10.609;0.1;BUY
2016-03-20T03:23:56.000000;2016-03-20T03:23:57.483000;ba404892-9652-4c69-b63e-4984e3ae36e8;10.61;3.05172006;BUY
2016-03-20T03:23:59.000000;2016-03-20T03:23:59.143000;3a437632-e6d1-466d-9966-082662d38b64;10.61;0.49333422;BUY
2016-03-20T03:24:01.000000;2016-03-20T03:24:01.747000;5c4fccc5-e7f2-49d1-aa1b-09935247dd27;10.61;4.23458311;BUY
2016-03-20T03:24:17.000000;2016-03-20T03:24:17.390000;f39c374d-9812-454c-b0b7-655315fa5dda;10.61;22.22036261;BUY
2016-03-20T03:24:55.000000;2016-03-20T03:24:55.433000;8672c1dd-f108-4bb3-b8f3-ef358d2273e0;10.66;16.01601602;BUY
2016-03-20T03:24:56.000000;2016-03-20T03:24:56.270000;758ea037-5df1-4ddf-a456-46f6dfcb8cae;10.66;13.98398398;BUY
2016-03-20T03:24:56.000000;2016-03-20T03:24:56.273000;52cbaadc-304c-45c1-975c-ced906534b53;10.67;18.39970932;BUY
2016-03-20T03:25:22.000000;2016-03-20T03:25:22.990000;fa844cf0-21e2-407f-b6cd-a92030755052;10.67;32.3836933;BUY
2016-03-20T03:26:00.000000;2016-03-20T03:26:00.243000;491c9963-ce52-448e-bf89-44fee307cd13;10.67;16.83290408;BUY
2016-03-20T03:26:00.000000;2016-03-20T03:26:00.460000;69d70da0-3be9-4397-87bd-b1b33af5a4d4;10.67;32.3836933;BUY
2016-03-20T03:26:33.000000;2016-03-20T03:26:33.703000;c0b17538-5013-4682-96e1-d7433968ca0e;10.7;32.3836933;BUY
2016-03-20T03:26:34.000000;2016-03-20T03:26:34.243000;1e3f576d-90a2-42ba-bf8c-5e1f813d1c2c;10.7;8.27376943;BUY
2016-03-20T03:26:34.000000;2016-03-20T03:26:34.267000;70ede449-5b66-4476-adf7-d6476727845b;10.7;4.06190565;BUY
2016-03-20T03:26:34.000000;2016-03-20T03:26:34.750000;1e6d5670-60dd-4cbb-9778-920b34c59511;10.7;2.58401826;BUY
2016-03-20T03:26:34.000000;2016-03-20T03:26:34.820000;b182a151-1c4c-4f5d-9555-ed7831c58679;10.7;3.00900901;BUY
2016-03-20T03:26:35.000000;2016-03-20T03:26:35.880000;58e76069-8d8e-49c7-98ce-9e7fa7928133;10.7;0.5;BUY
2016-03-20T03:26:37.000000;2016-03-20T03:26:38.570000;69934ff3-42e1-449d-8052-69b5b1bf436f;10.7;0.5005005;BUY
2016-03-20T03:26:38.000000;2016-03-20T03:26:38.673000;74222385-b533-4643-87f0-c33e57ae7035;10.7;16.01601602;BUY
2016-03-20T03:26:43.000000;2016-03-20T03:26:43.313000;f68df175-9abe-46a2-9540-87465fd19e6c;10.7;15.51001299;BUY
2016-03-20T03:26:43.000000;2016-03-20T03:26:43.350000;158a4e7d-8c3e-4703-8eeb-55e3a91ea7be;10.7;2.02304518;BUY
2016-03-20T03:26:43.000000;2016-03-20T03:26:43.483000;6379f73f-3e02-4514-87eb-bac1efb05ad7;10.7;4.67057884;BUY
2016-03-20T03:26:43.000000;2016-03-20T03:26:43.983000;f9e1ddb1-b4f4-42e9-9d61-4a4dd10b2d01;10.7;0.16331086;BUY
2016-03-20T03:26:44.000000;2016-03-20T03:26:45.233000;0ff77647-7722-4ebe-99c2-c04008e500d1;10.7;1.52486509;BUY
2016-03-20T03:26:44.000000;2016-03-20T03:26:45.300000;007e9753-c65b-44a0-95c1-cd1747291955;10.7;11.69063234;BUY
2016-03-20T03:26:45.000000;2016-03-20T03:26:45.383000;1c72cb8c-bdf7-466c-89e2-6aad43702218;10.7;32.3836933;BUY
2016-03-20T03:26:45.000000;2016-03-20T03:26:45.390000;488ad5e7-033b-41bd-a1ac-4e8207a536a0;10.7;0.50360938;BUY
2016-03-20T03:26:45.000000;2016-03-20T03:26:45.403000;d233db4f-4c79-4905-8e7e-501d3e0bfd46;10.7;3.86100526;BUY
2016-03-20T03:26:46.000000;2016-03-20T03:26:46.330000;37f4fcc4-524a-40c5-9f2e-a0969fa80c3b;10.7;0.38391264;BUY
2016-03-20T03:26:46.000000;2016-03-20T03:26:46.423000;4f317304-5303-4887-8d2f-89d4aebedce9;10.7;2.9433303;BUY
2016-03-20T03:26:48.000000;2016-03-20T03:26:49.083000;ccbfd0a1-232e-473c-8d6a-289ebab9462a;10.7;1.47792892;BUY
2016-03-20T03:26:49.000000;2016-03-20T03:26:50.163000;00d222dd-de6b-47f8-ae75-7aca3627438e;10.7;4.00464429;BUY
2016-03-20T03:26:49.000000;2016-03-20T03:26:50.200000;a00b0eac-1c24-4734-935c-7d1ac2804626;10.7;0.1632129;BUY
2016-03-20T03:26:50.000000;2016-03-20T03:26:50.353000;039eda20-5898-4604-8a06-28c53a74b229;10.7;4.71959526;BUY
2016-03-20T03:26:50.000000;2016-03-20T03:26:50.367000;cafd3083-175c-43e1-a445-12a7526e7f69;10.7;0.61559938;BUY
2016-03-20T03:26:53.000000;2016-03-20T03:26:53.697000;5d82dfde-c03f-49d8-a236-0b66e90c22fe;10.7;3.55209895;BUY
2016-03-20T03:26:53.000000;2016-03-20T03:26:54.363000;7ffd0c4a-050f-4c07-b1d5-faef04f46997;10.7;0.46331725;BUY
2016-03-20T03:26:53.000000;2016-03-20T03:26:54.383000;4ef0c00b-ee95-446c-8c49-a79a5a3b34fd;10.7;27.23275863;BUY
2016-03-20T03:26:55.000000;2016-03-20T03:26:55.357000;c7ba993d-15c6-4917-b8ad-1702c9033d28;10.7;6.55350453;BUY
2016-03-20T03:26:55.000000;2016-03-20T03:26:55.487000;94943ff3-896d-4bc5-98c1-024dad664fb9;10.7;8.23043154;BUY
2016-03-20T03:27:08.000000;2016-03-20T03:27:08.830000;2e93a01f-2855-42ad-a4b5-d81e7f8a8d0f;10.74;0.64888613;BUY
2016-03-20T03:27:10.000000;2016-03-20T03:27:11.077000;36f2453a-955c-4779-a48e-db14f3603d10;10.74;0.64888613;BUY
2016-03-20T03:27:18.000000;2016-03-20T03:27:18.557000;54a9b964-9299-4465-8f3a-5f0c2f6b8ec7;10.74;4.495;BUY
2016-03-20T03:27:24.000000;2016-03-20T03:27:24.637000;5e921a90-db78-4a7a-b4c1-685fae0507ff;10.74;14.20722774;BUY
2016-03-20T03:27:27.000000;2016-03-20T03:27:28.173000;96d8bcee-a121-4a44-8985-c3a9d413dabe;10.75;1.58770245;BUY
2016-03-20T03:27:28.000000;2016-03-20T03:27:28.183000;6b670044-9d18-4885-8945-cf003d26de59;10.75;12.17238545;BUY
2016-03-20T03:27:28.000000;2016-03-20T03:27:28.413000;e8400e34-bc88-44d9-a80b-85708d6a5515;10.75;32.3836933;BUY
2016-03-20T03:27:29.000000;2016-03-20T03:27:29.927000;ba8de8fe-cc3a-4ebd-924e-524f0c58a455;10.75;3.42166651;BUY
2016-03-20T03:27:33.000000;2016-03-20T03:27:33.757000;592666c3-822e-4e2e-93bc-e7e33d29288b;10.75;6.50472724;BUY
2016-03-20T03:27:36.000000;2016-03-20T03:27:36.677000;a427f69a-00f7-4657-9361-28e93b3feebc;10.75;1.58246352;BUY
2016-03-20T03:27:36.000000;2016-03-20T03:27:36.693000;90406608-27a3-480f-8f95-d25392c86461;10.75;12.13222025;BUY
2016-03-20T03:27:37.000000;2016-03-20T03:27:38.057000;2fb473f9-fcf2-463f-b88d-494092456155;10.75;6.50472724;BUY
2016-03-20T03:27:39.000000;2016-03-20T03:27:39.053000;5748cce6-f996-4877-8196-4be945b7b236;10.75;12.12028251;BUY
2016-03-20T03:27:39.000000;2016-03-20T03:27:39.067000;51347197-b974-458f-b83a-8a4619c3c13c;10.75;1.58090641;BUY
2016-03-20T03:27:40.000000;2016-03-20T03:27:40.717000;f734c474-1f03-4a51-84a5-6792e14afeff;10.75;22.6477326;BUY
2016-03-20T03:27:40.000000;2016-03-20T03:27:40.733000;5318e636-941c-4af5-8dce-ed051e6a2308;10.75;0.38531114;BUY
2016-03-20T03:27:40.000000;2016-03-20T03:27:41.460000;180e1482-f4f7-4648-9cf7-963686c40daf;10.75;2.95405208;BUY
2016-03-20T03:27:42.000000;2016-03-20T03:27:42.580000;dd1251d8-05c9-4f2d-994e-a886654256f5;10.75;6.50472724;BUY
2016-03-20T03:27:43.000000;2016-03-20T03:27:43.663000;a2c6f7d7-d4b0-4944-bbbb-176ff9ba4457;10.75;0.47246803;BUY
2016-03-20T03:27:46.000000;2016-03-20T03:27:46.507000;327cf556-7d73-43ea-8377-3b1221294e79;10.75;3.62225493;BUY
2016-03-20T03:27:52.000000;2016-03-20T03:27:52.537000;6a4be467-d28e-4770-8565-e807aa930322;10.75;1.11150568;BUY
2016-03-20T03:27:52.000000;2016-03-20T03:27:52.963000;6c792524-7106-4aae-8dff-bc506d92432f;10.75;8.52154353;BUY
2016-03-20T03:27:55.000000;2016-03-20T03:27:55.913000;99b86d91-6945-4a78-b4f6-0d6a160d0673;10.75;1.11041199;BUY
2016-03-20T03:27:55.000000;2016-03-20T03:27:56.090000;5049525b-07a5-494f-b6e2-013fa07eef80;10.75;8.51315858;BUY
2016-03-20T03:28:17.000000;2016-03-20T03:28:17.747000;e114e952-0407-45b6-8d48-ad9200faf562;10.75;29.32261938;BUY
2016-03-20T03:28:51.000000;2016-03-20T03:28:51.663000;37f67d19-5728-4f87-92d6-c0cffa2f49fc;10.75;1.10599023;BUY
2016-03-20T03:28:51.000000;2016-03-20T03:28:51.673000;90b19382-6517-4117-9423-9a5d968cee13;10.75;8.47925843;BUY
2016-03-20T03:28:52.000000;2016-03-20T03:28:53.003000;5d03f003-adb8-4f27-bbda-2718674c562e;10.75;3.25751506;BUY
2016-03-20T03:28:53.000000;2016-03-20T03:28:53.107000;df2cf377-91a4-4a03-9dfd-c5cf1f1d6582;10.75;1.10490197;BUY
2016-03-20T03:28:53.000000;2016-03-20T03:28:53.133000;9f61d431-7803-4862-bc3e-9eab77e79bca;10.75;8.47091509;BUY
2016-03-20T03:28:58.000000;2016-03-20T03:28:58.587000;59307872-e0bc-4f97-9527-40cf5dee22ec;10.75;1.5838541;BUY
2016-03-20T03:28:58.000000;2016-03-20T03:28:58.600000;77d3ac0e-65a3-4c68-a1ba-67b9d8fc43ef;10.75;0.84100506;BUY
2016-03-20T03:29:55.000000;2016-03-20T03:29:55.383000;f174bff5-eaa4-498e-8142-aacf04b76887;10.79;20.0;BUY
2016-03-20T03:29:55.000000;2016-03-20T03:29:55.393000;dac1f8a0-3d4e-41a2-9f3b-00a84f3163c6;10.8;66.13080334;BUY
2016-03-20T03:29:55.000000;2016-03-20T03:29:55.950000;c4abdd58-093b-414a-93c2-a914eda777c4;10.8;10.01001001;BUY
2016-03-20T03:29:56.000000;2016-03-20T03:29:56.850000;dfd022db-2aa5-4575-b414-d529c0ff1a68;10.8;10.01001001;BUY
2016-03-20T03:30:24.000000;2016-03-20T03:30:25.087000;40807d33-ff34-4fff-ab32-8614b714c523;10.8;19.58427309;BUY
2016-03-20T03:30:24.000000;2016-03-20T03:30:25.087000;5ad6a8ae-8aea-4615-ae26-c228e1ab49cd;10.8;10.0;BUY
2016-03-20T03:31:47.000000;2016-03-20T03:31:47.717000;5787006f-3bee-4596-86bd-1de3043ad893;10.82;0.3;BUY
2016-03-20T03:32:59.000000;2016-03-20T03:32:59.250000;c31c6dae-f085-491a-9792-8070a44e7b88;10.82;0.05;BUY
2016-03-20T03:32:59.000000;2016-03-20T03:32:59.267000;9af96bf0-ed78-4d1c-b830-4bc8e617bc89;10.881;0.05;BUY
2016-03-20T03:39:08.000000;2016-03-20T03:39:08.800000;fe7bc7d6-a257-469f-83b4-af05b2bdd911;10.814;3.843;SELL
2016-03-20T03:39:34.000000;2016-03-20T03:39:34.700000;19b6d5bc-945c-4707-b9b2-1628b375facd;10.814;4.177;SELL
2016-03-20T03:41:33.000000;2016-03-20T03:41:34.253000;64b547cf-6247-4c12-a5c4-6af188d0d3da;10.814;2.237;SELL
2016-03-20T03:43:28.000000;2016-03-20T03:43:28.980000;654260de-8f9d-47bd-b553-50ea372f5d0d;10.814;1.99871;SELL
2016-03-20T03:43:32.000000;2016-03-20T03:43:32.417000;6c955315-c924-4f2b-8335-44df889ee3e8;10.814;17.32856309;SELL
2016-03-20T03:43:32.000000;2016-03-20T03:43:32.420000;faaa1073-3a26-476f-a6ff-2fdb5a081294;10.779;1.99843691;SELL
2016-03-20T03:43:35.000000;2016-03-20T03:43:35.610000;f58d49f3-8cca-4929-95d3-572de18f55b9;10.779;0.52328609;SELL
2016-03-20T03:43:35.000000;2016-03-20T03:43:35.617000;53bc9cb7-efcb-4894-b5c6-79f28581abc9;10.764;0.47288323;SELL
2016-03-20T03:43:35.000000;2016-03-20T03:43:35.617000;0b9d81e1-2785-418f-8cd4-d6e8bf113cb2;10.752;26.71597686;SELL
2016-03-20T03:44:04.000000;2016-03-20T03:44:04.343000;4489ac7c-81ee-4e8c-b778-5920e3760cad;10.75;3.45122207;SELL
2016-03-20T03:44:04.000000;2016-03-20T03:44:04.353000;eeb4713c-ca25-45b6-ad12-0260f9035d7e;10.75;2.41516942;SELL
2016-03-20T03:44:48.000000;2016-03-20T03:44:48.717000;9e045d19-d81e-4c52-804b-e8198cf9f156;10.741;0.84;SELL
2016-03-20T03:44:54.000000;2016-03-20T03:44:54.837000;d0e7e930-cc9c-4688-b390-3248914fb728;10.74;10.22784619;SELL
2016-03-20T03:45:17.000000;2016-03-20T03:45:17.960000;eb7e5d9c-c601-46dd-aed7-6a67e0739e99;10.715;0.58324;SELL
2016-03-20T03:45:25.000000;2016-03-20T03:45:25.147000;0b1f98d3-ab59-4b84-b766-8aa53a334659;10.75;5.001;SELL
2016-03-20T03:45:56.000000;2016-03-20T03:45:56.447000;17887501-f840-4ea4-b9b7-15cca738f65b;10.715;0.14074402;SELL
2016-03-20T03:45:56.000000;2016-03-20T03:45:56.463000;01ca5e8d-19e6-4ca6-b1f1-78d4bd03a403;10.715;1.87663238;SELL
2016-03-20T03:45:56.000000;2016-03-20T03:45:56.470000;aa6f0053-51c2-4ce5-ac0c-ec05e739a41b;10.715;5.55054417;SELL
2016-03-20T03:45:56.000000;2016-03-20T03:45:56.500000;bcf15d7c-d982-42f7-be79-502773acea1a;10.71;10.0;SELL
2016-03-20T03:45:56.000000;2016-03-20T03:45:56.500000;93c2fa19-c58e-4ddb-844d-b41693a5f952;10.703;11.90159282;SELL
2016-03-20T03:45:58.000000;2016-03-20T03:45:58.670000;ee0d5f0f-3c1a-4dfc-9515-faceb546f9e2;10.703;2.98111861;SELL
2016-03-20T03:46:05.000000;2016-03-20T03:46:05.620000;9fb377da-61c2-47f1-b60e-85afc9e287f5;10.703;1.94520284;SELL
2016-03-20T03:46:19.000000;2016-03-20T03:46:19.363000;ce62602e-9089-474d-a86d-8161d46cef0f;10.7;6.55442128;SELL
2016-03-20T03:46:19.000000;2016-03-20T03:46:19.373000;c20b9ad1-4e9c-4d25-9001-5ae4e43a19d0;10.687;2.508858;SELL
2016-03-20T03:46:19.000000;2016-03-20T03:46:19.383000;90929367-687a-427d-b4d2-4cf4c56bf1b4;10.68;20.49573136;SELL
2016-03-20T03:46:23.000000;2016-03-20T03:46:23.133000;a8444bde-3566-4c59-b8ca-6a5b71f6bbdb;10.68;11.88796194;SELL
2016-03-20T03:49:44.000000;2016-03-20T03:49:44.800000;c204548d-9cf5-4d0d-9432-ec26225b6f1e;10.66;7.19189498;SELL
2016-03-20T03:49:44.000000;2016-03-20T03:49:44.817000;e6636bc3-cb80-4ba2-af61-3b4abcb1e46f;10.66;9.90810502;SELL
2016-03-20T03:50:36.000000;2016-03-20T03:50:37.017000;8c550f85-f1ce-4bd4-b66c-9832260c455c;10.66;0.09189498;SELL
2016-03-20T03:50:36.000000;2016-03-20T03:50:37.033000;a851abcb-29a3-49d0-9f19-de15d8e7811e;10.61;0.20810502;SELL
2016-03-20T03:57:18.000000;2016-03-20T03:57:18.793000;bf11f7da-0d11-4953-94e8-a598762fe858;10.659;1.0001419;BUY
2016-03-20T03:57:37.000000;2016-03-20T03:57:37.620000;9587c565-1755-496e-bd3f-1d5be2ac0f20;10.611;0.686884;SELL
2016-03-20T03:58:08.000000;2016-03-20T03:58:08.357000;2e5d1678-8bc8-4845-989c-afbc19650b9a;10.611;32.35130961;SELL
2016-03-20T03:58:11.000000;2016-03-20T03:58:11.690000;97f53f10-95ca-48c8-a406-5e819ccb6b67;10.611;2.4341055;BUY
2016-03-20T03:58:11.000000;2016-03-20T03:58:11.863000;497c34b1-cb61-4ebe-a989-ad1fcaeac8de;10.611;15.21458489;BUY
2016-03-20T04:08:13.000000;2016-03-20T04:08:13.443000;c877d764-045b-40e6-9aa3-67eee7dbfcbe;10.659;1.09109109;BUY
2016-03-20T04:08:14.000000;2016-03-20T04:08:14.467000;ea8a5a12-248d-43e9-9612-81c0ca749f56;10.659;9.79672895;BUY
2016-03-20T04:11:25.000000;2016-03-20T04:11:25.937000;19af960f-c53f-4d46-b19a-a4d76912c296;10.668;1.07421902;BUY
2016-03-20T04:11:51.000000;2016-03-20T04:11:51.533000;734af5a7-710c-44fc-b8a6-45d4a7720ca9;10.668;10.81374292;BUY
2016-03-20T04:11:51.000000;2016-03-20T04:11:51.533000;71bef345-cef4-42e9-b654-f6b5a440c12d;10.674;11.88796194;BUY
2016-03-20T04:14:46.000000;2016-03-20T04:14:47.743000;c25b397a-e8e7-431e-a5d1-f0758adebcd7;10.681;4.28106317;SELL
2016-03-20T04:14:53.000000;2016-03-20T04:14:53.460000;5d9054c7-1cff-4f8d-b4ec-2b30911c7d9f;10.682;0.52208078;SELL
2016-03-20T04:14:54.000000;2016-03-20T04:14:54.213000;b98969b7-4223-46ac-ad89-37f2845537f0;10.681;0.84586167;SELL
2016-03-20T04:14:54.000000;2016-03-20T04:14:54.637000;bf1ab035-fdbc-4120-9a8e-c786a5811e63;10.683;4.60709156;SELL
2016-03-20T04:31:46.000000;2016-03-20T04:31:47.163000;c515fdb8-9d25-4081-8340-83d8f2b8f564;10.715;0.54493121;BUY
2016-03-20T04:34:29.000000;2016-03-20T04:34:29.797000;21b13863-b796-4644-9e28-873437f0b9b1;10.729;3.9;BUY
2016-03-20T04:34:54.000000;2016-03-20T04:34:54.793000;e1e0cb9c-d886-4326-9273-a562b8ae4dc4;10.724;1.101;SELL
2016-03-20T04:39:45.000000;2016-03-20T04:39:46.400000;b717afa1-273a-4787-86a5-7accc73e7a17;10.736;5.001;BUY
2016-03-20T04:39:45.000000;2016-03-20T04:39:46.410000;181e02b7-83fc-47af-9486-1d407c07dfb3;10.736;5.00099995;BUY
2016-03-20T04:45:30.000000;2016-03-20T04:45:30.823000;5bb9c909-f3ce-4437-b926-f512f344a874;10.8;1.0;BUY
2016-03-20T04:45:46.000000;2016-03-20T04:45:46.400000;0f755d25-957d-4574-90eb-14fbcab6be8b;10.8;1.0;BUY
2016-03-20T04:46:31.000000;2016-03-20T04:46:31.987000;4a5ff044-40d9-4eab-869f-b60beffce12b;10.8;1.0;BUY
2016-03-20T04:47:31.000000;2016-03-20T04:47:31.163000;27408d9f-694e-4dbc-9918-04b108d6ddf7;10.8;1.0;BUY
2016-03-20T04:47:46.000000;2016-03-20T04:47:46.880000;643d1bcd-5e14-4b6a-b5d7-20023de14be9;10.8;1.0;BUY
2016-03-20T04:48:30.000000;2016-03-20T04:48:30.950000;54a0c44f-b9e1-4445-8236-0853974417a0;10.8;1.0;BUY
2016-03-20T04:48:49.000000;2016-03-20T04:48:49.337000;092cab45-44b7-4705-8fde-382044f9cce2;10.8;1.0;BUY
2016-03-20T04:49:31.000000;2016-03-20T04:49:31.370000;c8df79c6-1036-46be-a84a-0b91e3f44022;10.8;1.0;BUY
2016-03-20T04:49:46.000000;2016-03-20T04:49:46.540000;cc274beb-9728-46c6-9ed6-0193a8c3cd2c;10.8;1.0;BUY
2016-03-20T04:50:31.000000;2016-03-20T04:50:31.890000;8154bc23-232a-4771-9337-f0144a63d7e1;10.8;1.0;BUY
2016-03-20T04:50:46.000000;2016-03-20T04:50:46.990000;56db159a-06e0-452c-80a8-7f8d3e668070;10.8;5.0;BUY
2016-03-20T04:51:09.000000;2016-03-20T04:51:09.480000;598b924d-666d-4e14-991a-4b8799cdad04;10.789;9.08740105;SELL
2016-03-20T04:51:19.000000;2016-03-20T04:51:19.353000;38a85614-a6e8-4955-b0fd-f6a116d81ef3;10.789;21.55312694;SELL
2016-03-20T04:53:58.000000;2016-03-20T04:53:58.053000;92e8cf2d-6b57-4d27-ab3f-d61fe7d288bd;10.733;8.85917879;SELL
2016-03-20T04:53:58.000000;2016-03-20T04:53:58.067000;aad0a15d-49b8-4da8-bec6-7f283796d8ef;10.732;2.520783;SELL
2016-03-20T04:54:00.000000;2016-03-20T04:54:00.167000;cd5b7539-6dca-4e57-ac6c-e2456b5ecd9a;10.724;1.425316;SELL
2016-03-20T04:54:01.000000;2016-03-20T04:54:01.973000;75b3ba4a-7489-4306-80da-eb9d6d341bd9;10.66;8.0;SELL
2016-03-20T04:54:10.000000;2016-03-20T04:54:10.763000;0b75dd72-0ac0-4335-9d06-bb270ce4c7ab;10.66;22.0;SELL
2016-03-20T04:54:14.000000;2016-03-20T04:54:14.070000;f63aff64-c75e-42a3-ae67-5a074116ef26;10.633;15.21458488;SELL
2016-03-20T04:54:15.000000;2016-03-20T04:54:15.880000;7d80bb8d-1283-44bf-8093-798bc27f7ee8;10.617;7.43;BUY
2016-03-20T04:56:34.000000;2016-03-20T04:56:34.710000;d9d96ac1-1ee4-42ac-944b-806abc47a8c4;10.61;0.14725;SELL
2016-03-20T04:57:13.000000;2016-03-20T04:57:13.630000;2a0a5186-6f09-4872-8ffd-46391f06de58;10.645;5.0;BUY
2016-03-20T04:58:25.000000;2016-03-20T04:58:25.137000;bc084788-177c-4287-8455-5bb302fa917b;10.618;1.5;SELL
2016-03-20T04:58:43.000000;2016-03-20T04:58:43.990000;15330668-df9e-415a-9f35-91863a106b00;10.618;32.35130961;SELL
2016-03-20T04:58:59.000000;2016-03-20T04:58:59.190000;4c324965-7e6e-4a75-9b5a-57dc2f0f643f;10.61;4.49159223;SELL
2016-03-20T04:58:59.000000;2016-03-20T04:58:59.203000;c7b73837-ef6d-4645-aa4d-e1a7d892637c;10.61;10.0;SELL
2016-03-20T05:04:22.000000;2016-03-20T05:04:22.493000;0445821b-c4c4-4db8-ac29-7b0e79c98ea8;10.501;8.19806986;SELL
2016-03-20T05:10:39.000000;2016-03-20T05:10:40.017000;e36324c9-dbe6-4c41-8633-4bc817f412ba;10.5;6.52440312;SELL
2016-03-20T05:13:57.000000;2016-03-20T05:13:58.010000;2d2a13d5-22bb-4c45-8580-1dbcae864d4e;10.5;4.31649045;SELL
2016-03-20T05:14:15.000000;2016-03-20T05:14:15.223000;bea23587-035e-4606-89ad-28da1cdf0756;10.5;29.15910643;SELL
2016-03-20T05:20:40.000000;2016-03-20T05:20:40.567000;25162caa-d1fd-4f4d-aa6d-d5fd76f3ed55;10.45;11.18197126;SELL
2016-03-20T05:20:45.000000;2016-03-20T05:20:45.577000;c6348b81-f2e9-409a-8e98-c885641507dc;10.45;5.24559208;SELL
2016-03-20T05:20:48.000000;2016-03-20T05:20:48.760000;a33d7056-0df5-4948-ac1d-2d4888cadcb9;10.45;1.8203011;SELL
2016-03-20T05:20:53.000000;2016-03-20T05:20:53.223000;20e46360-c0ad-4156-9f05-791a821ecc0c;10.45;7.72837453;SELL
2016-03-20T05:23:00.000000;2016-03-20T05:23:00.133000;5cedada2-edb8-4806-9480-5fe97836b4e7;10.45;5.24623972;SELL
2016-03-20T05:23:04.000000;2016-03-20T05:23:04.327000;4188c921-fab9-4c26-9332-526c2a53a7fb;10.45;5.2459159;SELL
2016-03-20T05:23:07.000000;2016-03-20T05:23:07.237000;c144aa2e-41bc-45fb-9d9f-1d9df2b77446;10.45;13.53160541;SELL
2016-03-20T05:23:10.000000;2016-03-20T05:23:10.817000;6f57559d-80c7-4e0a-9e64-b3d023853949;10.42;0.49426107;SELL
2016-03-20T05:23:10.000000;2016-03-20T05:23:10.820000;04599afd-e9bc-497f-8ac3-672c0293e500;10.42;4.75165483;SELL
2016-03-20T05:24:06.000000;2016-03-20T05:24:06.820000;79ff1e0c-cc8e-4b93-b0bb-74f065c37bdc;10.446;10.0;BUY
2016-03-20T05:24:08.000000;2016-03-20T05:24:08.193000;c1203696-fd42-4169-b3b7-ae669898eb72;10.42;3.53160541;SELL
2016-03-20T05:25:13.000000;2016-03-20T05:25:13.177000;46c4ac67-dfeb-4020-94bb-5fcf9f445d35;10.42;2.37748782;SELL
2016-03-20T05:25:13.000000;2016-03-20T05:25:13.760000;3e3fce8d-e1f8-4ccf-8234-705a5b1adf2d;10.42;3.8885;SELL
2016-03-20T05:26:02.000000;2016-03-20T05:26:02.100000;013da6c8-00dd-463a-9469-6c80be6a1e5d;10.42;8.12304391;SELL
2016-03-20T05:26:05.000000;2016-03-20T05:26:05.873000;6efe12d3-7493-4d8a-a103-68d804ec63a7;10.42;4.00953404;SELL
2016-03-20T05:26:06.000000;2016-03-20T05:26:06.713000;d74453d6-df49-46a4-a165-4796b04ff03c;10.42;3.8955;SELL
2016-03-20T05:26:08.000000;2016-03-20T05:26:08.173000;857f862f-67a5-49f0-b813-0d0913814988;10.42;3.85310653;SELL
2016-03-20T05:26:09.000000;2016-03-20T05:26:09.937000;01ffc076-b852-4506-b9b2-8e1e31c33278;10.42;15.56956746;SELL
2016-03-20T05:27:31.000000;2016-03-20T05:27:31.683000;c9c32d50-9bd4-45ea-a068-b1a1b19ef829;10.4;3.97663386;SELL
2016-03-20T05:27:35.000000;2016-03-20T05:27:35.087000;b2829af6-32df-4f86-b026-49b3ac9290b0;10.4;3.97972648;SELL
2016-03-20T05:27:40.000000;2016-03-20T05:27:40.643000;b06c7959-cee3-4df0-8988-56a773e7bd3a;10.4;3.97972648;SELL
2016-03-20T05:27:44.000000;2016-03-20T05:27:44.593000;50150ec9-6cbe-4ded-a97f-084d756d403b;10.4;3.98005448;SELL
2016-03-20T05:27:47.000000;2016-03-20T05:27:48.107000;7ad5d31e-e4e5-4a37-addb-1430607e968c;10.4;3.98005448;SELL
2016-03-20T05:27:53.000000;2016-03-20T05:27:53.557000;c05cbb90-2693-4369-9996-c8aa657e3220;10.4;4.00596796;SELL
2016-03-20T05:27:57.000000;2016-03-20T05:27:57.560000;7d02f791-65fc-40a3-87c2-a1b9a2992cf9;10.4;3.98038248;SELL
2016-03-20T05:28:01.000000;2016-03-20T05:28:01.780000;5b278826-9173-476f-ad27-4bb11c434c72;10.4;3.97696003;SELL
2016-03-20T05:28:07.000000;2016-03-20T05:28:07.740000;2f0925f3-ce41-4147-a1c4-2f8f748fac78;10.4;1.65;SELL
2016-03-20T05:28:11.000000;2016-03-20T05:28:11.787000;10e5e601-9087-402f-9415-faaa45f46198;10.4;18.17379375;SELL
2016-03-20T06:31:47.000000;2016-03-20T06:31:47.457000;74109be5-a409-4004-8ccd-16f602fc266d;10.42;3.21513617;BUY
2016-03-20T06:31:47.000000;2016-03-20T06:31:47.463000;553d76b6-d8be-4523-9d64-681482191def;10.43;2.569149;BUY
2016-03-20T06:31:49.000000;2016-03-20T06:31:49.750000;1869ddf0-9e0e-4a2e-8b11-2b7cf52269c8;10.449;0.52305522;BUY
2016-03-20T06:31:49.000000;2016-03-20T06:31:49.757000;c91ab405-77dd-4196-8d6d-3bc450bd704a;10.45;8.37699547;BUY
2016-03-20T06:31:49.000000;2016-03-20T06:31:49.767000;42a93d03-44e2-4a54-bf89-72351b9b8e4d;10.45;2.45181875;BUY
2016-03-20T06:31:53.000000;2016-03-20T06:31:53.047000;503b1b83-d95e-4de2-801f-c51e2c549393;10.45;12.90767942;BUY
2016-03-20T06:31:55.000000;2016-03-20T06:31:55.183000;8df7fb1d-9039-418d-8591-253a8dec2e23;10.45;0.52305522;BUY
2016-03-20T06:31:55.000000;2016-03-20T06:31:56.047000;fc12705e-adc6-452d-903b-69ea340a177f;10.45;5.68441803;BUY
2016-03-20T06:36:11.000000;2016-03-20T06:36:11.647000;070ad7ca-2074-4657-bb43-ecb02e66a4e0;10.483;0.49376681;BUY
2016-03-20T06:55:36.000000;2016-03-20T06:55:36.933000;f91ea398-0624-4f80-a116-d13f371ae7e1;10.532;5.8438;BUY
2016-03-20T06:55:40.000000;2016-03-20T06:55:40.833000;658c44b2-3474-42d6-92e7-13d6676a72aa;10.483;0.49179372;SELL
2016-03-20T07:32:27.000000;2016-03-20T07:32:27.470000;984de3d8-833e-4691-814a-a2a7cfae18b3;10.41;0.8993309;SELL
2016-03-20T07:32:35.000000;2016-03-20T07:32:35.680000;06109329-25ca-47c5-9c70-d58cd0915612;10.41;3.41750631;SELL
2016-03-20T07:38:01.000000;2016-03-20T07:38:01.157000;c0986f56-2e7d-4650-8640-0cedbc98dd52;10.4;0.12446669;SELL
2016-03-20T07:44:44.000000;2016-03-20T07:44:44.630000;8ec89859-e8c7-4f5c-9c47-c48a98017254;10.436;2.599769;SELL
2016-03-20T07:46:38.000000;2016-03-20T07:46:38.947000;8e741005-2a04-44ad-85ed-d6b10da7a689;10.49;5.0;SELL
2016-03-20T07:48:04.000000;2016-03-20T07:48:04.760000;90b7cf0e-2cae-49e3-87d2-f1df5d346eab;10.44;5.0;SELL
2016-03-20T07:49:06.000000;2016-03-20T07:49:06.823000;ff853056-940e-4d96-9c9c-f8ecf3e383ef;10.44;0.2993;SELL
2016-03-20T07:49:44.000000;2016-03-20T07:49:44.893000;7e23652a-fb76-4770-b372-f1a6f3dc0bc6;10.44;32.35130961;SELL
2016-03-20T07:53:29.000000;2016-03-20T07:53:29.920000;bfd4e51f-aa1c-4ea0-8878-94e78409106c;10.378;0.49825267;SELL
2016-03-20T07:53:31.000000;2016-03-20T07:53:31.263000;fea66757-fe5f-4af0-8432-34718c06fc7b;10.296;5.49825267;SELL
2016-03-20T07:53:31.000000;2016-03-20T07:53:31.270000;3996c2d7-c23e-4ae6-bb5f-8f7dfd9669f2;10.295;10.776911;SELL
2016-03-20T07:53:31.000000;2016-03-20T07:53:31.280000;23ba1887-1337-4930-95c1-364f0c67ebfd;10.293;2.619915;SELL
2016-03-20T08:07:42.000000;2016-03-20T08:07:42.877000;c7abba3b-bbda-46b6-86cc-6c7c7710dad0;10.29;9.0;SELL
2016-03-20T08:08:48.000000;2016-03-20T08:08:48.487000;d64996a3-e132-4604-9f91-62af882d9119;10.29;2.52869961;SELL
2016-03-20T08:09:13.000000;2016-03-20T08:09:13.973000;c629405a-c8be-4db5-a584-70b4e59c7c22;10.29;25.92;SELL
2016-03-20T08:09:20.000000;2016-03-20T08:09:20.243000;e41565ee-b373-4416-80c6-0ea713100560;10.29;12.55130039;SELL
2016-03-20T08:19:26.000000;2016-03-20T08:19:26.277000;bade5b97-d16d-4703-ab1d-5e4a34d30942;10.274;4.8992;SELL
2016-03-20T08:19:26.000000;2016-03-20T08:19:26.287000;e0bc7160-b7fd-4ea4-b43b-42955c688024;10.27;26.14814463;SELL
2016-03-20T08:20:34.000000;2016-03-20T08:20:34.080000;82a20735-d9ce-41ea-a44c-bd3ddd881c7f;10.27;3.92421048;SELL
2016-03-20T08:20:34.000000;2016-03-20T08:20:35.803000;2bc9ae0e-7710-412a-88f1-1b8bd95f1fc0;10.27;0.17095912;SELL
2016-03-20T08:20:35.000000;2016-03-20T08:20:35.857000;896be249-c633-40c3-a7ba-d7b93a33b6ee;10.27;3.92421048;SELL
2016-03-20T08:20:37.000000;2016-03-20T08:20:37.360000;3b2e45e4-f1a6-4b19-92b0-ffab72ca21d5;10.27;4.8;SELL
2016-03-20T08:20:39.000000;2016-03-20T08:20:39.437000;e318d25f-6dae-4b91-b92e-dbaf80570861;10.27;0.17095912;SELL
2016-03-20T08:20:39.000000;2016-03-20T08:20:39.467000;adf49945-a5e6-4ffc-910b-68f74c160fd9;10.27;3.92421048;SELL
2016-03-20T08:20:41.000000;2016-03-20T08:20:41.687000;fec64943-f0a0-4a7e-8f1d-12532f6acb0e;10.27;0.17095912;SELL
2016-03-20T08:20:42.000000;2016-03-20T08:20:42.213000;fb29ac63-388c-4906-ba26-e12f43da68c0;10.27;0.17095912;SELL
2016-03-20T08:20:42.000000;2016-03-20T08:20:42.660000;91f4a1cb-50b7-4102-adce-3ca5dbd8ea48;10.27;0.17095912;SELL
2016-03-20T08:20:43.000000;2016-03-20T08:20:43.817000;cc20d5e9-ed48-4ff8-b83d-a3dfc25894cb;10.27;0.17095912;SELL
2016-03-20T08:20:45.000000;2016-03-20T08:20:45.133000;8ceaee66-ef2c-48e2-b1d2-1f9f7166574d;10.27;0.17095912;SELL
2016-03-20T08:20:47.000000;2016-03-20T08:20:47.200000;6a615a03-a2b3-4dd2-9ae7-e758cee026a5;10.27;0.17095912;SELL
2016-03-20T08:20:50.000000;2016-03-20T08:20:50.637000;d1d05096-3b9f-402e-846f-6f473526b9b2;10.27;0.17095912;SELL
2016-03-20T08:20:51.000000;2016-03-20T08:20:51.673000;1498f4d5-a099-4208-b438-32196cb33930;10.27;0.17095912;SELL
2016-03-20T08:20:52.000000;2016-03-20T08:20:52.163000;e5d9af9f-d6cd-475a-b215-9586b5d9dee5;10.27;0.17095912;SELL
2016-03-20T08:20:52.000000;2016-03-20T08:20:52.643000;5122378f-8a6a-450d-9eb4-08ecaa6728f7;10.27;5.39867361;SELL
2016-03-20T08:20:58.000000;2016-03-20T08:20:58.060000;98e078e7-78ab-434a-a04e-4b7172321e07;10.25;0.34191824;SELL
2016-03-20T08:20:58.000000;2016-03-20T08:20:59.300000;85451f4f-ef4f-4af8-a6c9-ac6279f8a38f;10.25;0.17095912;SELL
2016-03-20T08:20:58.000000;2016-03-20T08:20:59.320000;37fc81ca-412b-4c89-a278-f4067ad9bfe9;10.25;5.56963273;SELL
2016-03-20T08:21:57.000000;2016-03-20T08:21:58.043000;97959169-96a5-499a-a489-867f9a79869d;10.25;1.32815254;SELL
2016-03-20T08:21:58.000000;2016-03-20T08:21:58.897000;4a23b06d-eefa-45aa-941a-8422915d6b83;10.25;2.58933737;SELL
2016-03-20T08:21:58.000000;2016-03-20T08:21:58.910000;e4286e71-66dd-4217-b097-e2c58fae011d;10.25;17.45050454;SELL
2016-03-20T08:26:35.000000;2016-03-20T08:26:35.223000;96be2ea9-25db-4410-99a8-f378178ff721;10.26;38.5;SELL
2016-03-20T08:26:47.000000;2016-03-20T08:26:47.787000;7eaf3ee2-36e0-40b7-8584-4c5e7bf2933d;10.26;0.90727976;SELL
2016-03-20T08:27:12.000000;2016-03-20T08:27:12.887000;1b5e8fd6-73d8-4a16-b73e-02c085321336;10.26;4.15399506;SELL
2016-03-20T08:28:34.000000;2016-03-20T08:28:34.793000;e04dd62e-fcf5-4252-b764-2d73ba4ea476;10.26;38.6;SELL
2016-03-20T08:29:33.000000;2016-03-20T08:29:33.737000;b54e9ffd-d66d-4bd1-ac62-cf3f93e443bb;10.26;3.31141247;SELL
2016-03-20T08:32:11.000000;2016-03-20T08:32:11.983000;d3287beb-a5b1-401c-be13-80dfd35ca0d8;10.268;32.35130961;BUY
2016-03-20T08:32:11.000000;2016-03-20T08:32:11.997000;f80eb561-b42e-4094-a9e5-9a21519f3d48;10.27;2.583134;BUY
2016-03-20T08:32:13.000000;2016-03-20T08:32:13.403000;d2257ee8-bfff-4372-99e6-3dfbfe345f93;10.28;28.07320617;SELL
2016-03-20T08:32:13.000000;2016-03-20T08:32:13.470000;3833ad42-53a0-4541-b4c5-04d3277e94ed;10.28;3.66172255;SELL
2016-03-20T08:32:13.000000;2016-03-20T08:32:13.510000;82bbfea2-bc9d-4457-8b07-a47e33596835;10.28;0.47761598;SELL
2016-03-20T08:37:08.000000;2016-03-20T08:37:08.820000;463db304-1fac-456a-88ca-bbd349c7ab08;10.271;38.5;SELL
2016-03-20T08:41:25.000000;2016-03-20T08:41:25.217000;f4f55326-285d-4372-888b-38f3394c7c5d;10.31;30.70147893;SELL
2016-03-20T08:43:46.000000;2016-03-20T08:43:46.573000;844519ee-8eab-45dc-a876-0d006a36644f;10.28;30.82331997;SELL
2016-03-20T08:44:52.000000;2016-03-20T08:44:52.213000;b16d1272-fbfc-4956-9881-b0b583e4b6bd;10.25;30.87902252;SELL
2016-03-20T08:48:37.000000;2016-03-20T08:48:37.783000;2096c01b-01cc-47e4-a2cf-8aa9fa2241b4;10.25;7.4229244;SELL
2016-03-20T08:55:19.000000;2016-03-20T08:55:19.543000;4e6ef234-d033-4c01-97be-5b8c4ba04f2f;10.286;13.2903;BUY
2016-03-20T08:56:17.000000;2016-03-20T08:56:17.157000;158048b4-2ed2-46c9-99af-e169b9774ac7;10.288;32.35130961;BUY
2016-03-20T08:56:17.000000;2016-03-20T08:56:17.160000;b9bbd4ba-5612-4951-9d22-09725e7a48ea;10.289;2.628444;BUY
2016-03-20T08:56:20.000000;2016-03-20T08:56:20.140000;5fca41f5-6357-46ad-8324-90127ab77528;10.29;9.25934639;SELL
2016-03-20T09:49:02.000000;2016-03-20T09:49:02.653000;58122b7d-d7ad-4cc4-a3e7-a4bb7789ff07;10.241;0.20150121;SELL
2016-03-20T09:49:02.000000;2016-03-20T09:49:02.670000;d7a13d5a-ec3e-4515-bb3c-a76a2999899f;10.24;1.1;SELL
2016-03-20T09:49:02.000000;2016-03-20T09:49:02.680000;8a42562a-c1be-4e9f-a511-d7561ab1442e;10.239;7.34006258;SELL
2016-03-20T10:15:12.000000;2016-03-20T10:15:12.260000;43c6a4e8-70e5-473e-a864-be77af680b64;10.323;1.1;BUY
2016-03-20T10:15:12.000000;2016-03-20T10:15:12.267000;30c32331-b54d-46f5-9940-1a2f25e64055;10.324;3.9;BUY
2016-03-20T10:21:54.000000;2016-03-20T10:21:54.580000;1bb498ba-1d53-4d04-b99d-2a5571759f89;10.324;7.93846704;BUY
2016-03-20T10:26:31.000000;2016-03-20T10:26:32.213000;4e1dcc28-6897-4c0c-b160-ecc405633101;10.324;1.0;BUY
2016-03-20T10:31:01.000000;2016-03-20T10:31:02.153000;e0a69bc2-06a4-4772-a086-2992bbabaf9e;10.333;0.46314815;BUY
2016-03-20T10:31:01.000000;2016-03-20T10:31:02.167000;06465712-6106-420e-a823-1e0f47a543d2;10.34;20.0;BUY
2016-03-20T10:31:01.000000;2016-03-20T10:31:02.203000;4fe834f3-b1e8-490c-bb51-b6002b9679a7;10.34;45.0;BUY
2016-03-20T10:32:27.000000;2016-03-20T10:32:27.367000;b1626505-eddc-4126-98ea-66b28f743194;10.399;28.0;BUY
2016-03-20T10:33:32.000000;2016-03-20T10:33:32.380000;257d5dbc-5b39-4749-bdb9-fb04bfdfb5dd;10.398;5.69481901;SELL
2016-03-20T11:01:40.000000;2016-03-20T11:01:40.763000;f802bd0f-c342-4398-8997-622a1c3f7bbe;10.35;1.67611726;SELL
2016-03-20T11:24:03.000000;2016-03-20T11:24:03.827000;d2c2d4ea-b436-4196-8869-1383a62f42dc;10.384;22.0264;BUY
2016-03-20T11:32:46.000000;2016-03-20T11:32:46.450000;234db956-b088-4719-8788-547a14ea61d9;10.374;32.35130961;BUY
2016-03-20T11:32:46.000000;2016-03-20T11:32:46.457000;104cc9b2-4a5a-4b51-86cc-4e5dec39fc24;10.375;2.629977;BUY
2016-03-20T11:32:46.000000;2016-03-20T11:32:46.457000;d267c685-4a6f-4627-8e4a-49a38ce6e947;10.385;3.0;BUY
2016-03-20T11:32:46.000000;2016-03-20T11:32:46.497000;f0aaec4b-9f12-4f26-8143-3daaf2206e7b;10.397;99.13;BUY
2016-03-20T11:32:46.000000;2016-03-20T11:32:46.497000;881f82ef-2d76-4d93-8926-1bc9ec44e642;10.4;40.0;BUY
2016-03-20T11:32:46.000000;2016-03-20T11:32:46.507000;01362cf0-d950-455b-aa61-a836add6438f;10.4;4.9;BUY
2016-03-20T11:32:47.000000;2016-03-20T11:32:47.657000;aec8d0ee-888f-4cf7-888e-9f9c5b5d4871;10.4;7.34985213;SELL
2016-03-20T11:32:48.000000;2016-03-20T11:32:48.213000;621f217d-fc18-4f86-b379-395afafd7152;10.4;0.95867637;SELL
2016-03-20T11:32:48.000000;2016-03-20T11:32:48.220000;5b4bcff7-9521-48a4-97a8-5bb83d1f622a;10.4;7.65521716;SELL
2016-03-20T11:32:48.000000;2016-03-20T11:32:48.250000;2e528fd8-8b69-4956-9f7c-3b481359d127;10.4;24.69609245;SELL
2016-03-20T11:32:49.000000;2016-03-20T11:32:50.920000;c7187228-ee83-4bb0-8424-964d01f6d20a;10.4;4.27127924;SELL
2016-03-20T11:32:49.000000;2016-03-20T11:32:50.953000;3db8fe30-058a-4395-a113-6ff03b00cdf9;10.4;0.55712338;SELL
2016-03-20T11:32:50.000000;2016-03-20T11:32:52.060000;c876d115-2a0c-4977-b4ca-f6eefd36d7e2;10.4;32.7464742;SELL
2016-03-20T11:32:51.000000;2016-03-20T11:32:52.080000;a4919d5a-5445-40be-9f66-b1212cbf3d06;10.4;97.54;SELL
2016-03-20T11:32:51.000000;2016-03-20T11:32:52.093000;b63016f3-bb4b-415e-addd-3f1bf31c365b;10.4;56.34886635;SELL
2016-03-20T11:32:53.000000;2016-03-20T11:32:53.213000;a25e9c21-a3be-4271-9a53-aea6da9c4b03;10.4;21.49763455;SELL
2016-03-20T11:32:53.000000;2016-03-20T11:32:53.227000;a1d6c4bb-5eda-4de6-9cb0-f137bcb879b5;10.4;2.80403928;SELL
2016-03-20T11:32:53.000000;2016-03-20T11:32:53.880000;91422a89-7cfa-4eae-86f9-da0a65831acf;10.4;42.10915914;SELL
2016-03-20T11:32:56.000000;2016-03-20T11:32:56.683000;79b29164-b2de-4874-b603-fe7dcd0300de;10.4;21.71893058;SELL
2016-03-20T11:32:56.000000;2016-03-20T11:32:56.723000;80bd2b8f-11bd-47ad-8404-7b7939198195;10.4;2.83290399;SELL
2016-03-20T11:32:58.000000;2016-03-20T11:32:58.067000;7c3193bb-212d-4d65-8d85-5e30da226074;10.4;4.18235326;SELL
2016-03-20T11:32:58.000000;2016-03-20T11:32:58.080000;d4df100f-7c93-4af2-bc4a-2fdc94df40ca;10.4;32.06470836;SELL
2016-03-20T11:32:58.000000;2016-03-20T11:32:58.217000;fa93a7c0-fe1a-4d4f-8c1d-515a59f0ec7a;10.4;0.54552434;SELL
2016-03-20T11:32:59.000000;2016-03-20T11:32:59.973000;551e176a-a49d-49b5-94d1-62f73df489dc;10.4;24.96807418;SELL
2016-03-20T11:32:59.000000;2016-03-20T11:32:59.993000;030e00f7-b526-4b97-8163-6bc791492438;10.4;0.42478733;SELL
2016-03-20T11:32:59.000000;2016-03-20T11:33:00.013000;f2cb8411-355e-479a-84e1-f9fff844f35d;10.4;3.25670553;SELL
2016-03-20T11:33:04.000000;2016-03-20T11:33:04.450000;55f1c61b-8fff-4941-b837-bb4747db57b3;10.4;6.81467482;SELL
2016-03-20T11:33:05.000000;2016-03-20T11:33:05.783000;bc1f25a4-e43b-4344-a589-526dbf50bcf0;10.4;3.2511966;SELL
2016-03-20T11:33:06.000000;2016-03-20T11:33:06.590000;63512d00-5717-401b-87a3-f02c2444239f;10.4;28.80593028;SELL
2016-03-20T11:33:06.000000;2016-03-20T11:33:06.613000;a4983dc2-b684-4ff0-8c52-835508e8aa86;10.4;3.75729525;SELL
2016-03-20T11:33:06.000000;2016-03-20T11:33:06.690000;3acb6afc-51d0-4f26-ae1f-b2b1a534c1ab;10.4;0.49008199;SELL
2016-03-20T11:33:07.000000;2016-03-20T11:33:07.600000;ebfa2c72-a8d9-44d9-86ad-8033fc0c6e75;10.4;0.42406904;SELL
2016-03-20T11:33:07.000000;2016-03-20T11:33:07.747000;571a07f1-2582-417a-ac5f-2fcc184842ab;10.4;3.6819129;SELL
2016-03-20T11:33:08.000000;2016-03-20T11:33:08.060000;f23405c1-4ed3-492e-98c9-6f6f2bbf550c;10.4;0.4802495;SELL
2016-03-20T11:33:08.000000;2016-03-20T11:33:08.240000;474adb8c-fb43-479c-aa3c-53fecc0d9b53;10.4;0.42741694;SELL
2016-03-20T11:33:08.000000;2016-03-20T11:33:08.630000;e16fe389-6ec9-4c68-bda6-c8c2baaa4c95;10.4;2.74948425;SELL
2016-03-20T11:33:14.000000;2016-03-20T11:33:14.190000;e4dc6154-b600-4cc2-8402-5db3476fb094;10.3;0.42741694;SELL
2016-03-20T11:34:18.000000;2016-03-20T11:34:18.570000;3187151b-db51-4802-a123-caf48914f1e8;10.377;0.1203;BUY
2016-03-20T12:25:33.000000;2016-03-20T12:25:33.913000;1d7d42ca-ac95-4ed6-9c87-1a82d43afd74;10.295;2.622074;SELL
2016-03-20T12:26:57.000000;2016-03-20T12:26:57.887000;5e297f91-6118-4754-ad93-fd3eae329553;10.368;3.17690119;BUY
2016-03-20T12:26:57.000000;2016-03-20T12:26:57.900000;8f1f0a0b-54ad-471a-9e12-0d12498b1aba;10.375;0.4646626;BUY
2016-03-20T12:44:50.000000;2016-03-20T12:44:50.553000;7eb6f89d-3732-4f1c-aa98-9f01e9780a06;10.297;2.62551;SELL
2016-03-20T13:35:30.000000;2016-03-20T13:35:30.243000;8a2e8a79-9213-459a-a574-597014feaf98;10.287;0.3;BUY
2016-03-20T13:37:47.000000;2016-03-20T13:37:47.923000;ddc2d206-cea5-49c3-889b-e27c22ed6a8e;10.23;10.0;SELL
2016-03-20T13:37:47.000000;2016-03-20T13:37:47.933000;2d66555d-78c4-4410-abf1-177467719173;10.219;0.35;SELL
2016-03-20T13:38:16.000000;2016-03-20T13:38:16.493000;010e7f2d-c6a0-48e9-a5fb-247347580496;10.2;31.12904497;SELL
2016-03-20T13:38:17.000000;2016-03-20T13:38:17.723000;448d9cfc-6fd8-41a3-93cb-36f6fbae2897;10.2;0.62225108;SELL
2016-03-20T13:38:18.000000;2016-03-20T13:38:18.140000;f7968474-90c9-40e0-ac2e-2154775e4f0e;10.2;4.77059159;SELL
2016-03-20T13:38:18.000000;2016-03-20T13:38:18.163000;9ae3f2cd-383d-4526-983d-974de667748c;10.2;2.59915733;SELL
2016-03-20T13:38:18.000000;2016-03-20T13:38:19.023000;798c3f4e-9687-4617-a741-9f2665ec3098;10.2;8.0;SELL
2016-03-20T13:38:20.000000;2016-03-20T13:38:20.833000;c0332aba-654f-47da-9201-454ceaefe57c;10.2;0.61801142;SELL
2016-03-20T13:38:23.000000;2016-03-20T13:38:23.717000;9084b623-628a-40ce-9469-a2be8c74a531;10.2;32.35130961;SELL
2016-03-20T13:38:23.000000;2016-03-20T13:38:23.843000;8207cab5-852b-455c-aa91-3cca7640e975;10.2;32.35130961;SELL
2016-03-20T13:38:23.000000;2016-03-20T13:38:23.970000;c96a0313-14a5-49b1-8dde-84d17f9e2483;10.2;32.35130961;SELL
2016-03-20T13:38:24.000000;2016-03-20T13:38:24.090000;17592aa8-6985-4969-9656-f8ce47ae0762;10.2;5.20701478;SELL
2016-03-20T13:38:24.000000;2016-03-20T13:38:24.097000;3fc5e709-c20d-48f9-af12-c32dc26f7e4d;10.2;27.14429483;SELL
2016-03-20T13:38:24.000000;2016-03-20T13:38:24.390000;aa848a37-8758-4fe9-8bea-d0dce3d92110;10.2;17.85570517;SELL
2016-03-20T13:38:29.000000;2016-03-20T13:38:29.727000;d6c2fe49-1544-49c7-a06e-b6bcde5165a4;10.2;9.84719189;BUY
2016-03-20T13:38:29.000000;2016-03-20T13:38:29.727000;b8b9b2fe-fe95-4821-adf8-1cc248583403;10.15;14.49560444;SELL
2016-03-20T13:38:41.000000;2016-03-20T13:38:41.630000;4eca85e6-fd82-4890-924b-02d9180e471b;10.15;90.76909254;SELL
2016-03-20T13:39:21.000000;2016-03-20T13:39:21.293000;0c914154-06f5-49a8-b004-9d768c26edb9;10.15;31.25558066;SELL
2016-03-20T13:39:24.000000;2016-03-20T13:39:24.957000;1887d962-e399-4a09-b827-fe26ba2ccef9;10.15;13.47972236;SELL
2016-03-20T13:39:58.000000;2016-03-20T13:39:58.480000;bbaaf9de-f8ac-420e-8d8a-3c2416d4e42b;10.1;8.12942037;SELL
2016-03-20T13:39:58.000000;2016-03-20T13:39:58.613000;5d001c59-b69c-4ab9-9fd0-e7e682719c7c;10.1;17.30082609;SELL
2016-03-20T13:40:03.000000;2016-03-20T13:40:03.520000;e5e37aca-77bc-42b2-b2a8-a23d66ea0093;10.1;26.11525978;SELL
2016-03-20T13:41:03.000000;2016-03-20T13:41:03.760000;3aa516ba-328b-496c-8e69-aa14099ccbaa;10.1;31.43960988;SELL
2016-03-20T13:41:07.000000;2016-03-20T13:41:07.200000;d3906611-e149-4a16-a7ed-b38b40ccb845;10.1;2.14144403;SELL
2016-03-20T13:41:07.000000;2016-03-20T13:41:07.490000;f8eb285e-d65c-4b9b-8582-5affdadee2ad;10.1;5.66944936;SELL
2016-03-20T13:41:07.000000;2016-03-20T13:41:07.790000;91b05181-14b2-480c-8904-3b0d2bccc5e9;10.1;31.43832441;SELL
2016-03-20T13:41:09.000000;2016-03-20T13:41:09.200000;396983ad-7abc-4e0c-a09d-38ccafc3d646;10.1;8.17962456;SELL
2016-03-20T13:41:11.000000;2016-03-20T13:41:11.050000;1655c2df-61c1-4401-beb4-27b327d952aa;10.1;15.29584482;SELL
2016-03-20T13:41:24.000000;2016-03-20T13:41:24.143000;50ef08e0-0855-465c-ab51-dd2b84ffd30d;10.1;0.999;SELL
2016-03-20T13:41:28.000000;2016-03-20T13:41:28.250000;848bf831-fa3f-4f00-afb1-d6408f6e2473;10.1;3.2911967;SELL
2016-03-20T13:41:28.000000;2016-03-20T13:41:28.253000;2105f67c-a1ac-4ab5-aa5d-230856abee4c;10.099;1.0;SELL
2016-03-20T13:43:33.000000;2016-03-20T13:43:33.560000;65f9ea79-f2ef-472f-9f5c-f4f7d69f0860;10.011;5.23755023;SELL
2016-03-20T13:43:33.000000;2016-03-20T13:43:33.950000;024a1d05-9798-494d-a83d-ced88ed5289d;10.011;5.21178539;BUY
2016-03-20T13:43:36.000000;2016-03-20T13:43:36.443000;79e91d32-92be-4e69-8bd1-9dcdc7ac60b4;10.011;0.15280811;BUY
2016-03-20T13:43:55.000000;2016-03-20T13:43:55.410000;1f23a841-8ad9-4137-8aef-e1e3b060ca8b;10.01;31.7066734;SELL
2016-03-20T13:45:07.000000;2016-03-20T13:45:07.590000;583ac655-6aa2-437d-b2cb-441ca74d136b;10.01;0.73458;SELL
2016-03-20T13:45:09.000000;2016-03-20T13:45:09.523000;57a94f86-8918-443d-8f93-c47c868ad9e3;10.01;1.0;SELL
2016-03-20T13:45:15.000000;2016-03-20T13:45:15.310000;5ea1bfe3-40e6-4827-8e3d-f2e16e9e644f;10.01;6.5587466;SELL
2016-03-20T13:45:15.000000;2016-03-20T13:45:15.317000;ac3a7fc2-9a92-450b-821a-92943088487a;10.0;10.0;SELL
2016-03-20T13:45:15.000000;2016-03-20T13:45:15.323000;e063f4a8-5889-418f-9cbe-ddcf9892ed66;10.0;15.20424653;SELL
2016-03-20T13:45:18.000000;2016-03-20T13:45:18.607000;0967d124-196e-4627-9301-e3987437d26c;10.0;31.76036926;SELL
2016-03-20T13:45:19.000000;2016-03-20T13:45:20.020000;d7b4bab6-c238-4431-ab7c-c985d5e924d6;10.0;33.03538421;SELL
2016-03-20T13:45:19.000000;2016-03-20T13:45:20.030000;25536295-1495-48f8-8fc2-3f30cb0f9595;10.0;17.29445988;SELL
2016-03-20T13:45:19.000000;2016-03-20T13:45:20.160000;62d74215-458b-4e5a-8e87-476cd27a4564;10.0;6.56476227;SELL
2016-03-20T13:45:19.000000;2016-03-20T13:45:20.610000;f705c04b-d8b4-4c27-ae00-f60cc056d09e;10.0;0.85627334;SELL
2016-03-20T13:45:23.000000;2016-03-20T13:45:23.290000;89bd850d-1148-4919-8308-4cf36995a652;10.0;7.16404912;SELL
2016-03-20T13:45:23.000000;2016-03-20T13:45:23.307000;7fa1759c-c25c-4905-be8a-6ffffbda7c17;10.0;54.92437659;SELL
2016-03-20T13:45:23.000000;2016-03-20T13:45:23.340000;a0d21547-0907-4a1d-9851-06be8dbbd5f7;10.0;0.93444119;SELL
2016-03-20T13:45:23.000000;2016-03-20T13:45:23.713000;fd6de093-c635-47ba-b070-ebd19d18adcf;10.0;4.3009952;SELL
2016-03-20T13:45:25.000000;2016-03-20T13:45:25.577000;a18ea4d9-723f-4453-91a8-34a71ba103a3;10.0;23.02350732;SELL
2016-03-20T13:45:26.000000;2016-03-20T13:45:26.457000;a483c40c-a905-482f-980f-d1afd28dc4ea;10.0;31.76430539;SELL
2016-03-20T13:45:27.000000;2016-03-20T13:45:27.257000;2f3d4a55-0d4a-4c72-90cd-42a4d47982cc;10.0;23.00048381;SELL
2016-03-20T13:45:28.000000;2016-03-20T13:45:28.387000;22f53830-995b-4652-8ff8-beb9e9df4aa8;10.0;31.76430551;SELL
2016-03-20T13:45:59.000000;2016-03-20T13:45:59.683000;d2fc6b19-a5e7-468e-bd24-20caf7a85f6e;10.0;6.5587466;SELL
2016-03-20T13:45:59.000000;2016-03-20T13:45:59.827000;2c3588d5-60dc-4cd9-bb99-2fd9d4080f59;10.0;6.5587466;SELL
2016-03-20T13:45:59.000000;2016-03-20T13:45:59.847000;497e72e4-79d1-46fd-a912-1bf25b288107;10.0;6.5587466;SELL
2016-03-20T13:46:32.000000;2016-03-20T13:46:33.590000;d518b724-338b-4a34-8c13-62c3681a8a7b;10.0;0.51505335;SELL
2016-03-20T13:46:35.000000;2016-03-20T13:46:35.367000;dd0ce269-086a-4bc8-b3a4-384331ecaf59;10.0;31.74856682;SELL
2016-03-20T13:46:37.000000;2016-03-20T13:46:37.703000;65c9782c-9e1e-4688-b7d8-26193931ad38;10.0;4.46818041;SELL
2016-03-20T13:46:47.000000;2016-03-20T13:46:47.783000;5396ba16-8560-490c-9a73-bfa46a84da84;9.99;1.10775768;SELL
2016-03-20T13:46:49.000000;2016-03-20T13:46:49.597000;c6164577-5742-40f7-900c-ff69bf24d9c0;9.99;0.51505335;SELL
2016-03-20T13:50:33.000000;2016-03-20T13:50:33.887000;c24bcc64-4d8b-4853-8697-0f71f521d1b8;9.9999;32.3836933;BUY
2016-03-20T13:50:41.000000;2016-03-20T13:50:41.457000;f9c08285-2af5-4128-8962-4aa337eca581;9.9999;7.26876662;BUY
2016-03-20T13:50:52.000000;2016-03-20T13:50:52.403000;8b2018c9-9cee-44bc-a7cb-8079876eaf10;10.0;18.55;BUY
2016-03-20T13:50:59.000000;2016-03-20T13:51:00.347000;004145fa-4816-49c4-b68a-1aed080330d5;10.011;3.63041542;BUY
2016-03-20T13:51:00.000000;2016-03-20T13:51:00.573000;84b34726-820a-4c93-9af3-11760a2aa34c;10.011;0.46005985;BUY
2016-03-20T13:51:00.000000;2016-03-20T13:51:00.593000;e794b33c-b4f5-42c8-b088-d0604990231b;10.011;47.38449725;BUY
2016-03-20T13:51:03.000000;2016-03-20T13:51:03.337000;6ecf25ab-63e0-49dc-912d-7f12581cf46a;10.011;4.11649049;BUY
2016-03-20T13:51:06.000000;2016-03-20T13:51:06.280000;d9af13a8-773d-47e4-97d5-1f6752b151f6;10.011;41.7017017;BUY
2016-03-20T13:51:07.000000;2016-03-20T13:51:07.137000;956d12fe-8ae1-4723-8c1b-aab34f089ccd;10.011;41.7017017;BUY
2016-03-20T13:51:10.000000;2016-03-20T13:51:10.597000;48a3269b-3da1-4f32-ae22-9f941a9dba39;10.011;41.7017017;BUY
2016-03-20T13:51:22.000000;2016-03-20T13:51:22.833000;3fcef352-83a2-433f-83d8-9ff147284a23;10.011;32.3836933;BUY
2016-03-20T13:51:24.000000;2016-03-20T13:51:24.880000;8e94f34e-d15e-41eb-80f0-987c56ce5048;10.011;32.3836933;BUY
2016-03-20T13:51:26.000000;2016-03-20T13:51:26.050000;ee92a09e-875f-4165-bfa3-36e3025d8210;10.011;54.75649787;BUY
2016-03-20T13:51:26.000000;2016-03-20T13:51:26.240000;d039dafc-b32a-4c14-a25a-9509d6107c78;10.011;7.14215212;BUY
2016-03-20T13:51:26.000000;2016-03-20T13:51:26.240000;76dab3f0-8324-4f5f-9b58-cf0b830a9517;10.011;32.3836933;BUY
2016-03-20T13:51:27.000000;2016-03-20T13:51:27.743000;5d2d11fc-e327-43db-99e2-62e45824e7e1;10.011;4.6530005;BUY
2016-03-20T13:51:27.000000;2016-03-20T13:51:27.783000;f6a0dc68-a4e5-4756-915e-2f2441ae5d9b;10.011;35.67300389;BUY
2016-03-20T13:51:27.000000;2016-03-20T13:51:27.800000;cd0101b0-90f3-4d10-9849-d6fab226debd;10.011;0.6069131;BUY
2016-03-20T13:51:28.000000;2016-03-20T13:51:28.093000;82ab1b69-3caa-4606-ad49-190c4a0503b7;10.011;19.11700043;BUY
2016-03-20T13:51:28.000000;2016-03-20T13:51:28.110000;67302534-8b32-4884-a57c-2504a589a5c7;10.011;2.4935217;BUY
2016-03-20T13:51:28.000000;2016-03-20T13:51:28.703000;b29cf5a1-6db5-4306-bb9c-5e478ff7e017;10.011;5.27306256;BUY
2016-03-20T13:51:28.000000;2016-03-20T13:51:28.737000;838072b5-e1fa-4955-bf63-6afe0dbb0326;10.011;40.42681299;BUY
2016-03-20T13:51:28.000000;2016-03-20T13:51:28.773000;a106edef-3e82-4aa1-b20a-6cec08266071;10.011;0.68779076;BUY
2016-03-20T13:51:29.000000;2016-03-20T13:51:29.690000;b078c208-edfd-4c5e-8c96-24ac9d042bf0;10.011;12.13864085;BUY
2016-03-20T13:51:29.000000;2016-03-20T13:51:29.713000;109d7167-cce6-432c-92a2-d04648ebbbf7;10.011;1.58330112;BUY
2016-03-20T13:51:41.000000;2016-03-20T13:51:41.953000;7149adfd-44c2-4517-a09d-6fad6a2da96e;10.011;33.21334969;BUY
2016-03-20T13:51:41.000000;2016-03-20T13:51:42.017000;a9dd52db-1c99-47fa-b5df-7e7d7742deab;10.011;0.56506644;BUY
2016-03-20T13:51:42.000000;2016-03-20T13:51:42.077000;79de60dd-c2cc-4368-8af8-38cae019b0be;10.011;4.33217604;BUY
2016-03-20T13:51:44.000000;2016-03-20T13:51:44.317000;f5e3a9a2-8f57-4a72-8886-db321cb5b39a;10.011;8.28573273;BUY
2016-03-20T13:51:45.000000;2016-03-20T13:51:45.980000;2fd13929-37b8-486d-ab1a-7f6089db71a9;10.011;11.53855698;BUY
2016-03-20T14:04:48.000000;2016-03-20T14:04:49.683000;108e48a9-afdf-409d-bc8b-94e7e06e1c57;10.12;7.5033;BUY
2016-03-20T14:05:11.000000;2016-03-20T14:05:11.510000;1540d4f9-bc61-4033-906a-2d18eb7462fa;10.12;5.04150898;BUY
2016-03-20T14:05:11.000000;2016-03-20T14:05:11.520000;33691141-b61b-4561-a849-61bc93816ee8;10.12;0.93491338;BUY
2016-03-20T14:09:24.000000;2016-03-20T14:09:24.683000;b916cafe-b3fa-45f3-9981-204587b6afa6;10.177;0.38905011;BUY
2016-03-20T14:09:25.000000;2016-03-20T14:09:25.500000;53027c5f-b31a-4899-bec8-f5f3d8a2af16;10.177;0.4177;BUY
2016-03-20T14:09:27.000000;2016-03-20T14:09:27.910000;41f6db4f-0566-423f-a01c-ea8d44aed084;10.177;0.4177;BUY
2016-03-20T14:11:53.000000;2016-03-20T14:11:53.683000;a6c97271-c744-4710-93bc-f09d602b1841;10.039;2.671803;SELL
2016-03-20T14:11:54.000000;2016-03-20T14:11:54.543000;cc8fc147-f598-47cb-b7d5-be379d436058;10.023;6.75468337;SELL
2016-03-20T14:11:56.000000;2016-03-20T14:11:56.337000;177d5dfb-078f-4735-9de2-b82b9416afdd;10.023;31.3559088;SELL
2016-03-20T14:11:56.000000;2016-03-20T14:11:56.347000;12e52cae-4e8d-4b30-85df-06fc23a45a36;10.023;0.28422534;SELL
2016-03-20T14:11:56.000000;2016-03-20T14:11:56.370000;971ab279-81ce-4160-a4da-5e15c28285ba;10.023;28.96963315;SELL
2016-03-20T14:11:57.000000;2016-03-20T14:11:57.377000;2521035f-4486-4b0b-bd99-62712098604e;10.023;5.841;SELL
2016-03-20T14:12:30.000000;2016-03-20T14:12:30.873000;ec755204-e594-4651-9bfe-f965829f74aa;10.039;1.0;BUY
2016-03-20T14:12:31.000000;2016-03-20T14:12:31.480000;96fec7e9-33ba-49fb-b7a0-011c4557cddc;10.023;1.671803;SELL
2016-03-20T14:13:31.000000;2016-03-20T14:13:31.930000;7eefc8f1-982c-4941-ae1d-422c68cf7915;10.039;1.0;BUY
2016-03-20T14:13:48.000000;2016-03-20T14:13:48.230000;89b4067c-3866-4a3f-8c3e-953b0841f8d4;10.039;1.0;BUY
2016-03-20T14:14:31.000000;2016-03-20T14:14:31.433000;0f35fbdb-577c-4bcf-a2eb-8e57f0130740;10.039;1.0;BUY
2016-03-20T14:14:47.000000;2016-03-20T14:14:47.907000;f5338219-107f-4bfc-b9f2-02353e90b056;10.039;1.0;BUY
2016-03-20T14:15:30.000000;2016-03-20T14:15:30.927000;fad80708-bc3f-4bf7-9a85-38f2b661940f;10.039;1.0;BUY
2016-03-20T14:15:46.000000;2016-03-20T14:15:46.277000;4a52e826-fa49-4e95-ad77-772f9828acc2;10.039;1.0;BUY
2016-03-20T14:16:04.000000;2016-03-20T14:16:04.510000;e59fe396-d4dc-4563-a5a6-d3b2b8f556b6;9.99;8.37718897;SELL
2016-03-20T14:16:04.000000;2016-03-20T14:16:04.513000;40efb64c-966a-40c4-b290-11f6edfa2b7d;9.99;12.73929978;SELL
2016-03-20T14:16:04.000000;2016-03-20T14:16:04.950000;e206a830-26b8-4d43-9555-bc9637bc16ee;9.99;9.84800022;SELL
2016-03-20T14:16:32.000000;2016-03-20T14:16:32.733000;e6476330-2b3f-4e12-a2dc-3f5fc727bea5;10.039;1.0;BUY
2016-03-20T14:16:46.000000;2016-03-20T14:16:46.717000;d0ec05d2-cdb9-46ca-a7b5-78643a4f4bb7;10.039;1.0;BUY
2016-03-20T14:24:32.000000;2016-03-20T14:24:32.630000;9e35031d-9625-4734-8a90-bbe79fdbba90;10.041;104.43;BUY
2016-03-20T14:24:32.000000;2016-03-20T14:24:32.640000;0ecd172f-ef01-43b3-a684-070fa0bd0a75;10.042;32.35130961;BUY
2016-03-20T14:24:32.000000;2016-03-20T14:24:32.650000;9889f9be-f71f-473f-9a3f-40daedbff6fc;10.043;2.671803;BUY
2016-03-20T14:24:32.000000;2016-03-20T14:24:32.680000;5880a5c4-92a7-4739-9101-dbd894d08c78;10.071;94.35775336;BUY
2016-03-20T14:28:14.000000;2016-03-20T14:28:14.797000;5b3eb50f-1829-430f-b48c-017bedab0cf2;9.9545;1.0;SELL
2016-03-20T14:28:14.000000;2016-03-20T14:28:14.813000;7f8df1ac-7450-4ed5-a752-b60ce1f904d5;9.95;20.0;SELL
2016-03-20T14:36:29.000000;2016-03-20T14:36:29.410000;c11895f7-0530-43ba-bf9d-58435bc30f87;10.024;2.702705;BUY
2016-03-20T14:45:10.000000;2016-03-20T14:45:10.740000;363f1304-2933-4336-8d42-f2f463c3fae5;10.026;1.86637303;SELL
2016-03-20T14:45:51.000000;2016-03-20T14:45:51.567000;6c707494-3fd9-4628-87a1-3d9afed6e393;10.026;11.44693799;SELL
2016-03-20T14:45:51.000000;2016-03-20T14:45:51.587000;53a132c6-2ed6-4a33-9696-5c974ee3ad54;10.02;20.0;SELL
2016-03-20T14:46:17.000000;2016-03-20T14:46:18.013000;7f57e5b6-5dfc-49d2-9f19-f975a348cbad;10.0;3.2;SELL
2016-03-20T14:46:18.000000;2016-03-20T14:46:18.837000;5493098b-4df2-4e17-98a5-d02af1208281;9.9757;2.719622;SELL
2016-03-20T14:48:51.000000;2016-03-20T14:48:51.693000;df3181e7-4378-4383-86d1-027756cbcf8c;9.9657;3.2;BUY
2016-03-20T14:48:51.000000;2016-03-20T14:48:51.720000;e5f5bec9-8e3e-487a-83fb-fedfd25c8f15;9.9667;0.999;BUY
2016-03-20T14:48:52.000000;2016-03-20T14:48:52.630000;7c9c741b-5232-4ccc-aa8c-223259fa6042;10.004;2.690674;BUY
2016-03-20T14:48:52.000000;2016-03-20T14:48:52.637000;786ac72c-dd89-43f8-bff0-3274fde607ec;10.009;30.50883444;BUY
2016-03-20T14:48:52.000000;2016-03-20T14:48:53.023000;9a941458-7e4c-40c4-b45e-111f0c14ff12;10.009;19.82698865;BUY
2016-03-20T14:48:54.000000;2016-03-20T14:48:54.433000;fe1cb71c-caf8-420e-b6c8-83545f0ed5d2;10.009;10.15584705;BUY
2016-03-20T14:48:54.000000;2016-03-20T14:48:54.433000;4ea4af05-5b5a-4eeb-8eb0-5df607536f56;10.009;7.77073086;BUY
2016-03-20T14:48:54.000000;2016-03-20T14:48:54.470000;2533b9fe-db17-4f38-8965-9586df59033e;10.009;6.704614;BUY
2016-03-20T14:48:54.000000;2016-03-20T14:48:54.470000;4f805beb-ca92-41a6-8edf-588010e59460;10.013;11.44693799;BUY
2016-03-20T14:48:54.000000;2016-03-20T14:48:56.310000;c09d52ff-cd2c-4f47-95e9-c6a5cf36ef93;10.054;33.05091145;BUY
2016-03-20T14:48:57.000000;2016-03-20T14:48:57.407000;caa0bc28-1fdb-41ad-b942-bad471f8263a;10.054;0.35;BUY
2016-03-20T14:48:57.000000;2016-03-20T14:48:57.423000;cbdf6136-d40f-43da-8939-0532a0f9b4e4;10.054;6.74571415;BUY
2016-03-20T14:48:57.000000;2016-03-20T14:48:57.460000;392edd88-abce-42a7-9d65-217be540af4c;10.054;0.87987575;BUY
2016-03-20T14:48:57.000000;2016-03-20T14:48:57.503000;37068e79-4aa2-46f2-b133-8bece2b3668a;10.054;0.1147664;BUY
2016-03-20T14:48:57.000000;2016-03-20T14:48:57.913000;b0c204f1-71f6-4693-b9a6-b208ee490953;10.054;25.92592679;SELL
2016-03-20T14:48:58.000000;2016-03-20T14:48:58.133000;5937eb4a-874a-49f3-bc72-177bc26842b6;10.053;3.38164262;BUY
2016-03-20T14:48:59.000000;2016-03-20T14:48:59.303000;b79badc3-fc48-4b76-a8b1-22981176c615;10.053;0.5001724;BUY
2016-03-20T14:48:59.000000;2016-03-20T14:48:59.340000;1efb3050-6e84-46b2-8c29-166aa00d1860;10.053;3.83465504;BUY
2016-03-20T14:48:59.000000;2016-03-20T14:48:59.527000;1cf48783-d639-44b0-9890-9bfb22ff5a12;10.053;29.39902195;BUY
2016-03-20T14:49:01.000000;2016-03-20T14:49:01.107000;bbeacfe9-2f12-43e6-ac41-ae19bda5d855;10.054;52.40124074;SELL
2016-03-20T14:51:09.000000;2016-03-20T14:51:10.330000;95dc89cd-ab3e-4f60-9683-69c5afa758ef;10.038;44.53595613;BUY
2016-03-20T14:51:09.000000;2016-03-20T14:51:10.340000;b47c5892-05b7-460c-82ee-af2f64f1c359;10.039;2.691209;BUY
2016-03-20T14:51:11.000000;2016-03-20T14:51:11.110000;a4935270-5dc0-4dea-838d-c897e8c26792;10.039;44.5335507;SELL
2016-03-20T14:51:12.000000;2016-03-20T14:51:12.317000;db400b3f-ee31-40cd-b447-14bfa93aad88;10.039;8.11545558;SELL
2016-03-20T14:51:13.000000;2016-03-20T14:51:13.280000;588af418-a822-4d26-8bbb-5cfe9acfb753;10.039;11.54912269;SELL
2016-03-20T14:51:13.000000;2016-03-20T14:51:13.413000;82f61d73-8253-460b-bcf7-ba2d84b9c9ba;10.039;1.5064073;SELL
2016-03-20T14:51:15.000000;2016-03-20T14:51:15.140000;5c7a3962-bea6-450e-940f-9f3cc97b3626;10.039;62.21849397;SELL
2016-03-20T14:51:15.000000;2016-03-20T14:51:15.220000;d604d30d-7247-4783-a09b-feee8fa84cca;10.039;13.93123796;SELL
2016-03-20T14:51:15.000000;2016-03-20T14:51:15.267000;ae43cb49-1889-447f-9de8-bb3a6c8f3000;10.039;1.81711806;SELL
2016-03-20T14:51:16.000000;2016-03-20T14:51:16.310000;da8d565c-5f42-47b0-a769-eaf9db2dc70e;10.039;5.39734168;SELL
2016-03-20T14:51:16.000000;2016-03-20T14:51:16.323000;727b99ac-2938-4c6f-a1ee-2875d4e3ffaf;10.039;41.3796197;SELL
2016-03-20T14:51:17.000000;2016-03-20T14:51:17.317000;d547d403-b24d-45dd-9e26-9109cecdb41b;10.039;0.82469176;SELL
2016-03-20T14:51:17.000000;2016-03-20T14:51:17.373000;2422ba1a-ed35-47b4-9b1c-ea6d3581e273;10.039;6.32263769;SELL
2016-03-20T14:51:24.000000;2016-03-20T14:51:24.733000;f5365ce3-7da2-449c-aaa5-0f7ab0306c90;10.039;41.19463825;SELL
2016-03-20T14:58:57.000000;2016-03-20T14:58:57.350000;7ad0ab05-d373-47c1-a327-5478d23275ab;10.016;2.0;BUY
2016-03-20T14:59:34.000000;2016-03-20T14:59:34.883000;a406ffb8-c73c-43fe-bb83-fa46590230f2;10.016;44.63377881;BUY
2016-03-20T14:59:37.000000;2016-03-20T14:59:37.563000;79271fbc-eb9c-4a8d-8812-43696e943860;10.016;44.63377881;SELL
2016-03-20T14:59:39.000000;2016-03-20T14:59:39.667000;7bd2d2e5-38a7-4698-ae18-0eae313c6ab3;10.016;10.73244238;SELL
2016-03-20T15:10:16.000000;2016-03-20T15:10:16.823000;baf7e74a-562c-4bda-bf19-66234621e72e;10.017;12.62608909;BUY
2016-03-20T15:15:46.000000;2016-03-20T15:15:46.300000;daa01d47-8605-4283-b215-591ba4364e4c;10.1;3.15;BUY
2016-03-20T15:15:46.000000;2016-03-20T15:15:46.310000;bc2b0748-68e0-47cf-a149-5422fbd20450;10.1;20.0;BUY
2016-03-20T15:41:30.000000;2016-03-20T15:41:30.737000;19889dca-8e87-402c-a7f4-5f175a51491b;10.069;0.53075362;SELL
2016-03-20T16:22:20.000000;2016-03-20T16:22:20.337000;5d797cee-b6f7-47bf-a58b-78007493bc9f;10.01;4.29237624;SELL
2016-03-20T16:22:24.000000;2016-03-20T16:22:25.337000;97a9651f-b097-4791-9c31-128c3015e911;10.01;4.03361013;SELL
2016-03-20T16:22:29.000000;2016-03-20T16:22:29.700000;4ff3e4c1-e059-43af-a516-e6020b8fd08b;10.01;4.29237624;SELL
2016-03-20T16:22:33.000000;2016-03-20T16:22:33.580000;73c4a9cd-b662-4925-9542-c13270667aba;10.01;4.29237624;SELL
2016-03-20T16:22:38.000000;2016-03-20T16:22:38.633000;964add7a-0758-42a9-b806-14708d8dd74c;10.01;4.60679426;SELL
2016-03-20T16:22:42.000000;2016-03-20T16:22:42.733000;28e4f391-67c3-4b5d-b04d-9d6a7f313499;10.01;4.60679426;SELL
2016-03-20T16:22:47.000000;2016-03-20T16:22:47.087000;af5188b6-5b9b-4daa-a617-7b99a0cd4e2b;10.01;4.60679426;SELL
2016-03-20T16:22:51.000000;2016-03-20T16:22:52.257000;32ad0017-81d6-4576-b683-d9104ce5faa3;10.01;4.60679426;SELL
2016-03-20T16:22:56.000000;2016-03-20T16:22:56.383000;6afc7c46-bc60-41bd-a1b4-c818b2eb57d4;10.01;4.60679426;SELL
2016-03-20T16:23:00.000000;2016-03-20T16:23:00.713000;e39c3526-9cc4-49d9-874c-1b2d3aad5d65;10.01;4.60679426;SELL
2016-03-20T16:23:04.000000;2016-03-20T16:23:04.490000;73572759-2401-4e26-8e5f-3a2b8ecd0b1b;10.01;4.60679426;SELL
2016-03-20T16:23:08.000000;2016-03-20T16:23:08.713000;f881b07e-2ebb-4b0b-a265-7ca6a5d9edb6;10.01;4.60679426;SELL
2016-03-20T16:23:13.000000;2016-03-20T16:23:13.727000;5c406d45-795d-4201-8e84-fc5a6c516f5a;10.01;4.60679426;SELL
2016-03-20T16:23:18.000000;2016-03-20T16:23:18.977000;13575ba9-da92-4f90-9c5a-c35341ff3a6d;10.01;4.60679426;SELL
2016-03-20T16:23:22.000000;2016-03-20T16:23:23.253000;7ae279c8-a82f-40b7-acf6-f1b0f5da3533;10.01;4.60679426;SELL
2016-03-20T16:23:27.000000;2016-03-20T16:23:27.333000;2e3f494b-c666-4987-af9e-26948bb812cb;10.01;4.63379806;SELL
2016-03-20T16:23:32.000000;2016-03-20T16:23:32.887000;24a7d3bb-2ba2-4fe7-97ad-38d8b0ffc7dd;10.01;4.63379806;SELL
2016-03-20T16:23:38.000000;2016-03-20T16:23:38.447000;60fb1640-410d-457a-9a37-6602d772adc2;10.01;3.37738159;SELL
2016-03-20T16:23:43.000000;2016-03-20T16:23:43.237000;c43e77be-7268-4dc1-8619-823921738bc4;10.01;4.30940005;SELL
2016-03-20T16:24:01.000000;2016-03-20T16:24:01.410000;7b61fe19-43ec-4995-b441-dfc663eb9a8d;10.01;14.72906209;SELL
2016-03-20T16:24:35.000000;2016-03-20T16:24:36.003000;f3436ec5-8ed8-4f72-a945-dbcc29aca9f6;10.01;0.73108444;SELL
2016-03-20T16:26:53.000000;2016-03-20T16:26:53.727000;1f94e207-8131-4f4b-8dd4-50e8475a803a;9.9537;0.60474693;SELL
2016-03-20T16:26:53.000000;2016-03-20T16:26:53.733000;956fc35c-f85c-4d53-abec-d14a2c6823b2;9.9527;2.727067;SELL
2016-03-20T16:32:38.000000;2016-03-20T16:32:38.183000;43cc5637-d7fb-49df-acfe-275dae25f74e;10.012;0.1;BUY
2016-03-20T16:54:00.000000;2016-03-20T16:54:00.813000;755ab0f4-5192-4043-be8a-5cdcd6ce9f25;9.8;24.5281;SELL
2016-03-20T16:54:03.000000;2016-03-20T16:54:03.210000;414dbb5e-d8ec-49d1-9bf4-9a72c15d6a75;9.778;0.2;SELL
2016-03-20T16:54:11.000000;2016-03-20T16:54:12.030000;e4b6d25d-2a50-437c-b4af-90396e11cc1c;9.778;3.0;SELL
2016-03-20T16:54:22.000000;2016-03-20T16:54:22.230000;ee6d3db2-2711-4c52-8dc7-00104b4daf4a;9.778;2.3684;SELL
2016-03-20T16:55:52.000000;2016-03-20T16:55:52.930000;b231449a-d910-4c86-826f-801513c4391a;9.711;0.16136746;SELL
2016-03-20T16:55:52.000000;2016-03-20T16:55:52.950000;8ab245e5-a309-49f3-8372-f79b6fd2c54c;9.71;2.719349;SELL
2016-03-20T16:55:52.000000;2016-03-20T16:55:52.960000;6407742e-bbef-445b-8cf8-c6acf52b2ca4;9.707;0.34976611;SELL
2016-03-20T16:55:52.000000;2016-03-20T16:55:52.987000;67b072a7-acb4-436e-bd72-48ea0aa1102f;9.7;10.0;SELL
2016-03-20T16:58:18.000000;2016-03-20T16:58:18.317000;ce78664e-1f8d-4ca2-a138-b95b29843038;9.71;23.0;SELL
2016-03-20T16:58:18.000000;2016-03-20T16:58:18.333000;f6417eec-9ec2-42e5-b4c7-917071ca1579;9.701;3.1;SELL
2016-03-20T16:58:19.000000;2016-03-20T16:58:19.377000;4b1732d7-2612-4f3a-a353-1cfa92558949;9.7;30.69041496;BUY
2016-03-20T16:58:21.000000;2016-03-20T16:58:21.267000;7896a41d-7c77-46cb-8acd-a41c2134fb94;9.7;2.9;BUY
2016-03-20T16:58:21.000000;2016-03-20T16:58:21.400000;9b4079ce-7bfa-443f-be9d-bfd835124b17;9.7;0.11772694;BUY
2016-03-20T16:58:21.000000;2016-03-20T16:58:21.987000;947f1f24-693c-4618-8784-a8404ebaf274;9.7;10.1918581;BUY
2016-03-20T16:58:28.000000;2016-03-20T16:58:29.540000;b13bb131-be30-44ff-8150-c14e64970b89;9.8198;2.9;BUY
2016-03-20T17:02:57.000000;2016-03-20T17:02:57.607000;086c2161-dbbe-470c-84bb-b9aa3d497de8;9.8;32.4255431;SELL
2016-03-20T17:02:59.000000;2016-03-20T17:02:59.403000;1ff1d25d-b943-4de7-bde8-07155c32b275;9.8;17.5744569;SELL
2016-03-20T17:03:34.000000;2016-03-20T17:03:34.787000;3620de7b-3ef1-4d9b-8eae-6fbfa5890488;9.763;0.11706897;SELL
2016-03-20T17:03:54.000000;2016-03-20T17:03:54.247000;37698836-2523-4bcd-9b04-9707858ef986;9.762;0.11772694;SELL
2016-03-20T17:03:57.000000;2016-03-20T17:03:58.910000;a5d66a34-73ba-4762-9352-59f9555ef6d1;9.7;10.07413116;SELL
2016-03-20T17:03:57.000000;2016-03-20T17:03:58.923000;82eaf6d3-2cd6-49d2-8ecd-b8b0514bfd7b;9.7;10.1918581;SELL
2016-03-20T17:03:57.000000;2016-03-20T17:03:58.947000;a61f7900-9e64-48e3-ab29-57de8e9f608e;9.7;2.73401074;SELL
2016-03-20T17:15:11.000000;2016-03-20T17:15:11.640000;e99719c5-5905-471a-a080-e31929592417;9.73;3.0;SELL
2016-03-20T17:15:17.000000;2016-03-20T17:15:17.653000;ee608cca-0f2e-4a16-8489-bda04499fd38;9.776;10.0;BUY
2016-03-20T17:16:23.000000;2016-03-20T17:16:23.593000;e640b12f-f2da-4fd5-88ea-ce0b55b8a3c4;9.77;3.0;SELL
2016-03-20T17:16:23.000000;2016-03-20T17:16:23.633000;61fa0ba8-482b-480b-b20f-7032212d6e62;9.77;21.4;SELL
2016-03-20T17:16:56.000000;2016-03-20T17:16:56.143000;f3fc44e2-1c32-46dc-994d-694b78be83c6;9.77;1.6;SELL
2016-03-20T17:16:56.000000;2016-03-20T17:16:56.147000;e6a7b03e-24e7-41e3-8d13-b4ae31399a80;9.73;4.6782;SELL
2016-03-20T17:18:40.000000;2016-03-20T17:18:40.550000;6f8d8a66-9afa-453e-97e0-cbd7c2da7edf;9.77;14.3505;BUY
2016-03-20T17:22:03.000000;2016-03-20T17:22:03.190000;5b144bc7-6c84-453f-a02c-2942f958be74;9.7;7.34012042;SELL
2016-03-20T17:22:03.000000;2016-03-20T17:22:03.193000;fe569d60-01b2-4dbc-8932-5a30d3d1095a;9.7;0.14817298;SELL
2016-03-20T17:28:32.000000;2016-03-20T17:28:32.303000;a5959ec6-dc5a-4cf5-8543-e88884c6e626;9.704;0.97685299;SELL
2016-03-20T17:33:51.000000;2016-03-20T17:33:51.890000;7eebddf8-1e75-4c4e-802a-8add117af05a;9.7459;45.0;BUY
2016-03-20T17:34:21.000000;2016-03-20T17:34:22.470000;6fbed482-a1c2-40e8-a25b-3c12824aeba9;9.725;0.2;SELL
2016-03-20T17:36:40.000000;2016-03-20T17:36:40.260000;4d31cc7b-6223-44b4-a4b4-a4da2c381f72;9.776;2.86768086;BUY
2016-03-20T17:36:40.000000;2016-03-20T17:36:40.273000;6ba9ec1f-d47f-473d-b863-c3652b68b410;9.78;9.54264575;BUY
2016-03-20T17:37:45.000000;2016-03-20T17:37:45.440000;403584ef-1830-4796-b199-c3473a81f793;9.86;0.1;BUY
2016-03-20T17:37:51.000000;2016-03-20T17:37:51.463000;44cad949-9cef-4a23-b40e-d55972c16eaf;9.859;0.1;BUY
2016-03-20T17:37:55.000000;2016-03-20T17:37:56.020000;09070720-5d85-4595-8d90-21599043a1f3;9.859;0.1;BUY
2016-03-20T17:48:51.000000;2016-03-20T17:48:51.653000;36418175-5950-46c4-a39c-4c127f98311b;9.882;0.1;BUY
2016-03-20T17:48:51.000000;2016-03-20T17:48:51.670000;936ef15d-5e71-4d46-8c48-060cc5ebec8e;9.882;5.7;BUY
2016-03-20T17:48:51.000000;2016-03-20T17:48:51.680000;2a36f344-1f8d-4a8f-9280-4a5f038d66ff;9.883;2.719349;BUY
2016-03-20T17:48:51.000000;2016-03-20T17:48:51.710000;5299b9c4-11a3-4f93-b314-1dc90d7623a6;9.9129;2.706288;BUY
2016-03-20T17:48:51.000000;2016-03-20T17:48:51.710000;c9750861-819f-47bf-89d1-0e9a35d9fa2c;9.97;44.83951144;BUY
2016-03-20T17:48:51.000000;2016-03-20T17:48:51.710000;925ded9c-66bd-4840-be21-b13b9d5fdba9;9.971;95.81;BUY
2016-03-20T17:48:51.000000;2016-03-20T17:48:51.710000;f715d4c4-c63d-4dc5-86b4-f1099a437a71;9.975;129.395432;BUY
2016-03-20T17:48:51.000000;2016-03-20T17:48:51.710000;34b8fd56-baa9-497b-a33b-73da938f4216;9.975;11.70784;BUY
2016-03-20T17:48:51.000000;2016-03-20T17:48:51.713000;e405a0bd-eb4d-4240-8e82-56cc505bd1fa;9.9889;37.25640971;BUY
2016-03-20T17:49:00.000000;2016-03-20T17:49:01.050000;1342d603-e34d-44c7-983a-1befbe6f237e;9.967;7.20549033;BUY
2016-03-20T17:49:00.000000;2016-03-20T17:49:01.053000;7cd418c6-662a-4e2d-a41d-c1169c4aaac9;9.967;44.85320875;BUY
2016-03-20T17:49:00.000000;2016-03-20T17:49:01.070000;81050647-b189-4205-8a8c-4fd3e7deb2a2;9.968;10.66345494;BUY
2016-03-20T17:49:00.000000;2016-03-20T17:49:01.090000;ea369867-d90a-4a32-9ff9-9f974ca7d2e6;9.9889;7.74359029;BUY
2016-03-20T17:49:01.000000;2016-03-20T17:49:01.523000;e907f018-6ceb-437c-93ce-927eb12234ef;9.99;44.85320828;SELL
2016-03-20T17:49:01.000000;2016-03-20T17:49:01.807000;612031a9-7173-45c8-979a-c234176304b1;9.99;32.5707958;SELL
2016-03-20T17:49:01.000000;2016-03-20T17:49:01.947000;be7c4cc2-1097-4601-b710-572447b208be;9.99;35.9;SELL
2016-03-20T17:49:01.000000;2016-03-20T17:49:01.950000;edab3f9c-b34e-4ac1-a231-90538e33cfc3;9.99;0.35;SELL
2016-03-20T17:49:03.000000;2016-03-20T17:49:03.360000;cd5a0468-45e2-4db3-8b59-096fdc291200;9.99;47.06705089;SELL
2016-03-20T17:49:03.000000;2016-03-20T17:49:03.383000;37d0ad81-d274-4621-9ebc-3255865713a3;9.99;6.13918055;SELL
2016-03-20T17:49:03.000000;2016-03-20T17:49:03.420000;4e7e621e-2aa2-4008-9b66-d4c14c49ad4a;9.99;8.927409;SELL
2016-03-20T17:49:03.000000;2016-03-20T17:49:03.487000;a57d2b5a-40bc-4f5f-b88b-d2dfe3e9661a;9.99;36.24013044;SELL
2016-03-20T17:49:05.000000;2016-03-20T17:49:05.307000;23f650c9-9751-450d-a9f4-e38295b88b29;9.99;41.28283367;SELL
2016-03-20T17:49:05.000000;2016-03-20T17:49:05.367000;22019d5f-3560-40fc-9f19-44c4a60724b0;9.99;5.38471743;SELL
2016-03-20T17:49:05.000000;2016-03-20T17:49:05.740000;37027eab-404f-4eeb-a13a-bf16ad7bdb31;9.99;1.05375978;SELL
2016-03-20T17:51:27.000000;2016-03-20T17:51:27.697000;e18e49a0-2435-43c6-bb4e-c5418247fb5e;9.941;5.63394888;BUY
2016-03-20T17:51:27.000000;2016-03-20T17:51:27.707000;04039eb9-d9c9-4288-90ec-892fc8c33f49;9.941;5.62831493;BUY
2016-03-20T17:51:28.000000;2016-03-20T17:51:28.877000;35c20cd4-b13d-4ffb-aa72-b545085108b7;9.941;5.62831493;SELL
2016-03-20T17:51:29.000000;2016-03-20T17:51:29.523000;9c669737-ed0c-433c-84bb-c74b2b498af2;9.941;5.62831493;SELL
2016-03-20T17:51:42.000000;2016-03-20T17:51:42.253000;ec312818-173f-4ff8-9227-a637a265c5e8;9.941;44.97051886;SELL
2016-03-20T17:51:46.000000;2016-03-20T17:51:46.273000;443ffbd7-6f66-4bf2-a8a5-5e2d78c28a85;9.941;44.97051886;SELL
2016-03-20T17:51:52.000000;2016-03-20T17:51:52.340000;e80de492-aeaf-4763-851f-6e60a6d46407;9.941;44.97051886;SELL
2016-03-20T17:51:58.000000;2016-03-20T17:51:58.447000;7748fd14-1ac3-495b-a25c-d4ff90ba8f2f;9.941;44.97051886;SELL
2016-03-20T17:52:58.000000;2016-03-20T17:52:58.337000;096f61c1-b93d-49ec-b17b-6db85f5e2483;9.942;5.39479929;BUY
2016-03-20T17:52:58.000000;2016-03-20T17:52:58.350000;842194fe-81b1-47f4-b68e-b66bf94ab260;9.942;36.95238561;BUY
2016-03-20T17:53:24.000000;2016-03-20T17:53:24.523000;c1f01df8-886e-4b7d-807f-5767810f17f6;9.942;8.32635492;SELL
2016-03-20T17:53:24.000000;2016-03-20T17:53:24.540000;10c95ca5-5d1f-43d7-851f-90611321ed64;9.942;4.32646018;SELL
2016-03-20T17:53:24.000000;2016-03-20T17:53:24.550000;95161a83-5b02-4506-aeea-9122e8009370;9.941;24.12178129;SELL
2016-03-20T17:53:57.000000;2016-03-20T17:53:57.193000;b771f696-e61f-4789-8bbd-2159531eabbb;9.948;0.59925855;BUY
2016-03-20T17:53:57.000000;2016-03-20T17:53:57.203000;3aa5c6f1-2fb9-4c09-bb2c-9a5a7124c236;9.948;4.40074145;BUY
2016-03-20T17:54:12.000000;2016-03-20T17:54:12.750000;fc8ee1e9-ab29-4f66-87af-87dd0cc7a381;9.941;0.241893;SELL
2016-03-20T17:54:17.000000;2016-03-20T17:54:18.153000;c0b09a9e-c2c9-4b38-ab72-9b5deb31dfcc;9.948;0.19357406;BUY
2016-03-20T17:56:45.000000;2016-03-20T17:56:45.213000;0709134f-a160-45f6-98a5-d870b52e4562;9.9501;24.8591;SELL
2016-03-20T17:56:45.000000;2016-03-20T17:56:45.223000;2153e12b-ccf6-4d7b-babe-4db07431ac23;9.95;0.80642594;SELL
2016-03-20T17:56:45.000000;2016-03-20T17:56:45.223000;8a6f3610-1d36-43d4-85f3-20586b2f4897;9.95;6.10186244;SELL
2016-03-20T17:57:29.000000;2016-03-20T17:57:29.823000;084121dc-f3af-4a5e-8b87-c37fc269df58;9.9511;0.195;BUY
2016-03-20T17:58:08.000000;2016-03-20T17:58:08.167000;c7aa4642-eafe-4cde-b3f6-2584ab6cd565;9.95;28.89813756;SELL
2016-03-20T17:58:08.000000;2016-03-20T17:58:08.170000;195ee048-de80-4dd4-b504-73466c823212;9.95;2.8692507;SELL
2016-03-20T17:58:09.000000;2016-03-20T17:58:09.860000;4b0cb8e6-3ddd-4e36-89fa-7b5464965d8f;9.95;23.58260904;SELL
2016-03-20T18:00:21.000000;2016-03-20T18:00:21.700000;da24d676-6b60-45a0-b450-a4c4b14ba16d;9.972;0.7029658;BUY
2016-03-20T18:00:21.000000;2016-03-20T18:00:21.710000;ccdae18f-c593-4b50-a217-f7cff6f1edcc;9.972;5.38940449;BUY
2016-03-20T18:00:21.000000;2016-03-20T18:00:21.747000;c56e0a0a-91f6-4467-99fe-c4e4731b9252;9.972;14.74891734;BUY
2016-03-20T18:00:26.000000;2016-03-20T18:00:27.140000;40f83b7a-725e-423c-a72b-098ef9040e23;9.972;26.56985038;BUY
2016-03-20T18:01:17.000000;2016-03-20T18:01:17.503000;1c6b3506-9db0-4b7e-877a-3cde8fb4a080;9.972;29.09873051;SELL
2016-03-20T18:02:18.000000;2016-03-20T18:02:18.083000;c344fb3f-b48e-44bd-b390-ab7fa91efd90;9.972;1.23163831;SELL
2016-03-20T18:03:31.000000;2016-03-20T18:03:31.813000;599299dd-5153-4947-b0ab-28abe48cddd6;9.972;1.50227166;SELL
2016-03-20T18:03:35.000000;2016-03-20T18:03:35.480000;160aa181-f454-413a-8e22-855e310d864f;9.972;4.52827135;SELL
2016-03-20T18:03:35.000000;2016-03-20T18:03:35.777000;812fd6d9-f556-4479-a05c-b4e34c878833;9.972;9.45724298;SELL
2016-03-20T18:03:43.000000;2016-03-20T18:03:43.383000;f4c3c4cb-650a-4cbf-825e-a1377ca44473;9.972;8.96879119;SELL
2016-03-20T18:03:47.000000;2016-03-20T18:03:47.510000;58dcd8b8-e96c-4a88-b7ca-fa13b6676e32;9.972;31.76738826;SELL
2016-03-20T18:03:49.000000;2016-03-20T18:03:49.963000;a8f34ca0-ef39-4a63-8de7-6021f0eafbfd;9.972;4.10822258;SELL
2016-03-20T18:03:55.000000;2016-03-20T18:03:55.167000;74477378-1053-491d-b39f-71366464d1f1;9.972;31.76738826;SELL
2016-03-20T18:03:57.000000;2016-03-20T18:03:57.487000;f3073fe8-2583-4550-b476-da0004519f22;9.972;31.7660724;SELL
2016-03-20T18:04:00.000000;2016-03-20T18:04:00.410000;aa5df8fb-b0f1-4337-bcb4-06083a3c8c80;9.972;19.23413212;SELL
2016-03-20T18:04:00.000000;2016-03-20T18:04:00.423000;255d06c5-00e3-4473-8b71-6a6b9dc99717;9.97;12.53194018;SELL
2016-03-20T18:04:01.000000;2016-03-20T18:04:01.843000;3cc0d803-b08f-4634-a426-5a535a15f409;9.97;26.70675982;SELL
2016-03-20T18:04:01.000000;2016-03-20T18:04:01.847000;99ab5b37-1dc8-4ddf-8c52-26cb2aef1352;9.9089;5.63394888;SELL
2016-03-20T18:04:01.000000;2016-03-20T18:04:01.870000;4c30a542-2c59-4727-99f8-2cff938c19ae;9.9079;0.510771;SELL
2016-03-20T18:04:39.000000;2016-03-20T18:04:39.977000;16ec3d39-15b0-4ade-a523-115edf63ef5b;9.94;2.70737492;SELL
2016-03-20T18:04:39.000000;2016-03-20T18:04:40.023000;260aa1cd-31f6-42b9-96c8-cb2f87c670a6;9.94;2.263241;SELL
2016-03-20T18:04:40.000000;2016-03-20T18:04:40.607000;b62482b4-2e74-4eb8-9a87-c2157f9e07f0;9.94;5.02938408;SELL
2016-03-20T18:04:40.000000;2016-03-20T18:04:40.610000;22850a9a-a439-48a4-87f9-037a5bfc8ef2;9.9079;2.263241;SELL
2016-03-20T18:05:09.000000;2016-03-20T18:05:09.463000;96f37385-462b-4288-8d18-86ba44f92c4c;9.82;24.59189066;SELL
2016-03-20T18:05:09.000000;2016-03-20T18:05:09.743000;d90efc05-1e84-4bb4-a32a-d8726543d873;9.82;0.40810934;SELL
2016-03-20T18:05:56.000000;2016-03-20T18:05:56.673000;4a1d2d14-1e9a-4c34-9eb2-bcc005785a7c;9.76;10.0;SELL
2016-03-20T18:05:56.000000;2016-03-20T18:05:56.680000;9ce20732-c20a-43ac-8926-0749c9f029b4;9.7501;22.53145502;SELL
2016-03-20T18:06:45.000000;2016-03-20T18:06:45.720000;9834daa0-1142-45ae-8929-3c1d7e99616b;9.788;1.52162909;BUY
2016-03-20T18:06:45.000000;2016-03-20T18:06:45.730000;35772778-58ed-4f70-847c-4dc402f70dc0;9.789;0.47837091;BUY
2016-03-20T18:07:13.000000;2016-03-20T18:07:13.903000;7ab6a325-2368-4df8-950c-664bc71ade92;9.75;23.69139393;SELL
2016-03-20T18:08:44.000000;2016-03-20T18:08:44.537000;f2c3ce15-d3f3-4578-85ab-6e6851a91f08;9.75;76.30860607;SELL
2016-03-20T18:16:53.000000;2016-03-20T18:16:53.577000;eed32adc-c60a-45f8-865f-822d8390ddb0;9.67;12.4;SELL
2016-03-20T18:18:40.000000;2016-03-20T18:18:40.240000;a0cf447b-69d2-41d1-81e8-60443c94c812;9.67;7.6;SELL
2016-03-20T18:18:40.000000;2016-03-20T18:18:40.243000;00dbd11b-49f3-4264-bb40-c14ee22b9057;9.666;10.7808;SELL
2016-03-20T18:18:51.000000;2016-03-20T18:18:51.700000;7f784aa9-63ca-4542-a395-671fa200735a;9.67;0.1;BUY
2016-03-20T18:18:52.000000;2016-03-20T18:18:52.797000;679afa8d-5469-45e6-b9a7-a63f29c90c4e;9.67;0.1;BUY
2016-03-20T18:18:53.000000;2016-03-20T18:18:53.830000;d89bd68e-83f1-4197-98a0-a7b23c62a89e;9.67;0.1;BUY
2016-03-20T18:18:58.000000;2016-03-20T18:18:58.373000;19cbe85d-f5f2-42d8-92b6-5b1b488ba30d;9.67;0.1;BUY
2016-03-20T18:19:00.000000;2016-03-20T18:19:01.013000;760579db-a686-4e8e-a002-ee34e6096760;9.67;0.1;BUY
2016-03-20T18:19:14.000000;2016-03-20T18:19:14.257000;926a8129-e2ec-4ff5-9508-36e175675b4a;9.654;1.06;SELL
2016-03-20T18:19:23.000000;2016-03-20T18:19:23.793000;e21c4167-5f45-4b58-9342-7fca29e9f42d;9.592;0.2;SELL
2016-03-20T18:19:23.000000;2016-03-20T18:19:23.800000;026d70cc-1466-4c6d-8be9-ff48edf3864a;9.59;9.8905;SELL
2016-03-20T18:19:47.000000;2016-03-20T18:19:47.170000;7d0d4a45-48f6-4b83-b2db-08e1757b0ec5;9.59;7.79340221;SELL
2016-03-20T18:20:19.000000;2016-03-20T18:20:19.160000;1eae98d4-ac06-42d8-9ac7-0cb639a7d5f8;9.59;5.13948277;SELL
2016-03-20T18:20:22.000000;2016-03-20T18:20:22.283000;bdc8c39c-654f-4926-81a0-8ee4e13b26d6;9.59;25.96448565;SELL
2016-03-20T18:20:23.000000;2016-03-20T18:20:24.587000;5daba0a5-2847-4f1a-9f08-4f304756ddd3;9.59;5.18281506;SELL
2016-03-20T18:20:29.000000;2016-03-20T18:20:29.760000;b228df9d-71d8-49a3-97e2-b2c3b0413be7;9.59;2.97539004;SELL
2016-03-20T18:20:30.000000;2016-03-20T18:20:30.640000;29553b46-562a-448a-b9ef-88055af1319d;9.59;20.09196533;SELL
2016-03-20T18:20:34.000000;2016-03-20T18:20:34.707000;5a5cc235-1bfe-4b02-9770-bac694b109ee;9.59;4.98600242;SELL
2016-03-20T18:20:40.000000;2016-03-20T18:20:40.833000;3d16593b-7ea0-4d96-96b5-02f69f579e55;9.59;0.98319013;SELL
2016-03-20T18:20:42.000000;2016-03-20T18:20:42.207000;7cf478d8-23f1-41c3-8456-d709c7bc4d1a;9.59;8.60955661;SELL
2016-03-20T18:20:46.000000;2016-03-20T18:20:46.730000;2e6e3de8-5963-4df0-8f29-cfb5240384b0;9.59;7.30062428;SELL
2016-03-20T18:20:47.000000;2016-03-20T18:20:47.743000;2c6f3323-86a7-46cf-9a8b-f70e743e7db0;9.59;1.0825855;SELL
2016-03-20T18:20:52.000000;2016-03-20T18:20:52.073000;885e7c7c-f643-4dd9-979f-c4574b07c1d6;9.56;4.29635625;SELL
2016-03-20T18:21:07.000000;2016-03-20T18:21:08.537000;bc5776a7-9a19-4506-ba28-eb95083e1c89;9.56;6.39404375;SELL
2016-03-20T18:21:15.000000;2016-03-20T18:21:15.827000;74060926-1d7d-4bca-9fcb-f430d9872e77;9.559;8.38320978;BUY
2016-03-20T18:21:15.000000;2016-03-20T18:21:15.837000;e7c5dfd6-5d4f-40b7-8d79-5ec56280ec64;9.56;6.39404375;BUY
2016-03-20T18:21:15.000000;2016-03-20T18:21:15.837000;382c627f-8b3e-4a29-b6bf-b3443170db4c;9.584;51.68455491;BUY
2016-03-20T18:21:15.000000;2016-03-20T18:21:15.873000;3368fe1b-11ed-434e-870e-1f91937a0a48;9.59;0.90118844;BUY
2016-03-20T18:21:39.000000;2016-03-20T18:21:40.117000;a019fe61-a564-476b-9cc8-a860f3f1662d;9.59;6.39943584;BUY
2016-03-20T18:21:57.000000;2016-03-20T18:21:58.070000;e827e2b1-b94e-4497-b5b0-c857c94d95e1;9.592;6.39943584;SELL
2016-03-20T18:22:03.000000;2016-03-20T18:22:03.353000;bf00dbc0-7bbe-45c6-92b0-f3ed8b36e6b2;9.592;6.3;BUY
2016-03-20T18:22:11.000000;2016-03-20T18:22:11.610000;b690b595-021f-4565-9595-72c88051075b;9.56;1.0;SELL
2016-03-20T18:22:14.000000;2016-03-20T18:22:14.087000;69fca186-6f2c-47b2-aece-72d5897ee16b;9.56;33.62658397;SELL
2016-03-20T18:22:14.000000;2016-03-20T18:22:14.940000;8c29b115-b2db-4aaa-8135-ec2d6eca2bf9;9.56;8.63460318;SELL
2016-03-20T18:22:19.000000;2016-03-20T18:22:19.900000;d6560e72-82e8-4b07-8dae-55c0368b6020;9.56;4.31709196;SELL
2016-03-20T18:22:19.000000;2016-03-20T18:22:19.917000;a80f2fa9-9ff7-4547-be8e-2f6612ec6d38;9.56;4.31751122;SELL
2016-03-20T18:22:31.000000;2016-03-20T18:22:31.313000;0829d734-4b77-474a-ac1f-4d47f011a62c;9.56;9.49368426;SELL
2016-03-20T18:23:48.000000;2016-03-20T18:23:48.960000;f6ed99a7-c59e-47d5-a632-9208102df7b0;9.56;1.0;SELL
2016-03-20T18:23:53.000000;2016-03-20T18:23:54.253000;cab0208f-7801-4023-a549-bbaa6c33e48c;9.56;4.0;SELL
2016-03-20T18:24:10.000000;2016-03-20T18:24:10.873000;ddab9b35-5cf2-4a6f-9992-20ec59a004ec;9.56;3.61052541;SELL
2016-03-20T18:28:14.000000;2016-03-20T18:28:14.980000;2923064b-0d03-4897-afeb-cc9c7e5edd7f;9.559;6.39943584;BUY
2016-03-20T18:29:12.000000;2016-03-20T18:29:13.003000;7d245107-8cad-4a14-9032-968262684581;9.588;2.72071599;BUY
2016-03-20T18:29:20.000000;2016-03-20T18:29:20.773000;20929ac8-5a77-4a30-a365-6c23979b1183;9.588;3.67871985;BUY
2016-03-20T18:31:25.000000;2016-03-20T18:31:25.277000;1590b911-2479-476e-b404-69a405310524;9.654;0.104;BUY
2016-03-20T18:36:51.000000;2016-03-20T18:36:51.297000;93900061-e923-406d-813b-795470c29d19;9.654;0.95217982;BUY
2016-03-20T18:36:55.000000;2016-03-20T18:36:55.477000;9ba7d5ef-4b28-4478-aaae-8e17400897f1;9.654;0.00382018;BUY
2016-03-20T18:37:01.000000;2016-03-20T18:37:01.857000;8f203f29-4c47-4e54-b5c8-a9eb8bf31470;9.67;4.08;BUY
2016-03-20T18:38:02.000000;2016-03-20T18:38:02.687000;f81eb203-0b9b-4f94-95bd-07870f561dbf;9.67;0.40370531;BUY
2016-03-20T19:07:10.000000;2016-03-20T19:07:10.677000;bbbb07d3-0c1b-4d92-b212-14f2e563a5d5;9.7109;0.8;BUY
2016-03-20T19:07:19.000000;2016-03-20T19:07:19.480000;8eb3b8b9-2a66-48fc-adea-38a1ff376575;9.7109;0.1;BUY
2016-03-20T19:07:41.000000;2016-03-20T19:07:41.160000;14ce6ed6-f46e-4801-b2bf-503ad6c09bfe;9.7109;34.00610122;BUY
2016-03-20T19:07:41.000000;2016-03-20T19:07:41.887000;c3f565f8-89c7-4df6-98d2-16a2b4e1f559;9.7109;34.00610122;BUY
2016-03-20T19:07:50.000000;2016-03-20T19:07:50.233000;9f7910fc-c217-4319-b891-116759ecefc9;9.7102;1.1;SELL
2016-03-20T19:08:25.000000;2016-03-20T19:08:26.267000;7aa479a0-4504-4999-9624-a3534016cde1;9.7109;0.16156;BUY
2016-03-20T19:08:36.000000;2016-03-20T19:08:36.917000;50bdcb68-7224-4a7c-8c4f-7e508a31851a;9.7109;20.3;BUY
2016-03-20T19:10:06.000000;2016-03-20T19:10:06.670000;f07fdd73-aa85-4f5b-973e-daa950fb9859;9.7109;32.53908786;BUY
2016-03-20T19:19:49.000000;2016-03-20T19:19:49.217000;c48f2929-62f1-4697-9e58-eaff0069fbf7;9.8775;5.7928;BUY
2016-03-20T20:08:20.000000;2016-03-20T20:08:20.850000;3cb2e5ba-c026-441b-ad43-825d6802350b;9.93;0.99999985;BUY
2016-03-20T20:08:26.000000;2016-03-20T20:08:27.617000;1639d947-b62c-48d7-94af-df10ee5ef09e;9.9747;1.0;BUY
2016-03-20T20:08:32.000000;2016-03-20T20:08:32.433000;a7d4bf68-034f-47ae-b1f8-6d15fcfc65a5;9.9747;1.720716;BUY
2016-03-20T20:08:32.000000;2016-03-20T20:08:32.443000;62752e72-aade-4960-beb5-162a2b9e87b5;9.98;5.5684;BUY
2016-03-20T20:08:32.000000;2016-03-20T20:08:32.443000;d1d99c72-8bc4-4058-b3ed-a1351fbe5649;9.98;11.1;BUY
2016-03-20T20:09:00.000000;2016-03-20T20:09:00.417000;1ddbdb26-c71d-4c68-b994-54935fe256d2;9.99;9.0382254;BUY
2016-03-20T20:09:00.000000;2016-03-20T20:09:00.430000;16e2a761-1bc5-4bbf-85d6-0d070afa5bf5;9.99;39.49;BUY
2016-03-20T20:09:00.000000;2016-03-20T20:09:00.877000;9397c201-a8c0-43ed-8442-06bab2897a6d;9.99;10.51;BUY
2016-03-20T20:09:00.000000;2016-03-20T20:09:00.880000;ac282bcf-d149-4f3a-857c-3b91b6f3854c;10.0;0.75;BUY
2016-03-20T20:09:21.000000;2016-03-20T20:09:21.837000;0123a96f-2fcd-4f69-9024-06d0b458cb42;10.04;16.01601602;BUY
2016-03-20T20:09:23.000000;2016-03-20T20:09:23.430000;5476197e-83f4-477c-94fc-95c76aa8adf5;10.04;0.40846562;BUY
2016-03-20T20:09:24.000000;2016-03-20T20:09:25.053000;b9b7ce02-05a4-44a1-99ae-5b2fe625d4ff;10.04;0.40846562;BUY
2016-03-20T20:09:25.000000;2016-03-20T20:09:25.950000;b3e67f45-bb3e-400a-b687-4391048f238f;10.04;0.40846562;BUY
2016-03-20T20:09:26.000000;2016-03-20T20:09:26.977000;ec09816d-4141-4341-9a19-d2515bbba976;10.04;19.75858712;BUY
2016-03-20T20:09:35.000000;2016-03-20T20:09:35.360000;f8f2ea1b-a8fa-4376-9815-b7ba794afbb4;10.278;9.39631536;BUY
2016-03-20T20:10:09.000000;2016-03-20T20:10:09.930000;6dd46a71-e058-4ad3-867e-fd07373973d5;10.055;10.34288298;SELL
2016-03-20T20:10:36.000000;2016-03-20T20:10:36.043000;a3f46237-8ad2-453a-a48a-948b5e665d40;10.15;1.34696584;BUY
2016-03-20T20:11:07.000000;2016-03-20T20:11:07.037000;91921511-396f-4ee9-972d-824cbf77ac08;10.15;3.65303416;BUY
2016-03-20T20:11:20.000000;2016-03-20T20:11:20.410000;0c2edb0c-f71f-4467-bdb2-dfe033d27914;10.153;0.15484874;SELL
2016-03-20T20:14:03.000000;2016-03-20T20:14:03.140000;f05aff17-cb88-4408-8d6e-78bd827acb5b;10.162;3.64938113;SELL
2016-03-20T20:14:04.000000;2016-03-20T20:14:04.207000;01adea5a-6e6a-48dc-ad10-c6b9fb15be9b;10.162;0.00365303;SELL
2016-03-20T20:14:07.000000;2016-03-20T20:14:07.913000;51304cbc-644d-4c7e-8830-1f1ef2f4de8d;10.068;7.8935398;SELL
2016-03-20T20:14:07.000000;2016-03-20T20:14:07.927000;13328ac5-fcfd-4946-bc7f-f2018595be98;10.067;2.826332;SELL
2016-03-20T20:14:07.000000;2016-03-20T20:14:07.940000;928cee8c-fab0-4384-ac4a-1cc5e88c5e7e;10.067;10.615002;SELL
2016-03-20T20:14:07.000000;2016-03-20T20:14:07.967000;170b12c1-598e-4cc5-8c80-b039b9e30035;10.055;0.5005005;SELL
2016-03-20T20:14:07.000000;2016-03-20T20:14:07.967000;294a1810-c033-40d1-af54-12a8e635d23f;10.046;0.81693124;SELL
2016-03-20T20:14:07.000000;2016-03-20T20:14:07.967000;01ad4872-a2ca-4782-9a91-4fb5ed2d71cd;9.946;19.64063964;SELL
2016-03-20T20:24:27.000000;2016-03-20T20:24:27.993000;8b050312-b060-4587-aa77-f77c5ff1f99e;9.99;1.30973554;SELL
2016-03-20T20:30:23.000000;2016-03-20T20:30:23.173000;6ed55885-753f-4e29-b7af-d44420da44e4;10.129;3.6457281;BUY
2016-03-20T20:32:45.000000;2016-03-20T20:32:45.423000;43c6fa7f-92be-4c5d-9a00-bf8f21ab1ae4;10.093;1.0;SELL
2016-03-20T20:37:17.000000;2016-03-20T20:37:17.263000;59d8cf3b-a39d-4f7f-8cff-a85f84aab3c7;10.189;0.4240826;BUY
2016-03-20T20:39:41.000000;2016-03-20T20:39:42.627000;81f7fb48-99d7-4e6f-ae35-0daf8cb02dd2;10.097;19.73426848;SELL
2016-03-20T20:41:35.000000;2016-03-20T20:41:35.870000;edef4cc5-4623-4edc-a880-9df8416801ff;10.091;0.621;SELL
2016-03-20T20:44:45.000000;2016-03-20T20:44:45.373000;45105f8f-c660-4f71-b844-f9e74d69c182;10.089;0.8;BUY
2016-03-20T20:44:45.000000;2016-03-20T20:44:45.387000;2ce74b2c-9a5a-46e6-a91b-e9b240cc7c5c;10.09;3.1999997;BUY
2016-03-20T20:44:54.000000;2016-03-20T20:44:54.570000;b8ef475a-c8a6-4b0d-89d0-d295152cddf1;10.09;0.80000014;BUY
2016-03-20T20:46:49.000000;2016-03-20T20:46:49.320000;6aecabbc-93c8-42ce-bf4c-d1411144281c;10.04;2.2;SELL
2016-03-20T20:46:49.000000;2016-03-20T20:46:49.337000;aa0b5783-ffad-438f-a239-8e5750ed7a64;9.977;1.0;SELL
2016-03-20T20:46:49.000000;2016-03-20T20:46:49.340000;9aa4ac4e-927f-4da6-880d-a7087efd42ab;9.977;5.59679921;SELL
2016-03-20T20:49:13.000000;2016-03-20T20:49:13.480000;bd550583-d064-4d86-a1ea-c9fb054b3ac0;10.06;2.33;BUY
2016-03-20T20:49:28.000000;2016-03-20T20:49:28.360000;539a461c-3a56-4af3-b366-25d95e4dff9d;10.09;4.0;BUY
2016-03-20T20:49:28.000000;2016-03-20T20:49:28.360000;b6b3cd0f-8f3f-44ed-85ba-278dcd6ae326;10.09;45.0;BUY
2016-03-20T20:49:37.000000;2016-03-20T20:49:37.310000;d5688003-0046-4a95-baf6-536a41bce0ed;10.127;82.015367;BUY
2016-03-20T20:49:37.000000;2016-03-20T20:49:37.320000;9a7ce07d-2e3d-482e-8c93-e276c8583041;10.127;7.280264;BUY
2016-03-20T20:49:38.000000;2016-03-20T20:49:38.173000;36b75e20-abf8-41ea-b631-88c9732f2e42;10.127;110.704369;SELL
2016-03-20T20:51:21.000000;2016-03-20T20:51:21.463000;5aec6bec-8585-4e74-8571-8ac5b9fdb6df;10.13;2.33;BUY
2016-03-20T20:52:29.000000;2016-03-20T20:52:29.790000;6f82a588-a74d-4f15-b3af-1aa225ceb2b9;10.091;2.33;SELL
2016-03-20T20:54:34.000000;2016-03-20T20:54:34.983000;a16661e8-6bac-4d17-b4a7-eb8a1d142405;10.05;1.3;SELL
2016-03-20T20:54:57.000000;2016-03-20T20:54:57.197000;d565ee98-f097-482c-9850-155a718d0ee6;10.05;1.03;BUY
2016-03-20T21:04:15.000000;2016-03-20T21:04:15.107000;f3fe263a-bfa6-4f6f-a969-85bcc418358c;10.15;0.944;BUY
2016-03-20T21:04:15.000000;2016-03-20T21:04:15.123000;d880ca10-8dca-4292-8102-db6428826122;10.15;0.31830847;BUY
2016-03-20T21:04:17.000000;2016-03-20T21:04:17.380000;706a4ea6-1e67-4fee-9e20-c2c505b65d5d;10.18;2.675768;BUY
2016-03-20T21:04:17.000000;2016-03-20T21:04:17.390000;b5067043-56d5-45e5-b196-5e39c2cf6171;10.18;45.84642204;BUY
2016-03-20T21:04:17.000000;2016-03-20T21:04:17.517000;f7571cbc-7cc5-4cd4-8911-d5cacab094db;10.18;8.65090707;BUY
2016-03-20T21:04:18.000000;2016-03-20T21:04:18.073000;f534fcca-c04c-4941-bfa8-cda353d5a871;10.18;48.52219004;BUY
2016-03-20T21:04:20.000000;2016-03-20T21:04:20.227000;24a29340-b071-472e-95aa-925244fb1946;10.18;33.28078441;BUY
2016-03-20T21:05:10.000000;2016-03-20T21:05:10.423000;73ad6501-5bf9-4754-8f42-ce19915df797;10.249;1.3;BUY
2016-03-20T21:05:10.000000;2016-03-20T21:05:10.433000;764d92b9-588d-42c2-a4e1-3bc2db10640f;10.249;48.33103426;BUY
2016-03-20T21:05:10.000000;2016-03-20T21:05:10.443000;661c03d8-a96e-46fd-951b-9485208724c2;10.25;5.0;BUY
2016-03-20T21:05:10.000000;2016-03-20T21:05:10.473000;58ddb605-b447-49c4-ac2d-e32353a18133;10.275;2.647741;BUY
2016-03-20T21:05:10.000000;2016-03-20T21:05:10.473000;6e51a80f-049b-409c-a058-4deda042592d;10.296;117.73192474;BUY
2016-03-20T21:05:22.000000;2016-03-20T21:05:22.930000;ae06acf3-a2cd-4939-8760-38427b2472e9;10.296;0.2713;BUY
2016-03-20T21:07:08.000000;2016-03-20T21:07:08.737000;6eb2d93c-ec5a-4eb6-a1fe-a0b37a384f79;10.3;88.83789125;BUY
2016-03-20T21:07:08.000000;2016-03-20T21:07:08.793000;11c506a0-fc87-46dd-92c7-b72e22ab1d72;10.3;11.16210875;BUY
2016-03-20T21:07:09.000000;2016-03-20T21:07:09.487000;2c73cb56-22f4-46c6-8bbe-c55777f40832;10.307;9.19717602;BUY
2016-03-20T21:07:09.000000;2016-03-20T21:07:09.487000;b02afc50-e9dd-4ee5-989e-65da43a8b5a9;10.307;1.19963174;BUY
2016-03-20T21:07:09.000000;2016-03-20T21:07:09.853000;deb6fc2f-368e-4ef2-9f3c-1401b01520a1;10.307;2.08591024;BUY
2016-03-20T21:07:09.000000;2016-03-20T21:07:09.853000;34f60d03-cc54-4e6b-ba20-87fa216974c0;10.309;4.77730947;BUY
2016-03-20T21:07:09.000000;2016-03-20T21:07:09.903000;3ef92155-7097-438e-8ff0-14104fa9d8de;10.309;52.61842246;BUY
2016-03-20T21:07:09.000000;2016-03-20T21:07:09.923000;1d48d291-9518-4ca7-9818-1e3c147e03f6;10.309;0.42544228;BUY
2016-03-20T21:07:10.000000;2016-03-20T21:07:10.377000;b0ff5404-6313-4c26-9fbf-ea4cafd44da4;10.309;0.89520257;BUY
2016-03-20T21:07:12.000000;2016-03-20T21:07:12.997000;445b4a3d-b99b-4593-a29d-b0774f0582f4;10.309;2.57533967;BUY
2016-03-20T21:26:07.000000;2016-03-20T21:26:07.887000;dd25abae-8fb2-4c68-bbf4-58d72c04c596;10.332;2.64127672;BUY
2016-03-20T21:31:09.000000;2016-03-20T21:31:09.287000;1528e966-fced-4369-9b6b-e3707fe3cb7c;10.35;0.9262;BUY
2016-03-20T21:39:59.000000;2016-03-20T21:39:59.283000;08def575-f6e9-45ba-a617-a5a67ea75808;10.2;1.0;SELL
2016-03-20T21:40:25.000000;2016-03-20T21:40:25.313000;e535b05b-8a00-4ccb-bfa0-a874dab2f176;10.2;1.0;SELL
2016-03-20T21:49:37.000000;2016-03-20T21:49:37.670000;42b34b0f-a665-4cc1-85b3-f3870ba19bab;10.21;0.55692462;BUY
2016-03-20T21:49:37.000000;2016-03-20T21:49:37.677000;0dac3017-6649-4807-b307-141e595cd600;10.21;0.20148895;BUY
2016-03-20T22:02:13.000000;2016-03-20T22:02:14.033000;361564f8-ede4-4749-af3a-d62a0995eb6c;10.3;0.95098462;BUY
2016-03-20T22:04:31.000000;2016-03-20T22:04:31.937000;862939a4-4173-4b50-8d92-c2f4470f879d;10.3;0.00381538;BUY
2016-03-20T22:04:31.000000;2016-03-20T22:04:31.943000;95f554cb-1edb-481e-82f3-0bb1f9b7fa19;10.3;7.10243713;BUY
2016-03-20T22:05:32.000000;2016-03-20T22:05:32.523000;0cc6fdb7-ef6e-4707-865b-efbaf7a1006f;10.3;9.34379407;BUY
2016-03-20T22:12:33.000000;2016-03-20T22:12:33.610000;3d42b7d2-52c5-4861-b5c2-39cb4d9bfa35;10.249;1.6797064;BUY
2016-03-20T22:21:36.000000;2016-03-20T22:21:36.240000;100dcce4-b022-4c40-89d6-c297dbc3c30f;10.2;1.0;SELL
2016-03-20T22:21:49.000000;2016-03-20T22:21:50.203000;c41140c9-3671-468b-8fa6-9b337569cf02;10.2;0.48758034;SELL
2016-03-20T22:22:02.000000;2016-03-20T22:22:02.533000;d4e2b4ea-1a69-419b-8211-4dd4370753a2;10.2;0.51241966;BUY
2016-03-20T22:29:08.000000;2016-03-20T22:29:08.413000;d8cc7770-dc8c-49f8-b1e7-721d7473025b;10.176;1.0;BUY
2016-03-20T22:29:10.000000;2016-03-20T22:29:10.943000;744cf80d-5a15-4082-a040-16f768c448b6;10.178;1.0;SELL
2016-03-20T22:29:32.000000;2016-03-20T22:29:32.217000;f71969f3-c2da-4130-8e72-d30566e56165;10.177;1.0;SELL
2016-03-20T22:29:50.000000;2016-03-20T22:29:50.470000;6f2287f2-e476-48b0-81b7-6376eae4c801;10.177;0.690674;SELL
2016-03-20T22:30:32.000000;2016-03-20T22:30:32.843000;9aa29006-242d-460a-bd31-f99f7f18500c;10.15;1.0;SELL
2016-03-20T22:30:47.000000;2016-03-20T22:30:47.673000;9a395748-422a-4e08-a7a4-19442d95a0de;10.15;0.25726429;SELL
2016-03-20T22:32:31.000000;2016-03-20T22:32:31.933000;5f435520-05bc-4096-8f00-d648e6861c45;10.121;1.0;SELL
2016-03-20T22:32:49.000000;2016-03-20T22:32:49.467000;4c0ee693-8ff3-4593-9a53-5f86f2c1af21;10.124;1.0;SELL
2016-03-20T22:41:42.000000;2016-03-20T22:41:42.417000;1e6b12c2-2391-4d3f-91a1-07016861326f;10.058;2.661288;SELL
2016-03-20T22:54:32.000000;2016-03-20T22:54:32.410000;cef8822f-1873-407b-8c35-b0a287616af7;10.119;48.6832;BUY
2016-03-20T22:58:31.000000;2016-03-20T22:58:31.660000;4a80c33e-9e42-4e1d-9beb-1634fa4d145c;10.07;1.0;SELL
2016-03-20T22:58:48.000000;2016-03-20T22:58:48.807000;45307de7-c934-46fc-a583-983e6de69808;10.07;1.0;SELL
2016-03-20T23:02:04.000000;2016-03-20T23:02:04.587000;5e1b252a-43ac-4494-abd9-3abdd1fc823f;10.136;2.3;BUY
2016-03-20T23:05:48.000000;2016-03-20T23:05:48.700000;b192cda8-ad82-416d-97ed-bc1b7e98b2bd;10.07;1.0;SELL
2016-03-20T23:07:26.000000;2016-03-20T23:07:26.543000;16efe6b5-4b34-4d43-84af-84700c5b39f0;10.07;1.0;SELL
2016-03-20T23:07:34.000000;2016-03-20T23:07:34.847000;97a49567-05b1-4bfc-9837-477476bba131;10.07;1.0;SELL
2016-03-20T23:07:48.000000;2016-03-20T23:07:48.350000;c61dbf0a-639c-432e-bfb6-2624e8072f96;10.07;1.0;SELL
2016-03-20T23:07:57.000000;2016-03-20T23:07:57.647000;a103d33f-5773-4bb8-a9a6-0e5ab422097b;10.07;1.0;SELL
2016-03-20T23:08:32.000000;2016-03-20T23:08:32.857000;6778f74c-878e-4e20-9a0a-f1a7d0c77e68;10.07;1.0;SELL
2016-03-20T23:08:57.000000;2016-03-20T23:08:58.013000;8cbcb6e9-d01e-480a-85ef-9456241efd9d;10.071;1.0;BUY
2016-03-20T23:23:58.000000;2016-03-20T23:23:59.010000;5aa5eb75-493b-4c76-9a3b-667add634b76;10.106;11.0059;BUY
2016-03-20T23:26:34.000000;2016-03-20T23:26:34.497000;47366e49-2568-45f3-9dff-775e0749e79c;10.106;38.2708;BUY
2016-03-20T23:28:30.000000;2016-03-20T23:28:31.367000;58767a0f-6df1-4e56-9452-39274c6baba9;10.15;0.74273571;BUY
2016-03-20T23:28:30.000000;2016-03-20T23:28:31.377000;1fe1bd16-c75a-4c04-be64-e71efbde61c0;10.175;6.38356631;BUY
2016-03-20T23:30:55.000000;2016-03-20T23:30:55.380000;acc26d23-3574-4796-9abb-4ff5a0f50eb9;10.177;0.309326;BUY
2016-03-20T23:30:55.000000;2016-03-20T23:30:55.403000;ced9013c-c1c5-4144-be53-35fae3aedcf9;10.177;19.336974;BUY
2016-03-20T23:44:38.000000;2016-03-20T23:44:38.473000;db3138e8-a6e9-4832-bb47-65cbbbe1d85c;10.234;2.647741;BUY
2016-03-20T23:46:28.000000;2016-03-20T23:46:28.243000;6d28fa88-16e8-4c25-8511-484ac559ad8b;10.3;3.5537688;BUY
2016-03-20T23:53:49.000000;2016-03-20T23:53:49.083000;dabe8bc7-3206-4b1e-a1fb-4aba6af70978;10.297;32.11053264;SELL
2016-03-20T23:57:12.000000;2016-03-20T23:57:12.467000;a9e25345-aa20-4b8f-9ce9-38781346b97e;10.268;1.74999211;SELL
