time_exchange;time_coinpai;guid;price;base_amount;taker_side
2016-03-20T00:03:31.430000;2016-03-20T00:03:31.453000;1aba55bc-7619-4c68-9702-86b77896b137;410.09;0.20782698;SELL
2016-03-20T00:03:31.430000;2016-03-20T00:03:31.470000;323f1f2e-1129-49ac-b449-c2676599ca4d;410.08;0.11;SELL
2016-03-20T00:03:31.430000;2016-03-20T00:03:31.470000;011d85be-22e5-4c7f-898f-12ea3478fff4;410.07;0.01;SELL
2016-03-20T00:03:31.430000;2016-03-20T00:03:31.470000;c3948002-8cd0-4a1e-9796-8719655bb999;410.05;0.15;SELL
2016-03-20T00:03:31.430000;2016-03-20T00:03:31.500000;a050d54e-9d71-4a7b-8f16-5f2d21f1f75b;410.03;0.08;SELL
2016-03-20T00:03:31.430000;2016-03-20T00:03:31.500000;8689347f-8bc2-403e-b38f-4aed7fc2b71e;410.02;0.115;SELL
2016-03-20T00:03:31.430000;2016-03-20T00:03:31.563000;ea3c63d7-a20d-40f6-82c7-4a4da5a0174e;410.0;0.20782698;SELL
2016-03-20T00:03:31.430000;2016-03-20T00:03:31.563000;677e0f92-ded8-40f9-b936-ba6ce7542b1c;409.97;0.117;SELL
2016-03-20T00:03:31.430000;2016-03-20T00:03:31.563000;a6aa5b9d-ab3d-4b95-a59b-4a662529ac5e;409.97;0.05;SELL
2016-03-20T00:03:31.430000;2016-03-20T00:03:31.563000;da80b26c-cd99-4996-aa7d-92a2ce586ba5;409.96;1.0;SELL
2016-03-20T00:03:31.430000;2016-03-20T00:03:31.563000;02bbd4a7-1455-4cd2-b7ea-67d5da0daaf8;409.95;0.01;SELL
2016-03-20T00:03:31.430000;2016-03-20T00:03:31.563000;bdce3a44-5059-4b69-a483-31a74d20e8a5;409.95;0.02;SELL
2016-03-20T00:03:31.433000;2016-03-20T00:03:31.563000;13a08b8e-735d-4dfd-b46b-02e28d4c3ae0;409.95;0.7;SELL
2016-03-20T00:03:31.433000;2016-03-20T00:03:31.563000;953f5f47-fa1b-40a1-8bb6-d3847ec00faf;409.92;0.12692604;SELL
2016-03-20T00:04:02.347000;2016-03-20T00:04:02.377000;cac46a45-5006-49ee-8a9d-ad70095bb738;410.02;0.05;BUY
2016-03-20T00:04:02.347000;2016-03-20T00:04:02.390000;cb71e18d-3049-4750-b74b-f8e34b01fe67;410.05;2.16465;BUY
2016-03-20T00:04:31.767000;2016-03-20T00:04:31.780000;e8dc7ca6-3820-452e-acb5-2eca2163347e;410.0;0.01;BUY
2016-03-20T00:04:31.767000;2016-03-20T00:04:31.813000;f8756277-8c2a-4fe2-8b19-281ea785fbd8;410.0;0.03708;BUY
2016-03-20T00:05:31.267000;2016-03-20T00:05:31.323000;2fcac8d1-7a32-4242-880d-a2fab5d8b121;410.0;0.01292;BUY
2016-03-20T00:05:31.267000;2016-03-20T00:05:31.357000;94cb260b-a367-4cda-90f5-89fbf398d2db;410.05;0.42;BUY
2016-03-20T00:05:31.267000;2016-03-20T00:05:31.357000;956b35e4-b46d-4eb0-a1b7-9b9ec326108c;410.06;0.303;BUY
2016-03-20T00:05:31.267000;2016-03-20T00:05:31.357000;c0d60701-5126-48bc-84cb-694ca83e4f8b;410.07;1.0;BUY
2016-03-20T00:05:31.267000;2016-03-20T00:05:31.357000;1b8dbd39-e342-4048-8b01-f32f6af064d7;410.08;0.321;BUY
2016-03-20T00:05:31.267000;2016-03-20T00:05:31.417000;84448234-2480-4a3e-b0cb-2139c69f5c6c;410.08;0.05;BUY
2016-03-20T00:05:31.267000;2016-03-20T00:05:31.417000;9810a36d-c2d9-49bb-aeff-cf22f8af9d35;410.08;0.45248;BUY
2016-03-20T00:06:01.677000;2016-03-20T00:06:01.777000;86eaec25-7dbf-4bfe-962a-2e4e063be9d9;410.0;0.24159;BUY
2016-03-20T00:06:01.680000;2016-03-20T00:06:01.777000;568bfee0-b140-4b14-bee0-3c8170aa47d4;410.05;0.282;BUY
2016-03-20T00:06:01.680000;2016-03-20T00:06:01.777000;70ba1f58-cbc6-4eb7-8ebd-a077c1678474;410.1;0.01;BUY
2016-03-20T00:06:01.680000;2016-03-20T00:06:01.777000;5db58555-4593-41c6-bc5d-1af6f945973f;410.11;0.02;BUY
2016-03-20T00:06:01.680000;2016-03-20T00:06:01.777000;614e7d8d-3d65-48f7-8fbe-81e99dbc188e;410.12;0.36702537;BUY
2016-03-20T00:06:01.680000;2016-03-20T00:06:01.777000;16bde8fa-e092-4e99-84f4-ae40283d2f0d;410.12;0.05;BUY
2016-03-20T00:06:01.680000;2016-03-20T00:06:01.777000;c3c08415-8d2e-4f59-b28f-31254282ce38;410.13;1.36659463;BUY
2016-03-20T00:06:31.527000;2016-03-20T00:06:31.607000;face1191-2d14-4c58-acbb-bbb62d9b2104;410.09;0.156;BUY
2016-03-20T00:06:31.527000;2016-03-20T00:06:31.607000;67237f6f-9806-4ded-b354-8b33ee786daf;410.15;0.45705;BUY
2016-03-20T00:06:43.930000;2016-03-20T00:06:43.980000;54cf35f4-5fd4-4345-b02c-8365759baf5b;410.16;0.0162;BUY
2016-03-20T00:07:01.340000;2016-03-20T00:07:01.403000;928252bb-60f1-485f-a1c7-3113a6bd7aca;410.14;0.01;SELL
2016-03-20T00:07:01.340000;2016-03-20T00:07:01.417000;94a35dbb-ef13-4a5e-9a16-5273e090879a;409.96;0.11634;SELL
2016-03-20T00:07:23.957000;2016-03-20T00:07:24.027000;74e3939e-505e-459f-acf2-0558ea4da00f;409.98;0.04775;SELL
2016-03-20T00:08:13.737000;2016-03-20T00:08:13.793000;6ebc789c-114b-4c3a-a2ea-6bfbc3c04aff;410.14;0.121;BUY
2016-03-20T00:08:13.737000;2016-03-20T00:08:13.810000;5bfde9f8-19f0-4e98-8727-3b2c1b0a57e4;410.18;0.01;BUY
2016-03-20T00:08:13.737000;2016-03-20T00:08:13.810000;87a3820b-5573-4f33-a782-35f619e7fcf0;410.2;0.01;BUY
2016-03-20T00:08:13.737000;2016-03-20T00:08:13.810000;8dde7da1-dd43-4f8a-b030-a6369dd0fd60;410.2;0.02;BUY
2016-03-20T00:08:13.737000;2016-03-20T00:08:13.823000;c0686632-d64d-4649-a34a-25c7362d1940;410.2;0.02;BUY
2016-03-20T00:08:13.737000;2016-03-20T00:08:13.823000;8aa6a292-3467-4d5e-b584-b11962367a3c;410.2;0.02;BUY
2016-03-20T00:08:13.737000;2016-03-20T00:08:13.823000;508cbb58-aa98-4d4d-9760-e958287032cb;410.2;0.02;BUY
2016-03-20T00:08:13.737000;2016-03-20T00:08:13.823000;95948d70-9bfe-4ee2-ac0d-85de0e812d42;410.2;0.0142;BUY
2016-03-20T00:08:13.750000;2016-03-20T00:08:13.823000;9c7e5602-c6c3-4199-b823-f62edc7fbb57;410.2;0.0058;BUY
2016-03-20T00:08:13.750000;2016-03-20T00:08:13.840000;b9403789-b424-4b2d-bde1-d89778461be5;410.23;0.099;BUY
2016-03-20T00:08:53.440000;2016-03-20T00:08:53.497000;277a48da-e3d7-459f-908c-5f99a3138c74;410.22;0.01;SELL
2016-03-20T00:08:53.440000;2016-03-20T00:08:53.497000;c5561dc9-f293-4f62-b878-7bc23ec63443;410.2;0.0115;SELL
2016-03-20T00:09:01.383000;2016-03-20T00:09:01.433000;2e58328e-6454-43ce-a24e-8c5e05111f8b;410.23;0.001;BUY
2016-03-20T00:09:01.383000;2016-03-20T00:09:01.450000;5be77ab7-8f03-47d4-8873-59cc98e93cdb;410.25;0.273;BUY
2016-03-20T00:09:01.383000;2016-03-20T00:09:01.450000;542d974b-df52-4646-b250-d0ee1db126d7;410.3;0.267;BUY
2016-03-20T00:09:01.383000;2016-03-20T00:09:01.450000;f45da751-fec5-4b53-8862-f10b1bec4f39;410.3;0.01;BUY
2016-03-20T00:09:01.383000;2016-03-20T00:09:01.450000;f68a92ec-4e0d-4d50-bdb3-15743d6648db;410.35;0.279;BUY
2016-03-20T00:09:01.383000;2016-03-20T00:09:01.450000;c1ddef1f-583f-4297-b730-9c3bd352ee1e;410.37;0.52492;BUY
2016-03-20T00:09:31.803000;2016-03-20T00:09:31.857000;28b1ac5a-7ef5-4c9f-bd2e-d4ee12ec04c1;410.4;0.3;BUY
2016-03-20T00:09:31.803000;2016-03-20T00:09:31.887000;6b02ffbd-df8d-4875-b578-3d5c6929ba57;410.45;0.17707;BUY
2016-03-20T00:09:34.640000;2016-03-20T00:09:34.700000;1168c29b-bbe5-472a-8a50-272800f93423;410.27;0.05;SELL
2016-03-20T00:09:34.653000;2016-03-20T00:09:34.730000;f5b0e3bf-726b-4e0c-b854-7d92a16441ab;410.23;0.022;BUY
2016-03-20T00:10:02.597000;2016-03-20T00:10:02.653000;cc78266b-f4fd-4b06-81f4-f6cb39bb6315;410.5;0.1;BUY
2016-03-20T00:10:16.783000;2016-03-20T00:10:16.840000;8710445a-ad45-4b3d-a1f8-74811259e3d9;410.3;0.05;SELL
2016-03-20T00:10:16.783000;2016-03-20T00:10:16.840000;9f0a0c7e-a57d-40a3-8735-d9d24068a57d;410.3;0.069;SELL
2016-03-20T00:10:33.100000;2016-03-20T00:10:33.153000;54dcb550-7a91-47ab-8831-82b73fa2baf7;410.5;0.01;BUY
2016-03-20T00:10:33.100000;2016-03-20T00:10:33.167000;7862ee86-6333-4e6b-966c-0ccad049eb84;410.52;0.21168;BUY
2016-03-20T00:10:35.780000;2016-03-20T00:10:35.857000;cff12e99-edd4-4f14-b6b3-b75003e083cb;410.53;0.01;BUY
2016-03-20T00:10:35.780000;2016-03-20T00:10:35.857000;191d11d2-812c-443a-ab9f-750dca33b853;410.55;0.13;BUY
2016-03-20T00:10:35.783000;2016-03-20T00:10:35.857000;0aed42d0-9f80-49d5-99f9-4c527e2865a5;410.55;0.285;BUY
2016-03-20T00:10:35.783000;2016-03-20T00:10:35.857000;7d91da58-487f-45e3-9009-0cd839ddf6ef;410.56;0.01;BUY
2016-03-20T00:10:35.783000;2016-03-20T00:10:35.857000;be0b2dbf-c276-41e0-9d43-7445fdc49d89;410.57;0.02;BUY
2016-03-20T00:10:35.783000;2016-03-20T00:10:35.870000;5d9dae82-5528-402e-8ec0-1d7993a75212;410.58;2.634;BUY
2016-03-20T00:11:00.737000;2016-03-20T00:11:00.793000;7b1ba1c7-a396-4b03-b482-21b1d5f11c90;410.6;0.294;BUY
2016-03-20T00:11:00.737000;2016-03-20T00:11:00.810000;88038dee-bf2f-4b62-aa3c-ba08ba35d3f7;410.65;0.29;BUY
2016-03-20T00:11:00.737000;2016-03-20T00:11:00.810000;5018b29c-1242-4ba4-92bf-00f065f539c6;410.66;0.19;BUY
2016-03-20T00:11:00.737000;2016-03-20T00:11:00.810000;41262ce0-faa7-439d-8716-a7d042b79e3d;410.7;0.212;BUY
2016-03-20T00:11:00.737000;2016-03-20T00:11:00.810000;fbc619df-4e95-4299-b8f3-5f89a0622b47;410.73;0.89446;BUY
2016-03-20T00:11:01.830000;2016-03-20T00:11:01.887000;155c4fd0-b3a5-4535-9748-531b07e8afb4;410.58;0.128;SELL
2016-03-20T00:11:28.270000;2016-03-20T00:11:28.323000;94370ba2-4e80-4179-8eb8-d655c6dbe66d;410.74;0.01;BUY
2016-03-20T00:11:28.273000;2016-03-20T00:11:28.340000;01ab5f0e-d370-4577-8db2-4c75bac94de2;410.75;0.065;BUY
2016-03-20T00:11:30.993000;2016-03-20T00:11:31.043000;b5acb990-efdb-49fd-a216-caa38896c43c;410.75;0.01646131;BUY
2016-03-20T00:11:30.997000;2016-03-20T00:11:31.060000;55332230-9372-4c4f-85dc-d73f38b2fd3c;410.77;0.235;BUY
2016-03-20T00:11:30.997000;2016-03-20T00:11:31.060000;ba92e04e-00f7-45f5-8db0-b8c57754c4a7;410.79;0.1332377;BUY
2016-03-20T00:11:30.997000;2016-03-20T00:11:31.060000;fd240122-76fa-4eee-abb9-78155f19a02c;410.8;0.44905963;BUY
2016-03-20T00:11:30.997000;2016-03-20T00:11:31.060000;6966be8c-7740-4495-987d-d216a605f488;410.8;0.117;BUY
2016-03-20T00:11:30.997000;2016-03-20T00:11:31.060000;8d7223c4-166f-4419-a429-c149c6a75cd5;410.8;0.2407;BUY
2016-03-20T00:11:30.997000;2016-03-20T00:11:31.073000;9e937025-7ca2-46fa-903c-2f1fdc9326ac;410.8;0.01;BUY
2016-03-20T00:11:30.997000;2016-03-20T00:11:31.073000;f0fceb14-aef0-4cbf-b91f-b731bd072010;410.81;1.0;BUY
2016-03-20T00:11:30.997000;2016-03-20T00:11:31.073000;fef858b0-04da-4b2a-9d6a-48c404b725fa;410.82;2.29509136;BUY
2016-03-20T00:11:47.657000;2016-03-20T00:11:47.713000;734e06ff-ede8-441a-b84b-12fc37074c8c;410.82;0.55;BUY
2016-03-20T00:12:00.167000;2016-03-20T00:12:00.213000;4785df3f-ef8e-4157-8a74-35030cd10a48;410.59;0.05;SELL
2016-03-20T00:12:00.167000;2016-03-20T00:12:00.230000;afd32a69-1b3d-43ad-9ead-5e131e0fb46d;410.58;0.06;SELL
2016-03-20T00:12:00.867000;2016-03-20T00:12:00.917000;c1276c8f-c315-4fda-86a7-52fed42b5493;410.82;0.05678;BUY
2016-03-20T00:13:00.707000;2016-03-20T00:13:00.763000;7820dbdb-09d7-4c4a-bb42-44e112d49804;410.83;0.01;BUY
2016-03-20T00:13:00.707000;2016-03-20T00:13:00.763000;b1e8f9e2-d786-4983-8c48-bddf85b73da5;410.85;0.108;BUY
2016-03-20T00:13:00.707000;2016-03-20T00:13:00.777000;5d13282b-dbe2-4b40-ad1a-d3211f8a3031;410.85;0.02;BUY
2016-03-20T00:13:00.707000;2016-03-20T00:13:00.777000;0a38b002-d630-4790-95ca-40f0671bf292;410.86;0.10298;BUY
2016-03-20T00:13:16.623000;2016-03-20T00:13:16.683000;8e712c0e-bc76-424c-a67f-1a9969791ac2;410.87;0.14;BUY
2016-03-20T00:13:16.627000;2016-03-20T00:13:16.683000;e9fda0ae-15d2-420d-82cb-38b7414db315;410.89;1.36;BUY
2016-03-20T00:13:16.717000;2016-03-20T00:13:16.763000;88932c8c-076e-493a-b733-dfe926e9e1cc;410.65;0.0115;SELL
2016-03-20T00:13:16.720000;2016-03-20T00:13:16.763000;436ad230-9f30-4ee6-954d-0f17be825c3e;410.65;0.05;SELL
2016-03-20T00:13:16.720000;2016-03-20T00:13:16.777000;a0ca9e83-2a8b-43d7-a1ee-19801732bcad;410.6;0.0605;SELL
2016-03-20T00:13:31.120000;2016-03-20T00:13:31.167000;7c5799bc-9e97-4fc9-8be4-f969495c7b56;410.67;0.02678;SELL
2016-03-20T00:13:37.777000;2016-03-20T00:13:37.823000;c30bba79-8565-4a43-ae3d-78a6cd3dc400;410.9;0.25;BUY
2016-03-20T00:13:37.777000;2016-03-20T00:13:37.840000;68ce0912-88d9-4ada-9273-1ad67a8b331d;410.9;0.47828394;BUY
2016-03-20T00:14:30.793000;2016-03-20T00:14:30.840000;e6e5d568-dc7f-421f-a2f3-59b71a9fc5f9;410.85;0.01;BUY
2016-03-20T00:14:30.793000;2016-03-20T00:14:30.857000;16e30935-3511-4641-bfd5-c36cbebbab48;410.9;0.52171606;BUY
2016-03-20T00:14:30.793000;2016-03-20T00:14:30.857000;ddd34e0b-22ca-4d26-97b4-71f3c7f4775f;410.9;0.1;BUY
2016-03-20T00:14:30.797000;2016-03-20T00:14:30.857000;6ce34bfd-c0bf-4337-b21d-92790a956601;410.93;0.01;BUY
2016-03-20T00:14:30.797000;2016-03-20T00:14:30.857000;cbe87e5b-b136-4725-8c05-7bef1838a290;410.94;0.21328394;BUY
2016-03-20T00:14:31.823000;2016-03-20T00:14:31.870000;cff9e0d4-e09d-4794-9327-966757cc474a;410.75;0.05;SELL
2016-03-20T00:14:31.823000;2016-03-20T00:14:31.887000;bdc45f62-6b25-4cf8-9cbd-278cc8c873af;410.69;0.027;SELL
2016-03-20T00:15:01.343000;2016-03-20T00:15:01.387000;63db116f-42ed-4595-923b-7ec7630363fe;410.95;0.09;BUY
2016-03-20T00:15:01.343000;2016-03-20T00:15:01.387000;2208a4e6-280e-472d-b004-a867a5f63d1c;410.98;3.15;BUY
2016-03-20T00:15:01.343000;2016-03-20T00:15:01.387000;90b32b6b-b410-4522-8755-73031fde31f8;410.99;0.01;BUY
2016-03-20T00:15:01.343000;2016-03-20T00:15:01.403000;a9ca5e13-abad-4d1f-a1cb-be60bc6bc599;410.99;0.01;BUY
2016-03-20T00:15:01.343000;2016-03-20T00:15:01.403000;46c8eda0-6907-4217-85f1-d8edbac99924;411.0;0.01002;BUY
2016-03-20T00:15:01.343000;2016-03-20T00:15:01.403000;b4d534a4-0b36-4390-b45f-a24960445e41;411.0;0.125;BUY
2016-03-20T00:15:01.343000;2016-03-20T00:15:01.403000;20c7d68d-afdd-4f4e-8b01-419ef22bb7f2;411.0;1.0;BUY
2016-03-20T00:15:01.347000;2016-03-20T00:15:01.433000;a4dc4bbf-ae90-422b-be50-cf697603b55a;411.0;0.01;BUY
2016-03-20T00:15:01.347000;2016-03-20T00:15:01.433000;9df0415d-6b31-4dd6-80da-57868d6c992d;411.0;0.04567261;BUY
2016-03-20T00:15:01.347000;2016-03-20T00:15:01.433000;98727546-8ec4-4fb7-b595-90e4ac613074;411.0;0.02;BUY
2016-03-20T00:15:01.347000;2016-03-20T00:15:01.433000;8c82f657-ff6e-4a3e-a873-e4047e8c3050;411.0;0.47861739;BUY
2016-03-20T00:15:49.993000;2016-03-20T00:15:50.043000;d0695fa6-afa9-4a09-ba85-d46a7467aa77;410.77;0.05;SELL
2016-03-20T00:15:49.993000;2016-03-20T00:15:50.043000;b7264609-7eb7-401f-a460-a3f240e8f77c;410.75;0.0115;SELL
2016-03-20T00:15:49.993000;2016-03-20T00:15:50.043000;a4da689e-10b2-43bb-9d61-523d2d3976a4;410.72;0.0455;SELL
2016-03-20T00:16:01.077000;2016-03-20T00:16:01.120000;d4db0ad8-7aca-4fe5-83d7-e0e8cdc34e6a;410.96;0.04871526;BUY
2016-03-20T00:16:01.080000;2016-03-20T00:16:01.120000;05b13556-3461-4363-ab3f-1d52ce728652;410.98;0.06406474;BUY
2016-03-20T00:16:03.247000;2016-03-20T00:16:03.310000;a6b2114a-0609-4cc8-b68a-41c6a3e2df0e;410.99;0.01;BUY
2016-03-20T00:16:31.103000;2016-03-20T00:16:31.153000;88cbb77c-f80f-49e6-9ff4-ec8ff76d87fd;410.77;0.01;SELL
2016-03-20T00:16:57.653000;2016-03-20T00:16:57.700000;22147947-cf3f-4559-b2f1-76673a923e14;410.77;0.04;SELL
2016-03-20T00:16:57.653000;2016-03-20T00:16:57.700000;2f097a0b-fb6b-4cfd-b992-81de93b22f14;410.77;0.033;SELL
2016-03-20T00:17:00.850000;2016-03-20T00:17:00.887000;0224b400-e661-4f6a-8aa6-f76440f56090;410.9;0.01;BUY
2016-03-20T00:17:00.850000;2016-03-20T00:17:00.887000;6d84819c-d46d-4400-88bd-5cbb49719f2e;411.0;0.01433;BUY
2016-03-20T00:17:30.980000;2016-03-20T00:17:31.013000;77c60990-ee49-42b9-a962-e50430849838;410.99;0.13251;BUY
2016-03-20T00:18:00.330000;2016-03-20T00:18:00.357000;61c41475-7dcf-4219-a4af-2d2b0e5d57e8;411.0;0.04242478;BUY
2016-03-20T00:18:00.333000;2016-03-20T00:18:00.370000;03528350-1d7f-4aec-9e37-1e361222f72c;411.0;0.024;BUY
2016-03-20T00:18:00.433000;2016-03-20T00:18:00.463000;69150cf6-3e38-4a39-90fd-16e0057a6452;411.0;0.53357522;BUY
2016-03-20T00:18:00.520000;2016-03-20T00:18:00.560000;91d0f639-56d0-49b9-946e-bd59eeda7fe2;410.81;0.05;SELL
2016-03-20T00:18:00.523000;2016-03-20T00:18:00.560000;cbc136fa-2924-45ca-9bd5-1dfa96356a30;410.77;0.049;SELL
2016-03-20T00:18:01.193000;2016-03-20T00:18:01.230000;54fb42f1-816f-4d0a-a4b0-2615eaf33d1e;410.77;0.02376;SELL
2016-03-20T00:18:31.013000;2016-03-20T00:18:31.043000;5afcb43b-1b59-477e-a470-9393096013d0;410.98;0.21;BUY
2016-03-20T00:18:31.013000;2016-03-20T00:18:31.060000;0db6ffe6-094b-4dc1-a032-e27238ade9fe;410.99;1.0;BUY
2016-03-20T00:18:31.013000;2016-03-20T00:18:31.060000;2000af08-ab4b-4dd7-840b-ef065bcc8a69;411.0;0.90705261;BUY
2016-03-20T00:18:31.013000;2016-03-20T00:18:31.060000;808fa7f1-dac3-4bbe-bab5-3476c856b448;411.0;0.25;BUY
2016-03-20T00:18:31.013000;2016-03-20T00:18:31.060000;f93b2c56-be6f-4fad-982b-b9511c934ba0;411.0;0.36720739;BUY
2016-03-20T00:19:01.183000;2016-03-20T00:19:01.230000;670c77f9-ae6c-4e33-9979-bf87d777de7a;410.99;1.88196;BUY
2016-03-20T00:19:04.953000;2016-03-20T00:19:04.980000;19291095-cdb4-40b9-a625-8efb683474f0;410.97;0.082;SELL
2016-03-20T00:19:31.773000;2016-03-20T00:19:31.810000;2318b037-8d20-4149-af61-421509c8257b;410.97;0.178;SELL
2016-03-20T00:19:31.773000;2016-03-20T00:19:31.823000;e51a2a72-0696-4e86-b484-09b116d0c422;410.97;0.05;SELL
2016-03-20T00:19:31.773000;2016-03-20T00:19:31.823000;480cd347-0937-46f4-9b79-8dddcb6af3c4;410.75;0.0115;SELL
2016-03-20T00:19:31.777000;2016-03-20T00:19:31.823000;322105a5-d5a9-4b26-8aab-276b0405d95f;410.73;0.01;SELL
2016-03-20T00:19:31.777000;2016-03-20T00:19:31.823000;f726e15f-0148-4b8a-8ed8-5711270b2e22;410.61;0.05;SELL
2016-03-20T00:19:31.777000;2016-03-20T00:19:31.823000;10c7048e-ea5b-41bf-b2e2-fda2ffa31b4b;410.59;0.5;SELL
2016-03-20T00:19:31.777000;2016-03-20T00:19:31.840000;70c2d8d5-dcfe-46c4-9a1a-bc861935501f;410.58;1.22391;SELL
2016-03-20T00:19:40.267000;2016-03-20T00:19:40.310000;0179255e-e21e-4f29-a8e0-babde060bae7;410.58;0.49909;SELL
2016-03-20T00:19:40.267000;2016-03-20T00:19:40.310000;259f0704-347d-4210-a35a-3ea07180ff6b;410.54;0.5;SELL
2016-03-20T00:19:40.267000;2016-03-20T00:19:40.310000;f58aaa08-3080-4391-98c0-f455809c1732;410.51;0.01;SELL
2016-03-20T00:19:40.267000;2016-03-20T00:19:40.310000;ba5174ee-8d70-44d5-a156-18bb8f1f691d;410.51;0.02;SELL
2016-03-20T00:19:40.267000;2016-03-20T00:19:40.323000;78870ec0-109d-41c6-bc61-a04a1c6d0c74;410.5;0.01;SELL
2016-03-20T00:20:01.650000;2016-03-20T00:20:01.710000;d39ad95f-46f5-44ef-841f-61979cc79892;410.36;0.01;SELL
2016-03-20T00:20:01.650000;2016-03-20T00:20:01.710000;ae468d1a-1390-43e0-9d22-04154846d7a9;410.36;0.14405;SELL
2016-03-20T00:20:15.257000;2016-03-20T00:20:15.320000;fc7db1db-648d-4d3a-838a-3383ffe581e1;410.36;0.04595;SELL
2016-03-20T00:20:15.257000;2016-03-20T00:20:15.320000;35c0a18a-c1e5-4c80-915f-918ecfb10bf9;410.31;0.02;SELL
2016-03-20T00:20:50.247000;2016-03-20T00:20:50.287000;dec46eaf-d848-4549-bddc-bc0c7dc4101d;410.11;0.02;SELL
2016-03-20T00:20:50.247000;2016-03-20T00:20:50.303000;5d4c036d-71c8-4bc6-8bfb-e030ec75eac5;410.1;0.01;SELL
2016-03-20T00:20:50.247000;2016-03-20T00:20:50.303000;0668f53b-756b-4d4b-a60f-4d39a271555d;410.1;0.97;SELL
2016-03-20T00:21:01.430000;2016-03-20T00:21:01.490000;5c5d28cc-3a22-4df7-8393-2b372cc8fec5;410.12;0.05;BUY
2016-03-20T00:21:01.430000;2016-03-20T00:21:01.490000;d121556e-86eb-4156-a38e-8525442aa642;410.29;0.32636;BUY
2016-03-20T00:21:32.357000;2016-03-20T00:21:32.397000;3cb2a8b0-8f8d-48ec-9221-974a3fee62fa;410.12;0.09656;BUY
2016-03-20T00:22:02.517000;2016-03-20T00:22:02.570000;853238b4-d5cc-4db0-941f-4fd14b0d61e9;410.12;0.33022;BUY
2016-03-20T00:22:02.517000;2016-03-20T00:22:02.570000;9b73b2df-3f0b-41f9-96cc-71c22d7b1ec1;410.12;0.05;BUY
2016-03-20T00:22:02.517000;2016-03-20T00:22:02.570000;0e0a4bdb-438e-432a-b48a-605cec4fd223;410.22;1.09397;BUY
2016-03-20T00:22:31.200000;2016-03-20T00:22:31.257000;c9b73b4b-a29e-4244-95b2-f80c236afcb8;410.1;0.28245;SELL
2016-03-20T00:23:01.530000;2016-03-20T00:23:01.570000;275d640c-98c8-4bb6-8361-5059e69c1dc5;410.21;0.1;BUY
2016-03-20T00:23:01.530000;2016-03-20T00:23:01.583000;920a0c6b-5269-49db-b89f-b98202daf1cf;410.21;0.05;BUY
2016-03-20T00:23:01.530000;2016-03-20T00:23:01.583000;b9e32722-4711-4710-864a-f1e38f5c13ee;410.23;0.078;BUY
2016-03-20T00:23:01.530000;2016-03-20T00:23:01.583000;27645840-f4c8-4d12-be54-129695d0d291;410.32;4.59817;BUY
2016-03-20T00:23:33.917000;2016-03-20T00:23:33.977000;643fbde5-a8a6-48b7-a497-6e9b011aca9b;410.33;0.01;BUY
2016-03-20T00:23:33.917000;2016-03-20T00:23:33.977000;56e2043d-ff66-4b4a-8dd4-ebaf3901ef8c;410.57;0.06475;BUY
2016-03-20T00:23:35.200000;2016-03-20T00:23:35.240000;b1d0b1fa-4d2e-4d75-92b6-7d92d2e99ee4;410.32;1.47;SELL
2016-03-20T00:23:35.200000;2016-03-20T00:23:35.273000;09af9f25-c930-4bfe-beac-92d3313a619a;410.32;0.05;SELL
2016-03-20T00:23:35.200000;2016-03-20T00:23:35.273000;897e43b5-d5c5-4396-a527-b389226e488c;410.32;0.05;SELL
2016-03-20T00:23:35.200000;2016-03-20T00:23:35.273000;697366c1-c3a8-4b4d-b6d1-3da22adf5a5a;410.31;0.01;SELL
2016-03-20T00:23:35.200000;2016-03-20T00:23:35.287000;6c187ad1-bb5a-4005-a02f-0dc458e41dec;410.22;14.07;SELL
2016-03-20T00:23:35.200000;2016-03-20T00:23:35.287000;3782c667-e853-4c94-a019-403e4b1456da;410.19;3.99;SELL
2016-03-20T00:23:35.200000;2016-03-20T00:23:35.287000;015ba8de-bf5d-4bde-889a-d482dcbcee6f;410.18;0.05;SELL
2016-03-20T00:23:35.203000;2016-03-20T00:23:35.287000;0a8a5d65-0afd-478a-8eb6-3d14c01cb2eb;410.12;1.47;SELL
2016-03-20T00:23:35.203000;2016-03-20T00:23:35.287000;38644550-916c-4859-b62c-ebc48ea8a32f;410.11;26.0;SELL
2016-03-20T00:23:35.203000;2016-03-20T00:23:35.287000;c03ab064-2603-4998-a3f9-aac45456ca1c;410.1;2.74755;SELL
2016-03-20T00:23:35.203000;2016-03-20T00:23:35.303000;fd11c046-292d-49a2-9956-5841a4fc6d19;410.1;0.02;SELL
2016-03-20T00:23:35.203000;2016-03-20T00:23:35.303000;22c9395a-913a-4953-94d9-6998327bdbbe;410.1;0.01;SELL
2016-03-20T00:23:35.203000;2016-03-20T00:23:35.303000;b0d7d362-bf4d-4069-8ef5-17381cfd6a75;409.95;0.02;SELL
2016-03-20T00:23:35.203000;2016-03-20T00:23:35.303000;ffc9e727-ca63-4a58-92e8-6741806b41e9;409.95;0.01;SELL
2016-03-20T00:23:35.203000;2016-03-20T00:23:35.303000;31ff3e81-6213-4f92-a147-5e869e2c7cfe;409.89;0.02;SELL
2016-03-20T00:23:35.203000;2016-03-20T00:23:35.303000;d0368af7-1a13-4434-b520-462473d8e95b;409.89;0.129;SELL
2016-03-20T00:23:35.203000;2016-03-20T00:23:35.303000;aeba1901-58e2-44ae-ab7d-8731392cb65b;409.87;0.078;SELL
2016-03-20T00:23:35.203000;2016-03-20T00:23:35.320000;2b9d5a5e-e186-4e1d-ace3-c503b0dcf2fe;409.87;0.04773456;SELL
2016-03-20T00:23:35.203000;2016-03-20T00:23:35.333000;7b8cad78-8870-4378-8b96-f0d316e4757e;409.83;0.02;SELL
2016-03-20T00:23:35.203000;2016-03-20T00:23:35.333000;164aef7f-c7ed-47e5-9ac8-99e85f695e4e;409.82;0.129;SELL
2016-03-20T00:23:35.203000;2016-03-20T00:23:35.333000;4bd65a0b-ad91-4003-94d6-f74371ca02c7;409.8;7.28615;SELL
2016-03-20T00:23:35.203000;2016-03-20T00:23:35.333000;da6d8f85-4d4f-45cd-95cd-e80c48f35f4d;409.78;0.01839991;SELL
2016-03-20T00:23:35.203000;2016-03-20T00:23:35.333000;f59cdc8f-b8f4-4cf4-b7ea-68d21b48ee9b;409.78;0.480477;SELL
2016-03-20T00:23:35.207000;2016-03-20T00:23:35.367000;075437da-8483-4b8d-ae7b-ed20bd8d4ad2;409.77;0.02;SELL
2016-03-20T00:23:35.207000;2016-03-20T00:23:35.367000;ce63aa3b-ce33-49e4-a7c3-de130ea43fd5;409.77;0.02;SELL
2016-03-20T00:23:35.207000;2016-03-20T00:23:35.367000;c797a5a8-9dec-451d-9474-c71215fbee4f;409.77;0.078;SELL
2016-03-20T00:23:35.207000;2016-03-20T00:23:35.367000;e7080347-b1e6-429c-a0e6-88cc77e3d074;409.72;0.0107465;SELL
2016-03-20T00:23:35.207000;2016-03-20T00:23:35.367000;ad1a9b2c-ee25-4336-8876-a630096597cd;409.72;0.088;SELL
2016-03-20T00:23:35.207000;2016-03-20T00:23:35.367000;fa07eb6b-51bf-4cca-b43d-1701b3139e41;409.71;0.02;SELL
2016-03-20T00:23:35.207000;2016-03-20T00:23:35.367000;1b4e50ab-3a14-4f89-a659-c898b8b6da35;409.71;0.01;SELL
2016-03-20T00:23:35.207000;2016-03-20T00:23:35.367000;693ae938-9b52-4961-9464-2d652737704b;409.69;0.7127176;SELL
2016-03-20T00:24:05.247000;2016-03-20T00:24:05.287000;61cf0809-d0ba-44b6-8b3f-31838efb8e7e;410.11;0.02;BUY
2016-03-20T00:24:07.983000;2016-03-20T00:24:08.023000;9944e7cf-af51-409c-8446-6151b0fd4342;410.12;0.02;BUY
2016-03-20T00:24:07.983000;2016-03-20T00:24:08.037000;16f01986-3aa0-4da9-bc03-e7cf3d15bc3f;410.12;0.02;BUY
2016-03-20T00:24:07.983000;2016-03-20T00:24:08.037000;223f3bc0-291b-416e-9687-521abd246bc0;410.12;0.02;BUY
2016-03-20T00:24:07.983000;2016-03-20T00:24:08.037000;d8060e50-3fbe-4d51-bdf3-c861e2b2ef29;410.12;0.02;BUY
2016-03-20T00:24:07.983000;2016-03-20T00:24:08.037000;76aff178-2a8c-492b-92ab-f2557c42dcbb;410.17;0.09;BUY
2016-03-20T00:24:31.643000;2016-03-20T00:24:31.693000;1567a42d-93c2-4e33-abb9-a405c899eb4a;410.42;0.13721;BUY
2016-03-20T00:24:48.947000;2016-03-20T00:24:49.007000;60a9e2ae-46f8-4e9d-9c39-14a9dfc01da1;410.43;0.34;BUY
2016-03-20T00:25:31.653000;2016-03-20T00:25:31.693000;eb4d484a-d4bd-4c54-93e9-328d1754a0b0;410.3;0.083;BUY
2016-03-20T00:25:31.653000;2016-03-20T00:25:31.710000;c7868d4f-3a39-4912-b1d7-e60decf07321;410.3;0.05;BUY
2016-03-20T00:25:31.653000;2016-03-20T00:25:31.710000;047b599f-43f8-48b8-b685-fd9483108c8d;410.49;1.23436;BUY
2016-03-20T00:26:01.257000;2016-03-20T00:26:01.303000;cbd9c4d3-926e-4073-9dfa-0eb1b6d13be7;410.29;0.05;SELL
2016-03-20T00:26:01.257000;2016-03-20T00:26:01.303000;b28c8801-9b84-4d83-b74a-55ab11655f70;410.29;0.049;SELL
2016-03-20T00:26:01.320000;2016-03-20T00:26:01.367000;469fb996-8b62-43c4-bdeb-d5ad4d0e4ece;410.48;0.46033;BUY
2016-03-20T00:26:31.263000;2016-03-20T00:26:31.303000;505860f6-24ab-47eb-952d-4c9fef955972;410.31;0.05;SELL
2016-03-20T00:26:31.263000;2016-03-20T00:26:31.303000;2cda10c3-a8de-4547-8ec6-2b7de4dd312a;410.22;1.168;SELL
2016-03-20T00:27:31.057000;2016-03-20T00:27:31.083000;c9e838a9-9938-4146-a2cf-39e785f9744d;410.36;0.094;BUY
2016-03-20T00:27:31.057000;2016-03-20T00:27:31.100000;72c2070b-8073-4c66-aa5e-6dbf88cc9e74;410.49;0.05;BUY
2016-03-20T00:27:31.057000;2016-03-20T00:27:31.100000;8e02ccbc-265a-47a5-b847-b27e889578db;410.5;0.01;BUY
2016-03-20T00:27:31.057000;2016-03-20T00:27:31.100000;c2df2bd1-5784-45df-8ad5-0ada36b7e0c5;410.52;0.03976045;BUY
2016-03-20T00:27:31.057000;2016-03-20T00:27:31.100000;2ffb03c9-9456-4b41-9a2d-a744218bbc20;410.54;0.01;BUY
2016-03-20T00:27:31.057000;2016-03-20T00:27:31.193000;05aed598-7834-4e25-abbd-29c53f4ef79e;410.54;0.03744955;BUY
2016-03-20T00:28:03.937000;2016-03-20T00:28:03.960000;2547829f-e710-4a79-9d07-50608d5a0e19;410.33;0.071;SELL
2016-03-20T00:28:11.637000;2016-03-20T00:28:11.680000;a361b859-ac54-4889-8935-d6b4c8fd064b;410.34;0.02927;SELL
2016-03-20T00:28:31.253000;2016-03-20T00:28:31.303000;0839e8bf-b47f-4355-bf8e-af8710fd8b2e;410.35;0.25;SELL
2016-03-20T00:28:31.253000;2016-03-20T00:28:31.303000;08a57e00-36d0-4a4e-a97a-17a88e9d47a8;410.35;0.05;SELL
2016-03-20T00:28:31.253000;2016-03-20T00:28:31.303000;9daf60f1-9dc5-47ce-b809-93ef54e53762;410.35;0.0115;SELL
2016-03-20T00:28:31.253000;2016-03-20T00:28:31.303000;d0a754df-d6fe-46e0-b794-8d5e0b85223d;410.34;0.22073;SELL
2016-03-20T00:28:31.253000;2016-03-20T00:28:31.320000;e38f7b9d-28a9-457b-ae20-b22926293d18;410.33;0.07677;SELL
2016-03-20T00:28:48.907000;2016-03-20T00:28:48.930000;f66f2bfe-e147-4dda-8b37-f59f526edf4a;410.34;0.1;SELL
2016-03-20T00:29:15.357000;2016-03-20T00:29:15.443000;4aa83b72-b245-4620-88de-71155435460d;410.34;0.102;SELL
2016-03-20T00:29:30.017000;2016-03-20T00:29:30.070000;9af32fa5-33c9-4fd5-b9f4-968413b37b31;410.34;0.048;SELL
2016-03-20T00:29:30.017000;2016-03-20T00:29:30.070000;af7e40ac-0c49-4472-9637-67677bed9f9a;410.34;0.05;SELL
2016-03-20T00:29:30.017000;2016-03-20T00:29:30.070000;f304a2ec-ed85-4673-a8cb-57958c3f9545;410.33;0.10223;SELL
2016-03-20T00:29:30.017000;2016-03-20T00:29:30.070000;b52ca659-7a80-4dea-bddb-eac79191547a;410.32;0.25;SELL
2016-03-20T00:29:30.017000;2016-03-20T00:29:30.070000;2e317553-7373-4ccb-9526-52c9e769bfff;410.31;0.25;SELL
2016-03-20T00:29:31.527000;2016-03-20T00:29:31.553000;1573aa65-5b5c-4109-acd8-bce8b6b9eba5;410.29;0.2;BUY
2016-03-20T00:30:01.413000;2016-03-20T00:30:01.443000;d4e434ea-7843-4ce7-aec5-c5c07f4a85f1;410.28;0.11689;BUY
2016-03-20T00:30:14.440000;2016-03-20T00:30:14.477000;04f7f19a-44d6-46c7-b241-4fb145cd6f56;410.23;0.087;SELL
2016-03-20T00:30:31.107000;2016-03-20T00:30:31.130000;725798d8-9a52-4af3-949a-208dd58ac8e5;410.24;0.05;SELL
2016-03-20T00:30:31.107000;2016-03-20T00:30:31.147000;6724660d-e1d0-4b30-9fee-9609e32414d4;410.21;1.0393;SELL
2016-03-20T00:31:00.897000;2016-03-20T00:31:00.913000;cb8ae206-e318-4431-9cb7-b176e99818b2;410.24;0.02462;SELL
2016-03-20T00:31:22.897000;2016-03-20T00:31:22.913000;9edd1fd3-f5ff-4593-929b-f589e3e2de51;410.24;0.02538;SELL
2016-03-20T00:31:32.357000;2016-03-20T00:31:32.380000;08abfea8-1f5e-4bf4-9d2b-d6070fd0739a;410.18;0.05;BUY
2016-03-20T00:31:32.357000;2016-03-20T00:31:32.397000;3544d8f0-1338-418c-a659-16f22cdf8b76;410.18;0.06538;BUY
2016-03-20T00:32:01.177000;2016-03-20T00:32:01.193000;ad8708d0-7652-409a-8315-52d94338b4ef;410.13;0.05;BUY
2016-03-20T00:32:01.177000;2016-03-20T00:32:01.210000;e8c1bfc3-e83c-412b-a49b-d3b2cb43e50f;410.21;0.01865;BUY
2016-03-20T00:33:02.353000;2016-03-20T00:33:02.367000;1ad79839-2f83-4da9-80b8-fbffa766b484;410.17;0.05;BUY
2016-03-20T00:33:02.353000;2016-03-20T00:33:02.380000;ca615b5a-a53e-48ac-bddd-9a3403ca82b6;410.18;0.07504;BUY
2016-03-20T00:33:21.363000;2016-03-20T00:33:21.383000;34aca22c-b0d5-4fc8-abe9-9642ff699368;410.06;0.01;SELL
2016-03-20T00:33:21.363000;2016-03-20T00:33:21.397000;189299a5-28b8-45ef-94db-66fac85fd0ed;410.01;1.81626801;SELL
2016-03-20T00:33:22.360000;2016-03-20T00:33:22.383000;08babf31-f615-47db-a231-746dbfe3b101;410.01;1.82626801;SELL
2016-03-20T00:33:23.333000;2016-03-20T00:33:23.367000;d93fda7f-d023-49dd-ab34-a435afd7caed;410.01;1.82626801;SELL
2016-03-20T00:33:23.617000;2016-03-20T00:33:23.633000;a9830f86-b6b0-435f-be06-cfb5d1988725;410.01;1.82626801;SELL
2016-03-20T00:33:31.070000;2016-03-20T00:33:31.083000;2b5ba159-549d-4d4e-831f-edb5c9cd0c6a;410.01;0.15989;SELL
2016-03-20T00:33:57.247000;2016-03-20T00:33:57.273000;bdd5e1ca-f0e6-460d-a9e9-b66f14df52fd;410.07;0.147518;BUY
2016-03-20T00:33:57.277000;2016-03-20T00:33:57.320000;5916ef63-6151-4a59-b451-a5e2d9bb5e55;410.07;0.032482;BUY
2016-03-20T00:34:03.250000;2016-03-20T00:34:03.257000;7701e748-60b0-4b25-9121-0403b73fd8b1;410.01;0.06987;SELL
2016-03-20T00:34:30.950000;2016-03-20T00:34:30.960000;8ad32f44-cf74-49d9-9839-54e29567c6e5;410.07;0.02402;BUY
2016-03-20T00:34:45.090000;2016-03-20T00:34:45.100000;e20aa414-b5ab-4a05-832a-d43129e9302c;409.99;0.06;BUY
2016-03-20T00:35:02.083000;2016-03-20T00:35:02.100000;67534f7d-1712-49d7-ba7b-322153fab695;409.99;0.02303;BUY
2016-03-20T00:35:26.873000;2016-03-20T00:35:26.920000;4349e5ff-4eb5-46f9-8cb4-5538fd9af58d;409.99;0.0118;BUY
2016-03-20T00:35:28.360000;2016-03-20T00:35:28.403000;b398297a-f77e-4566-938e-a264b8521432;409.99;0.288;BUY
2016-03-20T00:35:31.013000;2016-03-20T00:35:31.060000;e8155aaa-c1e6-4c2e-81b1-15638103ad81;409.99;0.05;BUY
2016-03-20T00:35:31.013000;2016-03-20T00:35:31.077000;a91bd9cb-03b8-46de-b300-bda9f15ef892;410.06;6.09;BUY
2016-03-20T00:35:31.013000;2016-03-20T00:35:31.077000;0890315c-8cf5-4f16-9fbc-aee150ddbb47;410.07;1.62224801;BUY
2016-03-20T00:35:31.013000;2016-03-20T00:35:31.077000;abf3a56a-6649-47fd-9d62-0fd6c93e48d2;410.07;0.05;BUY
2016-03-20T00:35:31.013000;2016-03-20T00:35:31.123000;3c09b819-50e0-485b-82a5-6fd9837f1c08;410.15;2.33000199;BUY
2016-03-20T00:35:41.863000;2016-03-20T00:35:41.920000;dfd3e9ed-2872-4ce2-a3b5-ea817f983aff;409.99;0.1;BUY
2016-03-20T00:36:01.960000;2016-03-20T00:36:02.013000;9b067f22-a076-4257-96cc-e6742297522a;410.14;0.611;SELL
2016-03-20T00:36:01.960000;2016-03-20T00:36:02.027000;46575930-c9d7-488d-acf1-1acac3dd4db8;409.96;0.02;SELL
2016-03-20T00:36:01.960000;2016-03-20T00:36:02.027000;d63195b7-55e8-4d4d-ba8e-270a8a03486b;409.95;0.02;SELL
2016-03-20T00:36:01.960000;2016-03-20T00:36:02.027000;3a5ad917-e989-4a63-9e50-6e25060a2296;409.95;0.075;SELL
2016-03-20T00:36:01.960000;2016-03-20T00:36:02.060000;05af8a1b-13ec-4089-9164-8a6daf787443;409.94;2.274;SELL
2016-03-20T00:36:04.523000;2016-03-20T00:36:04.577000;eb826000-e0d1-49ba-a1d6-6e3ced56314b;410.1;0.577;BUY
2016-03-20T00:36:16.533000;2016-03-20T00:36:16.577000;59ec4a6d-ddf0-4ed3-9583-bc5da6b2c3df;410.1;0.535;BUY
2016-03-20T00:36:29.973000;2016-03-20T00:36:30.013000;594b073b-a64f-4cdc-8e5c-00adf0108682;410.09;0.508;BUY
2016-03-20T00:36:31.223000;2016-03-20T00:36:31.263000;70761b9d-ee50-4d95-bafb-428ebe93a376;410.0;0.1619;SELL
2016-03-20T00:37:04.663000;2016-03-20T00:37:04.700000;6a2cfa17-82b7-4385-ba32-0c4ddb10d538;410.09;1.2683;BUY
2016-03-20T00:37:32.940000;2016-03-20T00:37:32.980000;665ea7d6-0754-4a2b-b315-b08c8e7a9213;410.01;0.14877;SELL
2016-03-20T00:38:01.537000;2016-03-20T00:38:01.577000;023db76e-861e-4047-b5ca-9d4e86b405a9;410.1;1.82087;BUY
2016-03-20T00:39:01.027000;2016-03-20T00:39:01.060000;d690b820-f428-4156-b58d-18317fd24c03;410.1;0.78464;BUY
2016-03-20T00:39:33.007000;2016-03-20T00:39:33.043000;fa4774a2-2f3f-477b-9ecc-4ee343ec4a3a;410.1;3.76513;BUY
2016-03-20T00:39:34.467000;2016-03-20T00:39:34.497000;e2df53ab-29ae-40d1-85bf-5d226e66168c;410.06;0.01615953;SELL
2016-03-20T00:39:37.140000;2016-03-20T00:39:37.183000;d7a560f4-1fc9-4243-af25-2640213a5a42;410.1;0.1164;BUY
2016-03-20T00:39:37.143000;2016-03-20T00:39:37.200000;8d88391c-c009-4158-bd1a-7c57d198758a;410.1;0.03666;BUY
2016-03-20T00:39:37.150000;2016-03-20T00:39:37.200000;827127a8-a17c-4f25-8613-ed4b524cf113;410.1;0.18694;BUY
2016-03-20T00:39:39.583000;2016-03-20T00:39:39.623000;a08f4cf6-710a-43d0-8eb4-e04b60a32f37;410.02;0.01926774;SELL
2016-03-20T00:39:47.533000;2016-03-20T00:39:47.577000;ab798173-95ff-49bf-88c7-3a7f1cad0e3e;410.0;0.01611405;SELL
2016-03-20T00:39:53.277000;2016-03-20T00:39:53.327000;4c24ab9f-e60e-4e87-8396-39f6c12e5835;410.06;0.01370625;SELL
2016-03-20T00:39:59.430000;2016-03-20T00:39:59.467000;7a5a90a2-29a0-4605-a1cd-85f21cdfae86;410.06;0.01182159;BUY
2016-03-20T00:40:01.453000;2016-03-20T00:40:01.480000;55a558a3-aca1-4681-aec3-c6741e381d82;410.1;0.79668;BUY
2016-03-20T00:41:10.860000;2016-03-20T00:41:10.887000;2b17d164-b804-4b1a-a5fc-ff65b8e3595e;410.1;0.085;BUY
2016-03-20T00:41:20.273000;2016-03-20T00:41:20.310000;48c461cb-8d97-45a5-948d-3eb840a0a6b8;410.1;0.518;BUY
2016-03-20T00:41:29.903000;2016-03-20T00:41:29.933000;33b48508-9660-4c39-9cbd-b20a496c1c11;410.1;0.477;BUY
2016-03-20T00:41:31.120000;2016-03-20T00:41:31.153000;4acb5da8-6e11-4642-95c5-c00d7ba8128c;410.1;0.54231;BUY
2016-03-20T00:41:40.877000;2016-03-20T00:41:40.903000;f2eacac9-ec08-4dbb-9442-ce9846b55847;410.1;0.33537;BUY
2016-03-20T00:41:40.877000;2016-03-20T00:41:40.920000;2e55a588-0000-4a89-882c-ab7f3e60f327;410.11;0.02;BUY
2016-03-20T00:41:50.683000;2016-03-20T00:41:50.717000;56951caa-c1ac-4102-a0fb-04c933f89871;410.15;0.415;BUY
2016-03-20T00:42:00.090000;2016-03-20T00:42:00.123000;0a026010-94f3-4b01-9922-9294350d30df;410.15;0.392;BUY
2016-03-20T00:42:01.087000;2016-03-20T00:42:01.123000;4a20ee21-8d58-450d-97fd-4cc39f978d12;410.1;0.25;SELL
2016-03-20T00:42:01.087000;2016-03-20T00:42:01.137000;13647490-7d3a-41bc-8262-6d1f49aa697a;410.1;0.05;SELL
2016-03-20T00:42:01.087000;2016-03-20T00:42:01.137000;49fb0dd6-882e-41b8-8110-e1250fee8530;410.09;0.04132;SELL
2016-03-20T00:42:09.640000;2016-03-20T00:42:09.670000;41da9533-8b71-4e22-ac24-786101472a1c;410.16;0.172;BUY
2016-03-20T00:42:19.423000;2016-03-20T00:42:19.450000;4babb0c6-f47f-4591-8c2a-d4b0ca0b48ae;410.16;0.394;BUY
2016-03-20T00:42:28.887000;2016-03-20T00:42:28.920000;e674a2e1-b498-41e9-8b4b-d3240eabb5c3;410.16;0.364;BUY
2016-03-20T00:42:47.187000;2016-03-20T00:42:47.217000;1df1feb5-0f4f-426d-a180-36ad92fb02ae;410.15;0.332;BUY
2016-03-20T00:42:56.303000;2016-03-20T00:42:56.327000;cb7dc81b-8f4a-486c-b8ad-2b8a8da45c4b;410.15;0.336;BUY
2016-03-20T00:43:15.583000;2016-03-20T00:43:15.607000;2515d0f4-217a-420d-a2fe-ecaaa6d8df87;410.15;0.309;BUY
2016-03-20T00:43:24.263000;2016-03-20T00:43:24.293000;162bb724-a021-4bfd-9081-33a8383f1042;410.11;0.128;BUY
2016-03-20T00:43:36.990000;2016-03-20T00:43:37.013000;ee300f6b-71de-4dec-8518-b16bc2bec2a6;410.11;0.14285;BUY
2016-03-20T00:43:43.760000;2016-03-20T00:43:43.793000;a686e8e7-0cff-45e5-b4c0-73e7227a2922;410.11;0.202;BUY
2016-03-20T00:43:53.003000;2016-03-20T00:43:53.030000;805d554e-299e-4e50-befe-02f2d45ec407;410.11;0.29;BUY
2016-03-20T00:44:05.263000;2016-03-20T00:44:05.293000;f0049a69-1c7c-4822-b18a-a72342f7110e;410.11;1.20711;BUY
2016-03-20T00:44:12.493000;2016-03-20T00:44:12.513000;06e918b0-7785-4b88-8a06-637f67d73cb8;410.11;0.13475;BUY
2016-03-20T00:44:12.493000;2016-03-20T00:44:12.530000;318c393e-c637-4767-bf97-1363cbd73300;410.11;0.10525;BUY
2016-03-20T00:44:21.650000;2016-03-20T00:44:21.670000;b507b7ba-5b46-41fb-91c7-22dcd1ba4469;410.11;0.27;BUY
2016-03-20T00:44:28.677000;2016-03-20T00:44:28.700000;8c313a63-1fda-484d-9665-a9a0525b8d40;410.11;0.34;BUY
2016-03-20T00:44:33.923000;2016-03-20T00:44:33.950000;bbed1790-3470-4a12-93b7-dd0702a79f9f;410.1;0.25;SELL
2016-03-20T00:44:33.923000;2016-03-20T00:44:33.980000;dd36ccf3-3d58-4b5c-8769-93a759c925b0;410.08;0.01;SELL
2016-03-20T00:44:33.923000;2016-03-20T00:44:33.980000;f6c65669-1f4b-4e7d-80c5-f3ca18859743;410.01;0.02;SELL
2016-03-20T00:44:33.923000;2016-03-20T00:44:33.980000;68f7d4fa-1f64-47b5-a5bd-8f8722579540;410.01;0.079;SELL
2016-03-20T00:44:33.923000;2016-03-20T00:44:33.980000;9df95d1a-0b9f-4180-9d23-7ed00f9cb764;410.0;0.01;SELL
2016-03-20T00:44:33.923000;2016-03-20T00:44:33.980000;e9235f92-216c-455f-ad63-87e666da1b2d;409.96;0.106;SELL
2016-03-20T00:44:33.923000;2016-03-20T00:44:33.980000;5436cef4-4a88-4557-a432-bcd164492ba5;409.95;0.02;SELL
2016-03-20T00:44:33.923000;2016-03-20T00:44:33.997000;46aecb4f-0cb4-4736-8189-75c55175078f;409.95;0.47155;SELL
2016-03-20T00:45:01.210000;2016-03-20T00:45:01.230000;31965f5c-ac69-4c64-804e-97234610deed;410.09;1.05;BUY
2016-03-20T00:45:01.213000;2016-03-20T00:45:01.263000;dc6455b8-9191-4a49-bbd6-4c5f4fec0c37;410.1;0.05;BUY
2016-03-20T00:45:01.213000;2016-03-20T00:45:01.263000;a15a44aa-8ccb-43dc-982a-74121d2c4a59;410.1;0.49315;BUY
2016-03-20T00:45:31.250000;2016-03-20T00:45:31.280000;e7e25422-4618-4a43-8448-0060848a396e;410.09;11.97;BUY
2016-03-20T00:45:31.250000;2016-03-20T00:45:31.293000;c65cd405-b168-40fa-b959-055a0bd16761;410.1;7.31831;BUY
2016-03-20T00:45:31.250000;2016-03-20T00:45:31.293000;e8020ed8-31db-4202-aa5d-88ac02d027f0;410.1;0.05;BUY
2016-03-20T00:45:31.250000;2016-03-20T00:45:31.293000;f48e10fe-09b2-4bb9-842c-aee61844f875;410.11;0.02;BUY
2016-03-20T00:45:31.250000;2016-03-20T00:45:31.293000;4f19de57-7c1e-402c-9709-ba025cf1a89c;410.15;0.42;BUY
2016-03-20T00:45:31.250000;2016-03-20T00:45:31.310000;4649015f-5369-4271-81f4-312ab95a6c85;410.16;0.89626801;BUY
2016-03-20T00:45:31.250000;2016-03-20T00:45:31.310000;c5223afd-d2c4-460f-a1ac-1b9b61f01c14;410.18;1.47;BUY
2016-03-20T00:45:31.253000;2016-03-20T00:45:31.310000;45bb605a-30ec-4e7f-b7c9-5cb95d95890a;410.19;0.395;BUY
2016-03-20T00:45:31.253000;2016-03-20T00:45:31.310000;805a30fb-6a2c-403c-912a-2adf698d9bef;410.24;0.41125199;BUY
2016-03-20T00:46:01.093000;2016-03-20T00:46:01.107000;e26a8171-daf6-42f1-b8be-cf7b64e4b188;409.96;0.46578;SELL
2016-03-20T00:46:31.410000;2016-03-20T00:46:31.433000;9580a177-97d4-4d39-b5ce-bf30a09d12c3;410.14;0.0539;BUY
2016-03-20T00:46:31.410000;2016-03-20T00:46:31.450000;debcb845-cec8-4830-906c-44337f1cfaf2;410.22;0.04265;BUY
2016-03-20T00:46:36.900000;2016-03-20T00:46:36.920000;1e1ff643-a171-43ce-b80c-cfa4d739a921;410.22;0.99472188;BUY
2016-03-20T00:47:01.233000;2016-03-20T00:47:01.247000;a9c263a4-6070-42d2-8490-2a9dd19a72d7;410.2;0.96543;BUY
2016-03-20T00:47:31.377000;2016-03-20T00:47:31.387000;9deeb0e9-2fb1-4d0d-b2ee-a36731f68be3;410.18;0.36204;BUY
2016-03-20T00:47:41.327000;2016-03-20T00:47:41.340000;dafb47f2-a476-4706-8099-fdf23eba5653;410.19;0.21067;BUY
2016-03-20T00:47:41.340000;2016-03-20T00:47:41.373000;4c9fb6ce-ec9d-4d2c-85a0-f51fc0290825;410.19;0.0282;BUY
2016-03-20T00:47:41.397000;2016-03-20T00:47:41.450000;c62eb24e-186d-422d-9e95-2e1ee7f12754;410.19;0.04113;BUY
2016-03-20T00:47:41.397000;2016-03-20T00:47:41.450000;9edd93ac-c9c9-4c9d-893e-e4ed1bf08333;410.19;0.06557;BUY
2016-03-20T00:47:59.783000;2016-03-20T00:47:59.810000;ad434172-7f05-4aa8-bee3-9159ce29cb5e;410.17;0.01;SELL
2016-03-20T00:48:05.377000;2016-03-20T00:48:05.387000;bf6e2e59-dfe6-41c8-b476-8dbb33c5f319;410.06;0.01602;BUY
2016-03-20T00:48:20.660000;2016-03-20T00:48:20.670000;0d8a3777-53ff-4715-85e9-eac7033a62e8;410.09;0.247;SELL
2016-03-20T00:48:31.363000;2016-03-20T00:48:31.373000;ac5ff865-21ae-4c00-852d-fc06c5de860b;410.15;0.30179;BUY
2016-03-20T00:48:53.553000;2016-03-20T00:48:53.577000;be67daec-6616-4dc7-9d02-16291636273c;410.01;0.222;BUY
2016-03-20T00:49:01.377000;2016-03-20T00:49:01.403000;26bbeed4-9d7d-4072-9438-0cde3eb6f858;409.99;0.59968;BUY
2016-03-20T00:49:06.143000;2016-03-20T00:49:06.153000;899acbf7-be4c-4611-aa83-a7f8ca3f21c5;409.99;0.2;BUY
2016-03-20T00:49:15.973000;2016-03-20T00:49:15.983000;2dab8cae-9f8c-4f04-bb48-2e22abb31e0d;409.95;0.02;SELL
2016-03-20T00:49:15.973000;2016-03-20T00:49:15.997000;829d89ac-1e97-475c-af17-82a062111fd1;409.95;1.0;SELL
2016-03-20T00:49:15.973000;2016-03-20T00:49:16.013000;d0d2c7e9-2101-4e68-bf5f-6db2b5cdd234;409.95;0.171;SELL
2016-03-20T00:49:15.973000;2016-03-20T00:49:16.013000;2fd0277f-beac-42b5-bc6f-8e438768eb69;409.94;1.855;SELL
2016-03-20T00:49:15.973000;2016-03-20T00:49:16.013000;15ecdbcd-9466-44bc-978c-b7469cc4e84e;409.94;0.05;SELL
2016-03-20T00:49:15.973000;2016-03-20T00:49:16.030000;c9b74810-32d7-41a2-bf47-ea4f7c6f9dc2;409.93;0.01;SELL
2016-03-20T00:49:15.973000;2016-03-20T00:49:16.030000;0b821c66-b4f8-4245-9558-9ae3c31c0468;409.89;0.02;SELL
2016-03-20T00:49:15.973000;2016-03-20T00:49:16.030000;7b609018-2f1e-45e2-bb20-f27de92e51c9;409.86;0.183;SELL
2016-03-20T00:49:15.973000;2016-03-20T00:49:16.030000;1c0a7521-4f0e-491e-81c3-cc0acf9bf17f;409.84;0.084;SELL
2016-03-20T00:49:15.973000;2016-03-20T00:49:16.030000;65ce8d72-74f7-4c78-9a36-e7a711760a5a;409.84;0.02;SELL
2016-03-20T00:49:15.973000;2016-03-20T00:49:16.060000;21a47120-e16d-4db8-89f2-0c4ed1c4cb1c;409.83;0.02;SELL
2016-03-20T00:49:15.973000;2016-03-20T00:49:16.077000;97566536-00b0-4d20-9b5e-44b2ae3ef49a;409.79;0.1;SELL
2016-03-20T00:49:15.973000;2016-03-20T00:49:16.077000;7012a9e3-bf54-4461-8ddb-0e1977e6220b;409.77;0.02;SELL
2016-03-20T00:49:15.973000;2016-03-20T00:49:16.077000;6d8ff886-ca07-46c5-bda0-ecdb74e85b12;409.74;0.124;SELL
2016-03-20T00:49:15.973000;2016-03-20T00:49:16.077000;a0c78796-3bd7-477a-ad8d-0c5b7b92e800;409.71;0.02;SELL
2016-03-20T00:49:15.973000;2016-03-20T00:49:16.077000;8460ba63-30f5-4baf-a15b-8f7c024f44dd;409.69;0.111;SELL
2016-03-20T00:49:15.973000;2016-03-20T00:49:16.077000;90345ee7-1ce4-4ed2-84bc-86a8ebc49846;409.67;0.113;SELL
2016-03-20T00:49:15.973000;2016-03-20T00:49:16.077000;a681370d-21d9-4743-9189-3aa2ce65c580;409.67;0.01;SELL
2016-03-20T00:49:24.883000;2016-03-20T00:49:24.887000;f887e47f-0d9e-4f85-a283-f322271f9083;409.67;0.171;BUY
2016-03-20T00:49:31.347000;2016-03-20T00:49:31.373000;286c8bf2-4b20-4bd7-8f37-126ca3875511;409.87;0.02;BUY
2016-03-20T00:49:31.350000;2016-03-20T00:49:31.373000;f1eecb1f-3e8a-4e4c-a143-ca80dac30be3;409.9;0.01;BUY
2016-03-20T00:49:31.350000;2016-03-20T00:49:31.387000;28f52251-c4ab-4078-997b-faa79ae2e8d4;409.92;2.52;BUY
2016-03-20T00:49:31.350000;2016-03-20T00:49:31.387000;dc4692fc-0044-4cb3-9879-ee9db4566455;409.93;0.02;BUY
2016-03-20T00:49:31.350000;2016-03-20T00:49:31.403000;2ff72bc5-05fc-491c-b622-d852d6ea5722;409.97;4.2;BUY
2016-03-20T00:49:31.350000;2016-03-20T00:49:31.403000;6cbc0cb2-df06-49d8-9785-db7ccf2420ba;409.98;0.200477;BUY
2016-03-20T00:49:31.350000;2016-03-20T00:49:31.403000;bb5a2ff9-c4ae-40dc-935c-585e57f4c69e;409.98;0.84;BUY
2016-03-20T00:49:31.350000;2016-03-20T00:49:31.420000;9eef2a4e-76f4-42d9-8694-2b96d05e9b80;409.99;0.02;BUY
2016-03-20T00:49:31.350000;2016-03-20T00:49:31.420000;968b0a1c-72d3-4980-96db-1ed328c3b2bd;409.99;1.26;BUY
2016-03-20T00:49:31.350000;2016-03-20T00:49:31.420000;6eb9c8cc-bbb4-4a1a-92ca-0261a06507df;410.0;0.01;BUY
2016-03-20T00:49:31.350000;2016-03-20T00:49:31.420000;1d0abb3a-3223-4885-92c5-357a0e7ef6d3;410.02;2.94;BUY
2016-03-20T00:49:31.350000;2016-03-20T00:49:31.420000;89c6aa25-fbb7-458b-9f2b-e54144611035;410.04;1.05;BUY
2016-03-20T00:49:31.350000;2016-03-20T00:49:31.433000;a6d9d52d-071b-4b03-915d-dc9c71982e1d;410.05;0.02;BUY
2016-03-20T00:49:31.350000;2016-03-20T00:49:31.433000;e27c47e6-6f4c-4954-929a-0b222a5bba13;410.1;3.99;BUY
2016-03-20T00:49:31.350000;2016-03-20T00:49:31.433000;a51c894a-463d-458a-ac33-2697271086e8;410.11;0.02;BUY
2016-03-20T00:49:31.350000;2016-03-20T00:49:31.433000;9ab0766b-b737-419c-b2e0-c64459c80d3c;410.15;3.36;BUY
2016-03-20T00:49:31.350000;2016-03-20T00:49:31.433000;f30d3f8e-78d8-44f6-a2d3-48f69f1adfa3;410.16;0.01;BUY
2016-03-20T00:49:31.350000;2016-03-20T00:49:31.450000;ba5f15fb-c78e-4430-927c-735f791c3264;410.21;4.41;BUY
2016-03-20T00:49:31.350000;2016-03-20T00:49:31.450000;74292cde-b873-421b-87e7-f6cadcefc137;410.22;0.4615198;BUY
2016-03-20T00:49:31.353000;2016-03-20T00:49:31.450000;5d2612e8-bc90-49fc-82f2-2e3612915c30;410.22;1.89;BUY
2016-03-20T00:49:31.353000;2016-03-20T00:49:31.450000;634e8e86-2b25-4c60-90f5-8d59b9fe69ac;410.23;0.05;BUY
2016-03-20T00:49:31.353000;2016-03-20T00:49:31.450000;4b5b75ec-5fb0-4c7b-a49c-a7c2a68556ab;410.23;0.05;BUY
2016-03-20T00:49:31.353000;2016-03-20T00:49:31.450000;b179cd1d-b941-4a27-a670-333af836e1d9;410.24;1.68;BUY
2016-03-20T00:49:31.353000;2016-03-20T00:49:31.450000;2213a352-fd3c-4d35-8a49-924e0fe24ffc;410.24;0.05;BUY
2016-03-20T00:49:31.353000;2016-03-20T00:49:31.467000;02851fa3-433a-4ddb-a976-35ce3277a421;410.25;1.82626801;BUY
2016-03-20T00:49:31.353000;2016-03-20T00:49:31.467000;f77dcaf6-3fab-4560-852b-8d455725c0db;410.28;1.26;BUY
2016-03-20T00:49:31.353000;2016-03-20T00:49:31.467000;bf705341-c4bf-4240-a927-de29ad116597;410.29;0.01;BUY
2016-03-20T00:49:31.353000;2016-03-20T00:49:31.467000;d795297d-9d21-4b2e-b172-0543135390dd;410.29;1.47;BUY
2016-03-20T00:49:31.353000;2016-03-20T00:49:31.467000;4d7b4297-8f69-4fb0-ac12-5be3fd79ff46;410.3;0.01;BUY
2016-03-20T00:49:31.353000;2016-03-20T00:49:31.467000;d509f76d-744e-476b-a35b-617ee85f3894;410.32;1.26;BUY
2016-03-20T00:49:31.353000;2016-03-20T00:49:31.467000;74a09911-a563-4d7a-a2e6-16df84c4bf58;410.33;0.89928519;BUY
2016-03-20T00:49:33.323000;2016-03-20T00:49:33.357000;9a4feaa7-ffec-4896-958e-f9517a81de96;409.95;0.02;SELL
2016-03-20T00:49:42.770000;2016-03-20T00:49:42.780000;5d99e560-5d3b-4c26-a507-7eb9c81b3a8c;410.1;0.137;BUY
2016-03-20T00:49:50.877000;2016-03-20T00:49:50.887000;38a9ba06-62bc-4e69-b62b-087ac242701f;410.05;0.134;SELL
2016-03-20T00:49:50.877000;2016-03-20T00:49:50.903000;033ad026-28d8-4ea3-b4c1-ea8f491097d9;410.05;0.05;SELL
2016-03-20T00:50:02.353000;2016-03-20T00:50:02.387000;95048727-e58d-4bba-9c71-670dac73ad50;410.11;0.02;BUY
2016-03-20T00:50:09.603000;2016-03-20T00:50:09.607000;b9d4fc9a-3c27-4069-b1e2-460301f11549;410.02;0.114;SELL
2016-03-20T00:50:09.620000;2016-03-20T00:50:09.653000;d94512d8-cb46-4c06-83e4-186aca1b840c;409.96;0.05;BUY
2016-03-20T00:50:09.630000;2016-03-20T00:50:09.653000;63232110-2ca4-4f18-ac9b-f233afbf7bc3;409.96;0.05;BUY
2016-03-20T00:50:31.120000;2016-03-20T00:50:31.173000;db6a0aa0-8756-4e18-8087-129625037a3b;409.96;0.025;BUY
2016-03-20T00:50:31.423000;2016-03-20T00:50:31.470000;5fb0edc7-028e-42c5-98fe-11dc9ce201c6;409.96;0.2976;BUY
2016-03-20T00:50:31.490000;2016-03-20T00:50:31.563000;606e5e6e-8d56-4e6c-a137-addb3f96032d;409.96;0.0424;BUY
2016-03-20T00:51:01.897000;2016-03-20T00:51:01.940000;aca6df85-d4f5-44bd-b97d-58e6645ba77a;410.07;1.29779;BUY
2016-03-20T00:51:15.787000;2016-03-20T00:51:15.830000;5ec12753-55ba-45a1-ab12-e9a62bc37aee;409.94;0.01;SELL
2016-03-20T00:51:15.787000;2016-03-20T00:51:15.847000;8dcc3d73-5742-4663-832c-351361ddaf7c;409.93;0.01;SELL
2016-03-20T00:51:15.787000;2016-03-20T00:51:15.847000;df784ead-82cf-4a73-b9af-963c5248f096;409.89;0.02;SELL
2016-03-20T00:51:15.787000;2016-03-20T00:51:15.847000;7bfd1d3a-7010-4160-90bf-eb1d7cf7711d;409.86;0.21;SELL
2016-03-20T00:51:15.787000;2016-03-20T00:51:15.847000;8d952af5-fd11-4003-a0f3-e730d35f0b15;409.85;0.02;SELL
2016-03-20T00:51:15.787000;2016-03-20T00:51:15.863000;6d4bc276-45ff-4c2f-a781-40dfbf3f4ad4;409.85;0.5;SELL
2016-03-20T00:51:15.787000;2016-03-20T00:51:15.877000;e3702641-755b-4fe9-9b9c-195cda624b21;409.84;1.05;SELL
2016-03-20T00:51:15.787000;2016-03-20T00:51:15.877000;9b80a69f-9818-4761-95f0-8be7a5d90ad7;409.83;0.02;SELL
2016-03-20T00:51:15.787000;2016-03-20T00:51:15.877000;d3006fa3-110e-484f-8de9-7d5b4871cd5e;409.78;0.21;SELL
2016-03-20T00:51:15.787000;2016-03-20T00:51:15.893000;8c9b4832-886e-4238-973b-18c39d4d9ef6;409.77;0.02;SELL
2016-03-20T00:51:15.790000;2016-03-20T00:51:15.893000;708120e6-a92e-4543-9a61-78d0796802ed;409.73;1.0;SELL
2016-03-20T00:51:15.790000;2016-03-20T00:51:15.893000;92a9790e-7039-4a2e-a39f-d20a40dedddb;409.72;0.63;SELL
2016-03-20T00:51:15.790000;2016-03-20T00:51:15.893000;b24aa9d5-1b26-4715-9d12-3f39d0017830;409.71;0.02;SELL
2016-03-20T00:51:15.790000;2016-03-20T00:51:15.910000;6424921c-ed54-47f3-bcb7-6e42acf97358;409.68;3.57;SELL
2016-03-20T00:51:15.790000;2016-03-20T00:51:15.910000;4e220e05-b76c-46e9-a47a-7b15e8b874ca;409.67;0.01;SELL
2016-03-20T00:51:15.790000;2016-03-20T00:51:15.910000;6cac2ce6-4b64-4185-aca5-0a575ed4b1ca;409.66;0.01184997;SELL
2016-03-20T00:51:15.790000;2016-03-20T00:51:15.910000;f9d770df-e415-4f3c-97d2-b39f9f451ddd;409.66;0.42;SELL
2016-03-20T00:51:15.790000;2016-03-20T00:51:15.910000;644d8374-f410-45f2-9a89-34b820470ebb;409.65;0.02;SELL
2016-03-20T00:51:21.430000;2016-03-20T00:51:21.470000;b9968bb8-7377-4265-94aa-7f6a8524d417;409.61;0.05;BUY
2016-03-20T00:51:24.110000;2016-03-20T00:51:24.173000;3c6735c4-48e6-474f-a08b-2d32de3ad40a;409.61;0.05;BUY
2016-03-20T00:51:25.183000;2016-03-20T00:51:25.253000;50cb9da0-1f05-4d56-8764-97ce4c9a66a8;409.61;0.05;BUY
2016-03-20T00:52:31.130000;2016-03-20T00:52:31.190000;a18fe4a8-b3af-442f-bffd-e2f628e6da86;409.75;0.01;BUY
2016-03-20T00:52:31.130000;2016-03-20T00:52:31.190000;94b8c124-d763-48ef-bc24-f1956f3f166b;409.75;0.116;BUY
2016-03-20T00:52:31.130000;2016-03-20T00:52:31.190000;b00b8b81-7846-4912-8127-dc37768b5344;409.8;0.11;BUY
2016-03-20T00:52:31.130000;2016-03-20T00:52:31.190000;b15b81f5-0cb4-40ce-911f-33ed6cb3a9cf;409.81;0.02;BUY
2016-03-20T00:52:31.133000;2016-03-20T00:52:31.207000;f42e8335-3953-4f92-bc84-652ac756c152;409.81;0.046;BUY
2016-03-20T00:53:03.987000;2016-03-20T00:53:04.033000;ec25ca33-d9d9-438c-b6eb-cb05a46212fe;409.81;0.24156;BUY
2016-03-20T00:53:31.070000;2016-03-20T00:53:31.113000;16659086-edae-45db-9b9c-dceab11bbd33;409.82;0.19;BUY
2016-03-20T00:53:31.070000;2016-03-20T00:53:31.127000;0073b53f-e957-4567-a792-a5e856825724;409.82;0.525;BUY
2016-03-20T00:53:31.070000;2016-03-20T00:53:31.127000;152ceaa1-6f7d-4272-88ce-bd36262ce344;409.85;0.27545;BUY
2016-03-20T00:53:33.980000;2016-03-20T00:53:34.050000;53d0e125-220a-4574-a1f9-e920cc56543f;409.66;0.76688692;SELL
2016-03-20T00:54:30.827000;2016-03-20T00:54:30.863000;e507da03-01bd-4809-9d3e-f46876101f0b;409.84;0.204;BUY
2016-03-20T00:54:30.827000;2016-03-20T00:54:30.877000;05529d0e-e8c2-4bac-a08b-14bf5edf335f;409.84;0.1;BUY
2016-03-20T00:54:30.830000;2016-03-20T00:54:30.877000;f38eda63-6890-41b7-80cc-68cd990c111c;409.85;0.42076;BUY
2016-03-20T00:54:43.613000;2016-03-20T00:54:43.660000;7fc7bb0e-7f17-48eb-9593-c523549c331b;409.86;0.05;BUY
2016-03-20T00:54:43.613000;2016-03-20T00:54:43.660000;4e2bd0ff-ff2f-4e1a-9338-1de04b624201;409.86;0.119;BUY
2016-03-20T00:54:43.613000;2016-03-20T00:54:43.660000;72747016-97ac-473a-ba30-cfdc4da508cc;409.87;0.00134784;BUY
2016-03-20T00:55:57.880000;2016-03-20T00:55:57.910000;26c01d09-6b83-4c1d-a1b4-a782ce1a3db4;409.87;0.01865216;BUY
2016-03-20T00:55:57.880000;2016-03-20T00:55:57.923000;294d78b5-72d0-4d1c-8015-a9585143a63b;409.89;0.16134784;BUY
2016-03-20T00:56:01.383000;2016-03-20T00:56:01.423000;28138b6e-aa77-4fd5-8fc9-0559669398e8;409.9;0.01;BUY
2016-03-20T00:56:01.383000;2016-03-20T00:56:01.423000;9a99d746-8700-4d02-ad55-cd282b7b6f83;409.9;0.03996;BUY
2016-03-20T00:56:13.020000;2016-03-20T00:56:13.050000;9aa9f21b-d241-43f0-ba44-f532c2eb57c9;409.85;19.11;BUY
2016-03-20T00:57:00.980000;2016-03-20T00:57:01.017000;1567b5b8-1425-4b5c-9a23-8937e2acdd8a;409.77;0.01;BUY
2016-03-20T00:57:00.980000;2016-03-20T00:57:01.017000;53e8a998-2722-4c3d-926c-962218f1c4ca;409.89;0.23158;BUY
2016-03-20T00:57:06.457000;2016-03-20T00:57:06.487000;0c5929f6-5605-4928-a0f8-cadea42baa94;409.88;0.01;SELL
2016-03-20T00:57:31.037000;2016-03-20T00:57:31.067000;d1ffad26-6782-4792-8efc-f880b15aafbf;409.75;0.0115;SELL
2016-03-20T00:57:31.037000;2016-03-20T00:57:31.097000;7ad45822-60da-4df2-aab0-6f70462ab790;409.75;0.01;SELL
2016-03-20T00:57:31.037000;2016-03-20T00:57:31.097000;2b6717d5-9d59-4cca-a2ee-95abcc3d9de6;409.71;0.02;SELL
2016-03-20T00:57:31.037000;2016-03-20T00:57:31.097000;85efb179-290a-4e54-9ad9-56b2e4b0bf19;409.71;0.1;SELL
2016-03-20T00:57:31.037000;2016-03-20T00:57:31.097000;4e6c3474-f984-4939-8a9e-9fd56f43e600;409.7;1.05;SELL
2016-03-20T00:57:31.037000;2016-03-20T00:57:31.097000;1ad1854a-a71c-43b2-a1e3-a1c31347f267;409.69;0.79746;SELL
2016-03-20T00:57:44.343000;2016-03-20T00:57:44.377000;9606f2e2-f3bf-4435-bb5e-ca41982e940e;409.77;0.01225;BUY
2016-03-20T00:58:01.447000;2016-03-20T00:58:01.470000;69c60e5e-a806-4a01-820d-ced27a8e1353;409.85;0.1;BUY
2016-03-20T00:58:01.447000;2016-03-20T00:58:01.470000;8a3581e5-9913-43e2-be3a-196ad1098c57;409.86;0.3831;BUY
2016-03-20T00:58:32.703000;2016-03-20T00:58:32.737000;bf8f253a-270e-4b93-b030-eda5cd11f091;409.85;0.097;BUY
2016-03-20T00:58:32.710000;2016-03-20T00:58:32.753000;9bf3ebe5-8059-4f33-9a36-040b286cd2f4;409.85;0.0282;BUY
2016-03-20T00:58:32.857000;2016-03-20T00:58:32.893000;3cd28997-711c-4bef-a286-2d19c530cfa7;409.85;0.0148;BUY
2016-03-20T00:59:00.907000;2016-03-20T00:59:00.940000;3efd1649-d8ad-419c-a4d6-e11ea46583b2;409.66;0.02;SELL
2016-03-20T00:59:00.907000;2016-03-20T00:59:00.940000;1abe4345-6dd7-4ef7-a721-90ef8b2171d0;409.65;0.02;SELL
2016-03-20T00:59:00.907000;2016-03-20T00:59:00.940000;a84cb8d7-a77c-470c-b2a6-84d98c4ce045;409.65;0.1;SELL
2016-03-20T00:59:00.907000;2016-03-20T00:59:00.957000;300c2ff0-4012-4552-9ff8-24e555160bfd;409.64;0.2793;SELL
2016-03-20T00:59:31.397000;2016-03-20T00:59:31.423000;716d882a-1d94-482f-a688-941e40d9f893;409.77;0.096;BUY
2016-03-20T00:59:31.397000;2016-03-20T00:59:31.423000;ee5463b5-753e-417b-9d54-85d10834bd44;409.79;0.1;BUY
2016-03-20T00:59:31.397000;2016-03-20T00:59:31.440000;8f777a4c-df1f-4956-8e05-3767c2a63798;409.8;0.84;BUY
2016-03-20T00:59:31.397000;2016-03-20T00:59:31.440000;39daba46-b99a-49ac-8378-a40f2f58fb68;409.81;0.02;BUY
2016-03-20T00:59:31.397000;2016-03-20T00:59:31.440000;a044a7fd-da9c-4685-a8aa-efcbe7f98b38;409.81;1.02145;BUY
2016-03-20T01:00:01.137000;2016-03-20T01:00:01.160000;0b602b64-e84f-4803-aff5-f300b562b35f;409.66;0.02;SELL
2016-03-20T01:00:01.137000;2016-03-20T01:00:01.173000;423dec4d-e46d-4ebe-b6c5-fc04a6ff0858;409.64;0.2207;SELL
2016-03-20T01:00:01.137000;2016-03-20T01:00:01.173000;53bae914-2606-4daf-a69c-5695324ae6fa;409.64;0.1;SELL
2016-03-20T01:00:01.137000;2016-03-20T01:00:01.173000;c3ac6873-e82f-4b62-8eb5-34da3ae4c813;409.63;0.42;SELL
2016-03-20T01:00:01.140000;2016-03-20T01:00:01.173000;691fa83a-75c1-4982-be9c-daf860caf312;409.62;0.2;SELL
2016-03-20T01:00:01.140000;2016-03-20T01:00:01.207000;881092f3-d3ea-4c39-8659-f9bb1cb7e4c3;409.61;0.22557;SELL
2016-03-20T01:00:31.330000;2016-03-20T01:00:31.347000;b861c560-deac-4289-97bf-a04fa03603ea;409.79;0.24158;BUY
2016-03-20T01:01:01.880000;2016-03-20T01:01:01.893000;cea14b07-c70a-4137-8c29-f84e75a25c85;409.75;0.01;BUY
2016-03-20T01:01:01.880000;2016-03-20T01:01:01.910000;0c3aa0ee-8cb5-48d8-a417-26192ee86a8a;409.84;1.22388;BUY
2016-03-20T01:01:34.850000;2016-03-20T01:01:34.863000;cdab19f3-b73c-48dd-81d6-ece7075e3ece;409.65;0.02;SELL
2016-03-20T01:01:34.850000;2016-03-20T01:01:34.877000;5cc8387a-4fa2-449b-bc6d-6eca38fb5ad6;409.6;0.23005;SELL
2016-03-20T01:01:38.577000;2016-03-20T01:01:38.597000;08d5416d-85a1-43a2-bbf3-dced8ad40398;409.77;0.12084784;BUY
2016-03-20T01:02:01.033000;2016-03-20T01:02:01.050000;db34d6ef-dd19-4ce2-bbc5-af8c59adb213;409.79;0.42;BUY
2016-03-20T01:02:01.033000;2016-03-20T01:02:01.050000;d8ac7f83-41ad-4374-b744-e2155b8c2713;409.81;0.02;BUY
2016-03-20T01:02:01.033000;2016-03-20T01:02:01.067000;01e30183-24de-4546-bb92-419a1b5d2911;409.81;0.42846;BUY
2016-03-20T01:02:01.210000;2016-03-20T01:02:01.237000;f38a7b90-cb7d-4fa4-8dc7-6b3762c63e2d;409.81;0.02154;BUY
2016-03-20T01:02:01.210000;2016-03-20T01:02:01.237000;ef124a5d-b51c-4dbe-b20a-65d7bdbf3680;409.81;0.08249;BUY
2016-03-20T01:02:01.210000;2016-03-20T01:02:01.237000;13e6be92-072c-4dae-8cec-9816573ec14c;409.82;1.0;BUY
2016-03-20T01:02:01.210000;2016-03-20T01:02:01.237000;a5c2a7d5-ec96-4a4e-a669-b287a60c5bcc;409.83;0.456;BUY
2016-03-20T01:02:01.210000;2016-03-20T01:02:01.237000;582adc5e-ac0a-444a-895f-caa1ec1bb219;409.83;0.05;BUY
2016-03-20T01:02:01.210000;2016-03-20T01:02:01.253000;59fdc363-ed51-4eeb-9cda-0f1ca68b5d5d;409.84;0.42;BUY
2016-03-20T01:02:01.210000;2016-03-20T01:02:01.253000;cddb2bb6-4834-4df0-bf9b-a999133d1c01;409.85;0.095;BUY
2016-03-20T01:02:01.210000;2016-03-20T01:02:01.253000;c6075539-a20e-40db-a24f-989a3345146b;409.85;2.0;BUY
2016-03-20T01:02:01.213000;2016-03-20T01:02:01.253000;50b6b0cc-0302-42e2-b99c-fb3e5035aeec;409.86;1.07025;BUY
2016-03-20T01:02:31.197000;2016-03-20T01:02:31.220000;0a374084-becc-49d0-ba4c-bba60a0312c5;409.79;0.148;BUY
2016-03-20T01:02:31.197000;2016-03-20T01:02:31.220000;9ee80591-d512-496c-9040-79c2e2eebbae;409.83;0.09167;BUY
2016-03-20T01:03:01.230000;2016-03-20T01:03:01.237000;45ed4a93-31fe-4bc4-9262-5d629f710ac8;409.87;0.02;BUY
2016-03-20T01:03:01.230000;2016-03-20T01:03:01.270000;53e548fc-957d-45e2-996c-72c4aab11cc1;409.88;0.02875;BUY
2016-03-20T01:03:31.173000;2016-03-20T01:03:31.190000;82660e8d-154f-4039-a356-63d19f5fa8da;409.74;0.3;SELL
2016-03-20T01:03:31.173000;2016-03-20T01:03:31.190000;1bf297d3-77a1-4478-8f9b-a42f872b5e99;409.71;0.02;SELL
2016-03-20T01:03:31.173000;2016-03-20T01:03:31.190000;f768e993-a198-4390-a38f-f446c46692fa;409.7;0.35665;SELL
2016-03-20T01:03:52.653000;2016-03-20T01:03:52.660000;f11850f7-16e9-474a-9cf8-ddbfdf21e039;409.8;0.01;BUY
2016-03-20T01:03:52.657000;2016-03-20T01:03:52.673000;0a8792c1-162b-4651-ac90-c59c5ae05366;409.87;0.02;BUY
2016-03-20T01:03:52.657000;2016-03-20T01:03:52.673000;d0556269-766c-4bea-9384-19cd2e129a13;409.88;0.31;BUY
2016-03-20T01:04:00.977000;2016-03-20T01:04:00.987000;d92253a4-6c47-4e91-8c51-b48fa551597a;409.74;0.25;SELL
2016-03-20T01:04:00.980000;2016-03-20T01:04:01.003000;c8f2a63d-1edd-4d7b-9504-554f68ded6c8;409.73;0.00361;SELL
2016-03-20T01:04:31.660000;2016-03-20T01:04:31.673000;45b4ecb9-99a4-46da-8a87-a7e4b35c7dd0;409.88;0.26421;BUY
2016-03-20T01:05:01.917000;2016-03-20T01:05:01.940000;7c940d1e-884b-44f8-8ef6-495f009ec955;409.88;0.39704;BUY
2016-03-20T01:05:01.917000;2016-03-20T01:05:01.940000;befb4583-0e04-4da6-a2b4-a305059afe6f;409.89;0.00101;BUY
2016-03-20T01:05:31.467000;2016-03-20T01:05:31.473000;082df5d3-690d-454d-a267-e5bcf3076036;409.88;0.336;BUY
2016-03-20T01:05:31.467000;2016-03-20T01:05:31.473000;5a9fe01e-7e15-4f12-9833-8529ed058d6e;409.89;0.03652;BUY
2016-03-20T01:06:01.387000;2016-03-20T01:06:01.433000;a446cd73-0747-4132-9d6a-29226aa07d55;409.88;0.315;BUY
2016-03-20T01:06:01.387000;2016-03-20T01:06:01.450000;c36f79ba-4d29-4eff-af14-c5a4868dd9a9;409.89;0.86267;BUY
2016-03-20T01:06:31.093000;2016-03-20T01:06:31.137000;c1343f2a-5e1a-4e6d-a842-3762803f2a49;409.89;0.18117;BUY
2016-03-20T01:08:31.013000;2016-03-20T01:08:31.060000;398e3558-bf85-46bd-b555-544bea1f2082;409.83;0.016392;SELL
2016-03-20T01:08:31.017000;2016-03-20T01:08:31.073000;72deffc9-b502-41a4-9277-898c01119e3f;409.76;0.1;SELL
2016-03-20T01:08:31.017000;2016-03-20T01:08:31.073000;828484ca-0de8-4e20-bc2e-6580aa3580bf;409.75;0.01;SELL
2016-03-20T01:08:31.017000;2016-03-20T01:08:31.073000;cd2c34d3-9f7a-489f-9700-e1841177a6d2;409.71;0.02;SELL
2016-03-20T01:08:31.017000;2016-03-20T01:08:31.090000;389c3a45-bc97-4174-93b4-e8b4fcd2ce1f;409.71;0.044468;SELL
2016-03-20T01:08:40.963000;2016-03-20T01:08:40.997000;4a8360b7-d963-412f-b787-c8795e04b63f;409.84;0.21;BUY
2016-03-20T01:08:40.967000;2016-03-20T01:08:41.027000;e292f5ce-d7c2-4bb9-be02-68b34f373e88;409.85;0.313;BUY
2016-03-20T01:08:40.967000;2016-03-20T01:08:41.027000;4b6aafcc-1ae8-49ad-bf95-55a8982585cb;409.85;0.01;BUY
2016-03-20T01:09:31.467000;2016-03-20T01:09:31.513000;55df423f-8ee4-4d4b-b99b-12f5aa7199d0;409.86;0.299;BUY
2016-03-20T01:09:31.467000;2016-03-20T01:09:31.513000;786286b8-5313-45c0-85b5-4da4c348d15a;409.86;0.0673;BUY
2016-03-20T01:10:31.177000;2016-03-20T01:10:31.200000;aaec38cb-df66-45eb-880a-0a4e10ec7bd6;409.87;0.02;BUY
2016-03-20T01:10:31.177000;2016-03-20T01:10:31.230000;a84c13cd-6a21-4657-a342-bd19d051e986;409.87;0.62015;BUY
2016-03-20T01:12:01.037000;2016-03-20T01:12:01.060000;a1f8af25-b483-4745-ab24-69159e0f979b;409.87;0.05313;BUY
2016-03-20T01:12:31.120000;2016-03-20T01:12:31.153000;ccb2a199-ae17-4b25-836e-42f4fe309c80;409.87;0.466;BUY
2016-03-20T01:13:44.083000;2016-03-20T01:13:44.120000;47bf5d1f-c1c0-478f-a197-36a231b5c7de;409.87;0.85302;BUY
2016-03-20T01:13:44.083000;2016-03-20T01:13:44.120000;9afe31dc-7bd5-4e28-aa2c-27a4e1b84aa9;409.89;1.95783;BUY
2016-03-20T01:13:44.083000;2016-03-20T01:13:44.120000;38917335-1672-4457-9111-21afc7e9106f;409.9;0.01004;BUY
2016-03-20T01:13:44.083000;2016-03-20T01:13:44.120000;ef082bb4-3755-4a80-9820-69b3b6a5d70c;409.9;12.17911;BUY
2016-03-20T01:14:01.587000;2016-03-20T01:14:01.653000;6ddff1e2-84c2-4171-aee1-ad49eb1d3b11;409.9;4.41643;BUY
2016-03-20T01:14:33.047000;2016-03-20T01:14:33.073000;90042fa1-5134-46c7-886a-fc0b0f0a3adb;409.9;0.07679;BUY
2016-03-20T01:15:01.410000;2016-03-20T01:15:01.433000;ebbd5884-3c47-4b5f-99aa-857f108fa811;409.9;0.01159;BUY
2016-03-20T01:15:31.357000;2016-03-20T01:15:31.387000;6c006d3f-949a-4666-a6de-8868c52050af;409.9;0.20471;BUY
2016-03-20T01:16:34.150000;2016-03-20T01:16:34.170000;34b39167-8063-4e88-b705-8be1489306c6;409.9;0.1546;BUY
2016-03-20T01:17:01.723000;2016-03-20T01:17:01.747000;58c251c7-c047-4c52-af35-0af093c1b0eb;409.9;1.0;BUY
2016-03-20T01:17:08.863000;2016-03-20T01:17:08.887000;5303274c-8b4e-4d0f-a519-463ffbb3f6a9;409.9;0.03553;BUY
2016-03-20T01:17:29.373000;2016-03-20T01:17:29.387000;facd3665-f338-4d31-83a2-1527a6d2c134;409.89;0.02;SELL
2016-03-20T01:17:31.410000;2016-03-20T01:17:31.450000;0824eae2-364a-489c-bbf9-6abb49afaa8f;409.89;0.23;SELL
2016-03-20T01:17:31.410000;2016-03-20T01:17:31.467000;a94ab7d0-f60f-4699-ac9e-d63a4f1e6961;409.89;0.05;SELL
2016-03-20T01:17:31.413000;2016-03-20T01:17:31.467000;e41626ce-f553-421d-8c77-24eff40bc6cb;409.89;0.05;SELL
2016-03-20T01:17:31.413000;2016-03-20T01:17:31.467000;a5fbe0ff-37bd-4f23-9591-76665cb403db;409.88;0.01;SELL
2016-03-20T01:17:31.413000;2016-03-20T01:17:31.467000;4e0b3271-7a8c-42e5-ab33-e53fc68aeaa0;409.87;0.072;SELL
2016-03-20T01:17:31.413000;2016-03-20T01:17:31.467000;d180267c-805d-4bcb-bacb-ffc0b6469166;409.81;0.082;SELL
2016-03-20T01:17:31.413000;2016-03-20T01:17:31.467000;cd653050-470f-4886-ae7f-91dd58fa7ae8;409.77;0.083;SELL
2016-03-20T01:17:31.413000;2016-03-20T01:17:31.467000;5a7ffef4-56b0-444f-ac31-2cb8158b9014;409.75;0.0115;SELL
2016-03-20T01:17:31.413000;2016-03-20T01:17:31.480000;a7a3a551-9a0f-4225-9c24-32706adbffa5;409.72;0.01;SELL
2016-03-20T01:17:31.413000;2016-03-20T01:17:31.480000;ef2b0738-61e9-4197-a0cc-52f4e35c0bd4;409.72;0.073;SELL
2016-03-20T01:17:31.413000;2016-03-20T01:17:31.480000;24deaf92-eb6c-4174-b025-917fb0151506;409.72;0.05;SELL
2016-03-20T01:17:31.413000;2016-03-20T01:17:31.480000;1794b277-d86c-4e64-bcff-c0605da4599b;409.72;0.05;SELL
2016-03-20T01:17:31.413000;2016-03-20T01:17:31.497000;3ad716e9-7f50-45c3-b7fc-f9dbad7f2e19;409.72;0.05;SELL
2016-03-20T01:17:31.413000;2016-03-20T01:17:31.497000;30c95840-06dd-4b34-8a64-bc4a4f70e2ee;409.71;0.02;SELL
2016-03-20T01:17:31.413000;2016-03-20T01:17:31.497000;4804c300-7a82-45f2-9df3-fe39e5733573;409.69;0.01;SELL
2016-03-20T01:17:31.413000;2016-03-20T01:17:31.497000;96d43a90-6738-4359-b48c-e20c6b7be5df;409.66;0.165;SELL
2016-03-20T01:17:31.413000;2016-03-20T01:17:31.497000;fed2d9f6-202c-4c86-b370-4efb34aaa489;409.65;0.02;SELL
2016-03-20T01:17:31.417000;2016-03-20T01:17:31.497000;b40c37d2-926d-491d-afe9-0cf6acb20161;409.64;0.1;SELL
2016-03-20T01:17:31.417000;2016-03-20T01:17:31.497000;f9204aff-d52c-4ae7-8252-1db7fdcdd54d;409.63;0.5;SELL
2016-03-20T01:17:31.417000;2016-03-20T01:17:31.513000;b2c96430-6c0f-44c1-b46d-a0df7c2b718b;409.63;1.0;SELL
2016-03-20T01:17:31.417000;2016-03-20T01:17:31.513000;ab206f49-cad8-4b06-8e5b-15ae08f147ce;409.62;2.19741;SELL
2016-03-20T01:18:01.423000;2016-03-20T01:18:01.433000;d5238ca3-5120-41fa-80d5-25d31e996dda;409.87;0.02;BUY
2016-03-20T01:18:01.423000;2016-03-20T01:18:01.450000;39fca714-e5c6-4370-82ba-bf619e00cd04;409.89;0.1;BUY
2016-03-20T01:18:01.423000;2016-03-20T01:18:01.450000;f98bd0be-1a4d-4957-911f-017c5bda26bf;409.89;0.107;BUY
2016-03-20T01:18:01.423000;2016-03-20T01:18:01.480000;3722da4f-c504-4e1e-a86a-099fe5dd8bc8;409.89;0.15;BUY
2016-03-20T01:18:01.423000;2016-03-20T01:18:01.480000;794e9f5d-59d1-41a8-89ec-1ee0f404ac7b;409.9;1.60851;BUY
2016-03-20T01:18:31.260000;2016-03-20T01:18:31.263000;30433a40-c289-4c3c-86e5-94afe6e393a2;409.82;0.25;SELL
2016-03-20T01:18:31.260000;2016-03-20T01:18:31.293000;ae8650fe-d2a2-4964-a655-45ad9be6d0d4;409.75;0.01;SELL
2016-03-20T01:18:31.260000;2016-03-20T01:18:31.293000;eca82170-3f2f-4085-8d39-e8bdfb5ee1fc;409.75;0.12;SELL
2016-03-20T01:18:31.260000;2016-03-20T01:18:31.293000;b451d39c-7550-423e-921a-ad13cc8ffc18;409.71;0.02;SELL
2016-03-20T01:18:31.260000;2016-03-20T01:18:31.310000;dd664850-df26-400f-a506-d70c8855f098;409.7;0.072;SELL
2016-03-20T01:18:31.260000;2016-03-20T01:18:31.310000;42c3cd5d-b541-422f-a9a9-ce53b61387a9;409.65;0.02;SELL
2016-03-20T01:18:31.260000;2016-03-20T01:18:31.310000;10d22e8c-8ebc-47ff-ad38-927f04524b0d;409.65;0.098;SELL
2016-03-20T01:18:31.260000;2016-03-20T01:18:31.310000;cdf5963a-0692-4342-8703-90c410415bb4;409.63;0.04377;SELL
2016-03-20T01:19:01.633000;2016-03-20T01:19:01.637000;15af3f02-58b1-4bb4-86b3-39acabdf3512;409.8;0.41116;BUY
2016-03-20T01:19:31.483000;2016-03-20T01:19:31.513000;43a3f2ed-5120-43bc-acc4-4b372ed1fd06;409.79;0.14498;BUY
2016-03-20T01:20:02.843000;2016-03-20T01:20:02.857000;0fdbb498-5022-481b-afeb-95f1039a7b1a;409.81;0.02;BUY
2016-03-20T01:20:02.843000;2016-03-20T01:20:02.873000;5a1d3da2-19ce-41e4-b395-9fca213dec8a;409.81;0.089;BUY
2016-03-20T01:20:02.843000;2016-03-20T01:20:02.873000;5513c272-c435-45c9-8a99-62b5a9a3dc12;409.85;0.39835;BUY
2016-03-20T01:20:21.753000;2016-03-20T01:20:21.763000;18e8dc14-25b2-4546-98a4-16865328c334;409.86;0.05;BUY
2016-03-20T01:20:21.753000;2016-03-20T01:20:21.793000;bad98c5c-ef6c-45fe-9c53-5a09cd1f6c08;409.87;0.00376;BUY
2016-03-20T01:20:21.797000;2016-03-20T01:20:21.810000;855e2876-47c3-40f0-8a99-aee7e06195e3;409.87;0.01624;BUY
2016-03-20T01:20:21.797000;2016-03-20T01:20:21.823000;439d0775-417d-4e8b-865c-f1ee80084c50;409.87;0.27;BUY
2016-03-20T01:20:31.810000;2016-03-20T01:20:31.810000;b7941761-19be-488c-a726-bafa67f14e94;409.87;0.42;BUY
2016-03-20T01:20:31.810000;2016-03-20T01:20:31.823000;97f971be-100c-48c8-971e-164eb524d4bf;409.88;0.24635;BUY
2016-03-20T01:21:01.270000;2016-03-20T01:21:01.333000;98102219-378c-4abe-8cdb-81e5109bff21;409.88;0.19325;BUY
2016-03-20T01:21:03.020000;2016-03-20T01:21:03.083000;2b97ed71-fd86-468e-a8ab-c847ea795c33;409.71;0.02;SELL
2016-03-20T01:21:03.020000;2016-03-20T01:21:03.083000;c9e19060-19ad-4e47-a7c7-878cf6e356f0;409.71;0.1;SELL
2016-03-20T01:21:03.020000;2016-03-20T01:21:03.083000;8223a22a-c5e2-49d1-8688-acd066a3fc8e;409.71;0.14;SELL
2016-03-20T01:22:03.763000;2016-03-20T01:22:03.817000;930a4c63-749a-4abd-ad29-0a04822005f7;409.87;0.02;BUY
2016-03-20T01:22:03.767000;2016-03-20T01:22:03.833000;041e133b-1451-4772-beff-8775ba6ab5c1;409.87;0.14;BUY
2016-03-20T01:22:03.767000;2016-03-20T01:22:03.833000;3a1b14c3-72cc-4fb7-a7f1-601df0d7c471;409.88;0.3106;BUY
2016-03-20T01:22:03.767000;2016-03-20T01:22:03.863000;5f4fd68f-3c75-455f-845d-fae8244e4159;409.88;0.1;BUY
2016-03-20T01:22:03.767000;2016-03-20T01:22:03.863000;e2735389-5eb8-4fda-87e2-37486fbc6529;409.89;0.134;BUY
2016-03-20T01:22:03.767000;2016-03-20T01:22:03.863000;98b46d7d-b8f0-4fc6-a5cd-69aecedd84c7;409.9;2.90015;BUY
2016-03-20T01:22:34.117000;2016-03-20T01:22:34.177000;685237eb-071c-4150-bec7-e4dc3338ddd5;409.73;0.07606;SELL
2016-03-20T01:23:01.553000;2016-03-20T01:23:01.597000;cae12fa6-248e-4e3c-b624-78160a10ba0d;409.76;0.04851;SELL
2016-03-20T01:24:01.680000;2016-03-20T01:24:01.723000;2a60a25f-1a4b-4e8b-9a44-4f5cb2032f57;409.89;0.07604;BUY
2016-03-20T01:25:01.373000;2016-03-20T01:25:01.427000;4ec1edf4-f70a-4757-8872-01703c0e4905;409.9;0.11418;BUY
2016-03-20T01:25:11.383000;2016-03-20T01:25:11.427000;79e9da51-1b75-4833-bb77-836b1ac90899;409.89;0.04394;BUY
2016-03-20T01:25:11.400000;2016-03-20T01:25:11.440000;a08906f1-92d5-4430-ad71-17cf5aed7e62;409.89;0.05712;BUY
2016-03-20T01:25:11.903000;2016-03-20T01:25:11.957000;0c1e3d8a-9962-4095-b54e-f3b98dfc2187;409.9;0.05355;BUY
2016-03-20T01:25:11.913000;2016-03-20T01:25:11.987000;4f9e52cd-ba3d-4ec6-ad62-4d333dcf1b57;409.9;0.01539;BUY
2016-03-20T01:25:14.377000;2016-03-20T01:25:14.427000;cb440df6-9a71-4c4a-b3c8-38578a305472;409.89;0.296;BUY
2016-03-20T01:25:14.377000;2016-03-20T01:25:14.427000;b4878f45-1e6d-425f-a59e-99345870dcca;409.9;14.704;BUY
2016-03-20T01:25:31.197000;2016-03-20T01:25:31.237000;244123e5-e125-4448-9531-caa290861a2a;409.89;0.284;BUY
2016-03-20T01:25:31.810000;2016-03-20T01:25:31.863000;a50606bf-4b78-48e1-97b7-c8aca99e9801;409.9;0.01406;BUY
2016-03-20T01:26:01.340000;2016-03-20T01:26:01.380000;59ce4c16-7f0f-4ca7-8079-65b594becf6f;409.9;0.57306;BUY
2016-03-20T01:26:06.090000;2016-03-20T01:26:06.143000;40e2bc9c-5caa-4ecc-865a-bf1b1ec658bf;409.9;0.21915216;BUY
2016-03-20T01:26:06.670000;2016-03-20T01:26:06.707000;390b7bee-7f71-42ad-98ad-ebdb23d1c60f;409.9;0.02084784;BUY
2016-03-20T01:26:09.983000;2016-03-20T01:26:10.020000;89902e86-ef81-4502-bac5-863ede58ec8a;409.9;0.07457;BUY
2016-03-20T01:26:10.010000;2016-03-20T01:26:10.067000;8cc5f3bc-6254-4c22-9b63-4ddfb885246f;409.9;0.02543;BUY
2016-03-20T01:26:20.777000;2016-03-20T01:26:20.817000;f33c8237-1024-4e1f-9d7b-90a2555cdba4;409.9;1.59834;BUY
2016-03-20T01:26:30.540000;2016-03-20T01:26:30.583000;4d248321-6ac7-4e1e-8dfc-a53a06d6107f;409.91;0.05;BUY
2016-03-20T01:26:30.540000;2016-03-20T01:26:30.597000;d49388c0-d96d-40ff-8010-85a61bc0eab2;409.91;0.02;BUY
2016-03-20T01:26:32.030000;2016-03-20T01:26:32.083000;176d0967-aff4-40b5-83cc-3f87efb1ddc0;409.93;0.01563;BUY
2016-03-20T01:26:44.027000;2016-03-20T01:26:44.083000;a2b17cf6-130d-4a50-8739-c6179d50ad2b;409.93;0.00437;BUY
2016-03-20T01:26:44.027000;2016-03-20T01:26:44.097000;dfaff59d-215e-401d-9bab-6c52e31875b6;409.95;0.01;BUY
2016-03-20T01:26:44.027000;2016-03-20T01:26:44.097000;a4a5b486-7b96-4fd4-ab36-c2ade80df593;409.95;0.05;BUY
2016-03-20T01:26:44.027000;2016-03-20T01:26:44.097000;cb56ed9d-b494-4d55-a77f-1876b13204a9;409.98;0.01;BUY
2016-03-20T01:26:44.027000;2016-03-20T01:26:44.113000;4ff364e5-91b7-41c4-aad5-4826a08fa6c3;409.98;0.01;BUY
2016-03-20T01:26:44.027000;2016-03-20T01:26:44.113000;40784e98-900c-4ccb-8ee3-74fafe1004ff;409.98;0.01;BUY
2016-03-20T01:26:44.027000;2016-03-20T01:26:44.113000;db0e83eb-7351-4acb-a9d3-5822b772e59f;409.99;0.02;BUY
2016-03-20T01:26:44.027000;2016-03-20T01:26:44.113000;86575c8a-7b37-4570-b423-7b0b751cb805;409.99;0.05;BUY
2016-03-20T01:26:44.027000;2016-03-20T01:26:44.113000;876b4c41-f7f1-4043-94ce-a8e20723190d;410.0;0.01;BUY
2016-03-20T01:26:44.027000;2016-03-20T01:26:44.130000;1944186a-9a18-4010-8c27-268fd3ddf272;410.05;0.02;BUY
2016-03-20T01:26:44.027000;2016-03-20T01:26:44.130000;7910ec7d-fce7-44ef-a09f-52d47b09bb04;410.16;0.01;BUY
2016-03-20T01:26:44.027000;2016-03-20T01:26:44.130000;5c389b6c-99a7-4335-a828-b688e6f7d666;410.2;0.01;BUY
2016-03-20T01:26:44.027000;2016-03-20T01:26:44.130000;c2fde623-dfba-4eb6-a33e-89614e506db4;410.24;0.05;BUY
2016-03-20T01:26:44.030000;2016-03-20T01:26:44.130000;2df3ea82-c6f2-4407-902b-1986a1d3a46c;410.24;0.112;BUY
2016-03-20T01:26:44.030000;2016-03-20T01:26:44.130000;e029697c-5317-4387-bc47-eeeb64741242;410.29;0.074;BUY
2016-03-20T01:26:44.030000;2016-03-20T01:26:44.130000;4c87bb85-047d-42b4-b709-f43689957268;410.33;1.0;BUY
2016-03-20T01:26:44.030000;2016-03-20T01:26:44.130000;c34a68b7-f0bc-4f7f-92b5-f7d6e28ed809;410.34;1.82626801;BUY
2016-03-20T01:26:44.030000;2016-03-20T01:26:44.143000;b162c6d2-c1a9-4053-9e8a-ce6e664841ae;410.34;0.115;BUY
2016-03-20T01:26:44.030000;2016-03-20T01:26:44.143000;242da708-eb83-4c71-9cd3-f7f163306125;410.39;0.344;BUY
2016-03-20T01:26:44.030000;2016-03-20T01:26:44.143000;036c9430-eb25-438d-8bc0-8f7cc11da398;410.4;0.01;BUY
2016-03-20T01:26:44.030000;2016-03-20T01:26:44.160000;49aec1ed-a754-423a-b6e5-4e6379f089e6;410.4;0.01;BUY
2016-03-20T01:26:44.033000;2016-03-20T01:26:44.160000;a23d91ee-3742-4ad6-b790-96df240d76f4;410.4;0.01;BUY
2016-03-20T01:26:44.033000;2016-03-20T01:26:44.160000;1f936126-acbd-44a4-8a4c-128c2d361f4e;410.41;1.1085;BUY
2016-03-20T01:26:44.033000;2016-03-20T01:26:44.177000;84e75a8f-9750-41b7-8c20-7f7c660af7e5;410.41;0.1;BUY
2016-03-20T01:26:44.033000;2016-03-20T01:26:44.177000;b5ec0f0b-f372-4e2d-8e69-630b47f20c17;410.42;1.82626801;BUY
2016-03-20T01:26:44.033000;2016-03-20T01:26:44.177000;38632355-b82f-45fd-bd87-fd0715cdd3e8;410.44;0.337;BUY
2016-03-20T01:27:01.903000;2016-03-20T01:27:01.957000;da098586-698d-4e53-b450-e184dbb62652;410.48;0.05;BUY
2016-03-20T01:27:01.903000;2016-03-20T01:27:01.973000;4f18fbe1-29f6-4612-87f5-6d2bd07f7c72;410.5;0.01;BUY
2016-03-20T01:27:01.903000;2016-03-20T01:27:01.973000;f40d138b-7f80-41ae-ba8e-f20372925a83;410.51;0.74502;BUY
2016-03-20T01:27:20.830000;2016-03-20T01:27:20.880000;dd6b3f98-4569-419e-b8ad-ff52119696d5;410.51;0.0375;BUY
2016-03-20T01:27:20.993000;2016-03-20T01:27:21.037000;51155c40-5039-48c6-bb42-2684ff1685dd;410.51;0.05;BUY
2016-03-20T01:27:21.163000;2016-03-20T01:27:21.207000;14842111-b26c-4e58-bcf2-fdbf52b98159;410.51;0.0375;BUY
2016-03-20T01:27:31.883000;2016-03-20T01:27:31.927000;9023c9b5-91d3-4f1e-8eb9-6c56456da9f1;410.51;0.68096;BUY
2016-03-20T01:27:42.377000;2016-03-20T01:27:42.410000;96e15421-1ddb-409f-bee8-a70e65dfbfc0;410.51;0.27528801;BUY
2016-03-20T01:27:44.590000;2016-03-20T01:27:44.630000;4d2cd680-87fc-479a-8c85-689e11fdde26;410.55;0.01;BUY
2016-03-20T01:27:44.590000;2016-03-20T01:27:44.643000;8ab9f504-ad7a-4d7f-b38e-92b3bd3ef671;410.55;0.011366;BUY
2016-03-20T01:27:48.830000;2016-03-20T01:27:48.880000;df081545-2771-4408-82ab-90ffb57a894e;410.56;0.01;BUY
2016-03-20T01:27:48.830000;2016-03-20T01:27:48.893000;e2b5e980-e0d4-4826-a21e-5d1e2704e480;410.56;0.02;BUY
2016-03-20T01:27:59.657000;2016-03-20T01:27:59.707000;9c2b7a15-493b-4642-a1ba-4f977e321a99;410.62;0.01;BUY
2016-03-20T01:27:59.657000;2016-03-20T01:27:59.707000;c30452cc-daa5-42f1-a8dc-9a823feaff0f;410.73;0.01;BUY
2016-03-20T01:27:59.657000;2016-03-20T01:27:59.707000;3fdfa6da-6a71-47c2-a635-db2e6fd9a502;410.76;0.02;BUY
2016-03-20T01:27:59.657000;2016-03-20T01:27:59.707000;c9e288d2-180d-48eb-9b73-e226e3503804;410.77;0.02;BUY
2016-03-20T01:28:01.643000;2016-03-20T01:28:01.690000;5e14cb19-8190-46a8-b9bd-7e50dfc5e517;410.9;0.31346;BUY
2016-03-20T01:29:01.817000;2016-03-20T01:29:01.863000;d55e52fa-9eeb-4b6f-b63a-621b0df4df6f;410.9;0.01181;BUY
2016-03-20T01:30:01.390000;2016-03-20T01:30:01.427000;0c273cf7-c214-46a7-b7ff-24016ce0257a;410.9;0.64473;BUY
2016-03-20T01:30:01.390000;2016-03-20T01:30:01.427000;4c658a6a-594e-4e8f-9e75-c7120aa2963f;410.9;0.282;BUY
2016-03-20T01:30:01.390000;2016-03-20T01:30:01.457000;26a205b1-e411-4027-bcc2-fcbf7ba87d5a;410.9;0.35034;BUY
2016-03-20T01:30:31.413000;2016-03-20T01:30:31.440000;a95b0065-9052-42f3-8454-112a7131d1e2;410.9;0.31324;BUY
2016-03-20T01:30:57.057000;2016-03-20T01:30:57.083000;bfa93c3c-12dc-42c0-815e-423de6c483f2;410.9;0.252;BUY
2016-03-20T01:30:57.083000;2016-03-20T01:30:57.130000;2aff3e74-e764-4ff2-98b9-736f1935ed8d;410.9;0.022;BUY
2016-03-20T01:30:57.090000;2016-03-20T01:30:57.130000;7d3c70a7-e6f2-4ac5-9900-b7b561113594;410.9;0.020964;BUY
2016-03-20T01:31:01.420000;2016-03-20T01:31:01.457000;c59fc462-8e79-4a14-bcb4-a5f0fa8dae71;410.9;1.00273;BUY
2016-03-20T01:32:31.613000;2016-03-20T01:32:31.643000;2c6b03d7-85e7-43e9-9d31-691c5e0512f0;410.89;0.05;SELL
2016-03-20T01:32:31.613000;2016-03-20T01:32:31.660000;b8f4623c-76c1-46c5-ac43-8bd1caa720a1;410.89;0.19;SELL
2016-03-20T01:32:31.613000;2016-03-20T01:32:31.660000;a6fcecbc-aee1-4ba5-a22e-e90ecf4ae405;410.89;0.41118;SELL
2016-03-20T01:32:41.343000;2016-03-20T01:32:41.363000;0a27c20d-23af-4207-804c-82e1585b5974;410.9;0.18;BUY
2016-03-20T01:32:48.043000;2016-03-20T01:32:48.067000;ddf81809-2aa1-4642-8deb-2ec78e50eaab;410.9;0.606726;BUY
2016-03-20T01:32:48.043000;2016-03-20T01:32:48.083000;782e2bf7-882d-4301-ac7c-ce2ab92f60cf;410.93;0.02;BUY
2016-03-20T01:32:48.043000;2016-03-20T01:32:48.083000;aba9d267-03c3-42a8-898a-fa800358915a;410.95;0.01;BUY
2016-03-20T01:32:48.043000;2016-03-20T01:32:48.083000;c1eb7981-bbbe-4302-8a46-b659d71e9cda;410.95;0.049638;BUY
2016-03-20T01:32:48.050000;2016-03-20T01:32:48.097000;a31e32ca-2b96-4c0e-a6a9-4b27a5ca5857;410.95;0.034036;BUY
2016-03-20T01:33:01.303000;2016-03-20T01:33:01.333000;bc7759ad-9b42-476c-b9cc-c538a146fdbf;410.92;0.25;SELL
2016-03-20T01:33:01.303000;2016-03-20T01:33:01.347000;bf2cfed1-0f9d-4cb7-974d-1a6609c4c84a;410.92;0.05;SELL
2016-03-20T01:33:01.303000;2016-03-20T01:33:01.347000;3de9c0a8-3167-43cb-9ae3-8e9a729eff07;410.92;0.15753;SELL
2016-03-20T01:33:19.197000;2016-03-20T01:33:19.223000;2684373f-3132-47c0-9c81-beae6314be33;410.93;0.02;BUY
2016-03-20T01:33:25.643000;2016-03-20T01:33:25.690000;de9d550a-1b69-4368-9191-ea0920cbda95;410.95;0.616326;BUY
2016-03-20T01:33:25.643000;2016-03-20T01:33:25.707000;92af3a08-f976-462d-9992-7cbafcd51408;410.96;0.01;BUY
2016-03-20T01:33:25.643000;2016-03-20T01:33:25.707000;fef4f9f7-ffb4-42f1-9879-af83663f5fdb;411.0;0.63279261;BUY
2016-03-20T01:33:25.643000;2016-03-20T01:33:25.707000;0e7d9683-e492-441a-9e74-68728dfb238d;411.0;0.01;BUY
2016-03-20T01:33:25.643000;2016-03-20T01:33:25.707000;8b2ea7c9-ec8a-4013-aada-a0d73451aabe;411.0;0.05;BUY
2016-03-20T01:33:25.643000;2016-03-20T01:33:25.707000;5dfa68af-b8e2-4a32-afdf-a9ef330bff74;411.0;0.1;BUY
2016-03-20T01:33:25.643000;2016-03-20T01:33:25.707000;b56851de-8e3c-4cf3-bd69-eac1c41095fe;411.0;3.4;BUY
2016-03-20T01:33:25.643000;2016-03-20T01:33:25.723000;c2e93592-4e07-4ced-b14b-5697a86d874d;411.01;0.18269045;BUY
2016-03-20T01:33:25.643000;2016-03-20T01:33:25.723000;78dbfc40-80f0-4bd0-98a1-f05d10737292;411.01;0.25;BUY
2016-03-20T01:33:25.647000;2016-03-20T01:33:25.723000;5712c624-f721-48c5-b891-e95739ce84b8;411.01;0.25;BUY
2016-03-20T01:33:25.647000;2016-03-20T01:33:25.723000;d8a3af6f-dfb8-465e-8780-9c0f221128ce;411.03;0.01;BUY
2016-03-20T01:33:25.647000;2016-03-20T01:33:25.723000;cf70cf89-9408-4bcf-9206-7846d6141b8b;411.04;0.25;BUY
2016-03-20T01:33:25.647000;2016-03-20T01:33:25.723000;bb56a81e-d303-45af-b8e8-9486047b657b;411.05;0.25;BUY
2016-03-20T01:33:25.647000;2016-03-20T01:33:25.723000;19554ad9-c4d9-45a6-a13d-69be492e10e7;411.05;0.25;BUY
2016-03-20T01:33:25.647000;2016-03-20T01:33:25.740000;6d08e9b9-24c8-42ed-aba9-bcc6279e27fd;411.06;0.01;BUY
2016-03-20T01:33:25.647000;2016-03-20T01:33:25.740000;ff903ee3-0326-4986-8c5f-b18113f13fdf;411.07;0.25;BUY
2016-03-20T01:33:32.277000;2016-03-20T01:33:32.300000;ad01ea67-d830-478f-b776-506de2f49028;411.08;0.25;BUY
2016-03-20T01:33:32.277000;2016-03-20T01:33:32.317000;eb649067-6db9-4f83-815f-206a67e59b66;411.08;0.25;BUY
2016-03-20T01:33:32.277000;2016-03-20T01:33:32.317000;08181725-a8d7-405c-ac43-44db3c4d7617;411.09;0.25;BUY
2016-03-20T01:33:32.277000;2016-03-20T01:33:32.317000;3b27b4dc-c714-4064-8190-9dd858fa1969;411.09;0.25;BUY
2016-03-20T01:33:32.277000;2016-03-20T01:33:32.333000;02fe318f-02bf-436b-891c-c667a5c72efd;411.09;0.25;BUY
2016-03-20T01:33:32.280000;2016-03-20T01:33:32.333000;0a3d89af-285b-4a66-bcd1-b64bd0a8027d;411.1;0.25;BUY
2016-03-20T01:33:32.280000;2016-03-20T01:33:32.333000;186c4a1e-32eb-4b61-895f-f54490a16668;411.1;0.01;BUY
2016-03-20T01:33:32.280000;2016-03-20T01:33:32.333000;275f244d-6b3f-4042-9320-a35f63ab4e55;411.1;0.01;BUY
2016-03-20T01:33:32.280000;2016-03-20T01:33:32.333000;484b9b00-0ad8-4647-93c2-ce14076149eb;411.11;0.25;BUY
2016-03-20T01:33:32.280000;2016-03-20T01:33:32.347000;c973981e-13ea-4633-a9c3-daf93cb54ba2;411.11;0.02946653;BUY
2016-03-20T01:33:32.280000;2016-03-20T01:33:32.347000;abbe4faf-90a7-407a-97b2-6d9776bd0568;411.12;0.02064706;BUY
2016-03-20T01:33:32.280000;2016-03-20T01:33:32.347000;0e02bbba-9452-4b9f-85f5-fa6c507b336d;411.12;0.25;BUY
2016-03-20T01:33:32.280000;2016-03-20T01:33:32.347000;d9049a70-318e-42d1-b442-6fe452e730eb;411.13;0.01;BUY
2016-03-20T01:33:32.280000;2016-03-20T01:33:32.363000;922369d1-4fd7-411d-b16a-322ae78f2ac1;411.13;0.02;BUY
2016-03-20T01:33:32.280000;2016-03-20T01:33:32.363000;58dea2cd-f0d6-4b8c-8133-60abf77dcea0;411.16;0.02;BUY
2016-03-20T01:33:32.280000;2016-03-20T01:33:32.363000;3cc4e367-eb25-4f02-991c-6f6cf5fbfcc6;411.17;0.01;BUY
2016-03-20T01:33:32.280000;2016-03-20T01:33:32.410000;2738ea1f-8d92-4ba8-aef5-d7a934926d8a;411.17;0.01722431;BUY
2016-03-20T01:33:32.280000;2016-03-20T01:33:32.410000;6a592302-3b33-4ed7-981a-1c482489250b;411.17;0.19;BUY
2016-03-20T01:33:32.280000;2016-03-20T01:33:32.410000;2c62a882-efbb-40ad-bd04-c76b0a2a1d52;411.21;0.01141815;BUY
2016-03-20T01:33:32.280000;2016-03-20T01:33:32.410000;c2a922ec-5f03-41b0-9442-849b745b477d;411.21;0.01;BUY
2016-03-20T01:33:39.943000;2016-03-20T01:33:39.973000;aa44b90c-a57c-4483-9dfe-6421e811828b;411.24;0.5;BUY
2016-03-20T01:33:57.700000;2016-03-20T01:33:57.723000;583aa283-ead9-4241-9f24-9e2b5fa57aa7;411.24;0.1;BUY
2016-03-20T01:33:57.700000;2016-03-20T01:33:57.740000;00f9551a-6278-4d67-8121-7274ef66e60a;411.24;0.14030282;BUY
2016-03-20T01:34:01.457000;2016-03-20T01:34:01.490000;6ab7d184-27ae-4179-8028-98ed6856a256;411.25;0.08151509;BUY
2016-03-20T01:34:01.457000;2016-03-20T01:34:01.503000;8b4ac7ae-1df5-484b-a9e6-f3c2604e765c;411.25;0.01;BUY
2016-03-20T01:34:01.457000;2016-03-20T01:34:01.503000;54bcb2ed-23ea-469e-b6ca-cdcbb8fc5d8e;411.28;0.00478491;BUY
2016-03-20T01:34:32.287000;2016-03-20T01:34:32.317000;f5fab262-e0a2-42a4-b3f9-71a2fb7f5cc5;411.28;0.07780332;BUY
2016-03-20T01:34:32.287000;2016-03-20T01:34:32.333000;9148234b-0b03-405b-a15e-69c072df9b5e;411.28;0.1;BUY
2016-03-20T01:34:32.287000;2016-03-20T01:34:32.333000;ad9248bd-1ac5-4291-9415-8ed212078b63;411.29;0.01;BUY
2016-03-20T01:34:32.287000;2016-03-20T01:34:32.333000;bd24a54f-cd50-4584-b1ec-d25fc14f4dfb;411.29;0.01389177;BUY
2016-03-20T01:34:32.287000;2016-03-20T01:34:32.347000;c37faaa1-e506-4f32-b776-e0d1ab267ac0;411.33;0.01;BUY
2016-03-20T01:34:32.287000;2016-03-20T01:34:32.347000;16a63e51-b0ee-4865-8038-801272643959;411.33;0.02;BUY
2016-03-20T01:34:32.287000;2016-03-20T01:34:32.347000;469bbe5d-4e92-453c-b8c9-7438642d9d12;411.33;0.077;BUY
2016-03-20T01:34:32.287000;2016-03-20T01:34:32.347000;a4eba102-7c5e-41fb-83c8-177cb45df043;411.37;0.01;BUY
2016-03-20T01:34:32.287000;2016-03-20T01:34:32.347000;e1065999-ede9-45ea-92fa-7d869f77a286;411.37;0.08420773;BUY
2016-03-20T01:34:32.287000;2016-03-20T01:34:32.363000;95f896f8-917a-4661-9b2b-df28f0bb2a26;411.38;0.124;BUY
2016-03-20T01:34:32.287000;2016-03-20T01:34:32.363000;d6c7dc3c-1803-45ad-bdb3-874c387db663;411.41;0.01;BUY
2016-03-20T01:34:32.287000;2016-03-20T01:34:32.363000;3a93bcde-c503-4342-a1ce-d70737977ebd;411.43;0.082;BUY
2016-03-20T01:34:32.290000;2016-03-20T01:34:32.380000;f6c9091a-552f-43e1-9c5c-0805b3d90da9;411.44;0.02607421;BUY
2016-03-20T01:34:32.290000;2016-03-20T01:34:32.380000;b1a9a723-c2df-43cf-9d59-c08c688b13a7;411.45;0.01;BUY
2016-03-20T01:34:32.290000;2016-03-20T01:34:32.380000;d71dff49-db9d-409f-b51a-6664b07b3069;411.48;0.091;BUY
2016-03-20T01:34:32.290000;2016-03-20T01:34:32.380000;37747a4f-ee52-4874-a7ff-445e2ca0ea80;411.49;0.01;BUY
2016-03-20T01:34:32.290000;2016-03-20T01:34:32.380000;7ede9a89-487a-48fa-bf27-9675a2e11444;411.5;0.01419297;BUY
2016-03-20T01:35:31.790000;2016-03-20T01:35:31.817000;664d946f-ac5b-4fbb-8dff-95117ef2a430;411.33;0.02;BUY
2016-03-20T01:35:31.793000;2016-03-20T01:35:31.833000;5cdd83cb-6e91-4a18-b107-1dc614317142;411.48;0.23;BUY
2016-03-20T01:35:31.793000;2016-03-20T01:35:31.833000;9d098976-1519-4d46-9ade-1aac16c18e96;411.5;0.24954528;BUY
2016-03-20T01:35:31.793000;2016-03-20T01:35:31.833000;c0d46752-df84-49bf-a6ce-5ae53e99df09;411.5;1.19963472;BUY
2016-03-20T01:36:01.670000;2016-03-20T01:36:01.693000;2251d705-97e1-4987-a765-af9259de76c9;411.37;0.03054;SELL
2016-03-20T01:36:31.533000;2016-03-20T01:36:31.583000;ac610bc6-11ef-4f67-b04a-0a3ee1acb688;411.5;0.30919;BUY
2016-03-20T01:36:43.497000;2016-03-20T01:36:43.537000;9d9c14af-d00f-4a8c-992e-d684c0a46ebb;411.5;0.1;BUY
2016-03-20T01:36:44.967000;2016-03-20T01:36:45.007000;7ac3edf8-44f0-4441-9069-8c63993e0b28;411.5;0.39117528;BUY
2016-03-20T01:36:47.210000;2016-03-20T01:36:47.257000;22a07e9f-c1ba-4a17-8928-bb0323919878;411.53;0.01;BUY
2016-03-20T01:36:47.210000;2016-03-20T01:36:47.270000;d7d90d6c-8723-4688-a2e6-43bef3e190bb;411.53;0.02;BUY
2016-03-20T01:36:47.210000;2016-03-20T01:36:47.270000;d8eac99c-6ff0-49c5-928e-a57c756ba691;411.55;0.02;BUY
2016-03-20T01:36:47.210000;2016-03-20T01:36:47.287000;92b6bd60-cc85-458a-b1af-4012433e7f30;411.57;0.01;BUY
2016-03-20T01:36:47.210000;2016-03-20T01:36:47.287000;c5969d2d-432e-4b8b-9506-668f0c5c4841;411.6;0.01;BUY
2016-03-20T01:36:47.210000;2016-03-20T01:36:47.287000;573a4d4b-6638-415a-94a7-252ff3e903e6;411.64;0.2;BUY
2016-03-20T01:36:47.210000;2016-03-20T01:36:47.287000;07b8e7ec-6a10-4197-96a6-0ba209c76a8e;411.68;0.010025;BUY
2016-03-20T01:36:47.210000;2016-03-20T01:36:47.287000;7cb43949-9462-4d70-b201-e24adee0d84c;411.71;0.02941691;BUY
2016-03-20T01:36:47.210000;2016-03-20T01:36:47.303000;78426350-019f-4859-a149-bc2ca14c0a8a;411.74;0.05582208;BUY
2016-03-20T01:36:47.210000;2016-03-20T01:36:47.303000;47e9459e-50e8-4848-bcb2-0379816ad74b;411.75;0.08151482;BUY
2016-03-20T01:36:47.210000;2016-03-20T01:36:47.303000;30ab6a82-103e-45f9-ad09-d69e6d3eb194;411.75;0.22328833;BUY
2016-03-20T01:36:47.210000;2016-03-20T01:36:47.303000;b14c1eae-64a1-4c3a-9277-bca017ba7f8c;411.75;0.01;BUY
2016-03-20T01:36:47.210000;2016-03-20T01:36:47.350000;de1377d8-7ae0-468a-a269-c8413d2a36d3;411.76;0.142;BUY
2016-03-20T01:36:47.210000;2016-03-20T01:36:47.363000;7325d62c-9bb3-41c8-a668-f6c5f3dea876;411.81;0.159;BUY
2016-03-20T01:36:47.210000;2016-03-20T01:36:47.363000;3c8a96d1-63f7-4d9c-96f9-4a511043e375;411.85;0.03601465;BUY
2016-03-20T01:36:47.210000;2016-03-20T01:36:47.363000;9e742e21-5d45-4159-a905-7bdaad3c11ce;411.9;0.218;BUY
2016-03-20T01:36:47.210000;2016-03-20T01:36:47.363000;fb443eb2-8d9d-41eb-8994-5b28e5f9ea64;411.91;0.02105193;BUY
2016-03-20T01:36:47.210000;2016-03-20T01:36:47.363000;7bf59dfe-8a9c-4e4d-8305-df50fa61b126;411.95;0.01395552;BUY
2016-03-20T01:36:47.210000;2016-03-20T01:36:47.363000;235ed04a-96a3-4a70-ad74-a42e31aad7b1;411.95;0.01;BUY
2016-03-20T01:36:47.210000;2016-03-20T01:36:47.363000;bd3bf0b7-2504-491c-8f2b-9ef01a2000b7;411.95;0.219;BUY
2016-03-20T01:36:47.213000;2016-03-20T01:36:47.363000;ed8470a9-ba08-4508-91dc-e20dc2c85b4e;411.96;0.63;BUY
2016-03-20T01:36:47.213000;2016-03-20T01:36:47.363000;902fe313-dee5-4367-80d0-90464d3df653;411.97;0.5;BUY
2016-03-20T01:36:47.213000;2016-03-20T01:36:47.363000;2a97c1e7-6e9b-4144-bf8e-aa431d822fae;411.98;4.71291076;BUY
2016-03-20T01:36:54.053000;2016-03-20T01:36:54.100000;914679bf-53ff-4f4d-97d2-03fcf82b5e1c;411.99;6.05409879;BUY
2016-03-20T01:36:54.053000;2016-03-20T01:36:54.113000;52eb9439-eb5c-4bc2-9ed9-8540379c2691;411.99;0.96590121;BUY
2016-03-20T01:36:56.317000;2016-03-20T01:36:56.363000;b010efd1-3bf9-49a9-9188-f6821255de8c;411.99;6.922;BUY
2016-03-20T01:36:58.490000;2016-03-20T01:36:58.537000;9440b995-6278-4f29-ae0c-41e1612c4099;411.99;8.382;BUY
2016-03-20T01:37:00.707000;2016-03-20T01:37:00.770000;f33058a3-997e-4013-a3e4-4012c609ba16;412.0;1.0;BUY
2016-03-20T01:37:00.707000;2016-03-20T01:37:00.770000;6f898dda-573a-4062-a878-5fffd33927a4;412.0;0.01003;BUY
2016-03-20T01:37:00.707000;2016-03-20T01:37:00.770000;41407a65-3337-4840-992b-03caeff67834;412.0;1.0;BUY
2016-03-20T01:37:00.707000;2016-03-20T01:37:00.787000;6db22b23-0d2e-4967-9fad-9372655e0623;412.0;7.02897;BUY
2016-03-20T01:37:02.917000;2016-03-20T01:37:02.957000;04e9ecc7-b80c-4ba5-aeca-bdb89105f89a;412.0;7.399;BUY
2016-03-20T01:37:05.073000;2016-03-20T01:37:05.113000;dbb443ca-bb4a-4189-b1db-4cdc12e2ffd3;412.0;6.785;BUY
2016-03-20T01:37:07.757000;2016-03-20T01:37:07.803000;0a28e35f-e2dd-44a6-85fb-23f7585b701d;412.0;7.599;BUY
2016-03-20T01:37:09.227000;2016-03-20T01:37:09.270000;a209dde1-a2b4-49f6-b0ca-db9ff4abb4ba;412.0;1.18803;BUY
2016-03-20T01:37:09.227000;2016-03-20T01:37:09.287000;313f8c57-b0b7-4eee-b4e1-ad344b04758c;412.0;0.01;BUY
2016-03-20T01:37:09.227000;2016-03-20T01:37:09.287000;e70a1f45-9320-4ded-846d-d50540868a21;412.0;0.125;BUY
2016-03-20T01:37:09.227000;2016-03-20T01:37:09.287000;f50cfc52-f2c2-4495-8e38-a9ac02ab4776;412.0;0.02;BUY
2016-03-20T01:37:09.227000;2016-03-20T01:37:09.317000;19074dd3-322b-47cf-86ec-7aa8113d438a;412.0;2.0;BUY
2016-03-20T01:37:09.227000;2016-03-20T01:37:09.317000;6ef909ee-5936-4d90-95f1-5aadca58aee9;412.0;0.025;BUY
2016-03-20T01:37:09.227000;2016-03-20T01:37:09.317000;355fb2d7-60df-4a66-886e-4443cfebca35;412.0;0.20744394;BUY
2016-03-20T01:37:10.440000;2016-03-20T01:37:10.490000;bff9ff24-4f9b-4334-b3a9-4f1bece48259;412.0;9.081;BUY
2016-03-20T01:37:10.537000;2016-03-20T01:37:10.583000;56ca212a-ecda-4c08-b906-2e90eb13d75f;412.0;28.73;BUY
2016-03-20T01:37:14.010000;2016-03-20T01:37:14.053000;7d00ff25-c345-493d-8dbb-21fec0342beb;412.0;21.54;BUY
2016-03-20T01:37:31.667000;2016-03-20T01:37:31.707000;7f38cd4f-ef11-4a02-ab32-41b6fe145db5;412.0;0.00311614;BUY
2016-03-20T01:37:31.670000;2016-03-20T01:37:31.723000;1c97cb25-5e31-46ad-a202-88e9466fc545;412.13;0.02;BUY
2016-03-20T01:37:31.670000;2016-03-20T01:37:31.723000;578dffc7-4953-4953-9546-1443232920db;412.18;0.03186848;BUY
2016-03-20T01:37:31.670000;2016-03-20T01:37:31.740000;9ea010f1-8e9d-49ca-9997-0a38b9ded36e;412.2;0.01;BUY
2016-03-20T01:37:31.670000;2016-03-20T01:37:31.757000;54519a2c-771d-4a12-af96-92c45d85289a;412.21;0.1;BUY
2016-03-20T01:37:31.670000;2016-03-20T01:37:31.757000;6d8d8fd6-b694-4566-b669-acdce629824e;412.25;2.0;BUY
2016-03-20T01:37:31.670000;2016-03-20T01:37:31.757000;205ee218-2651-474a-8dc3-e2a90ed7cb17;412.25;0.3748169;BUY
2016-03-20T01:37:31.670000;2016-03-20T01:37:31.770000;9e7f552e-a688-4e65-ad82-e975d4b39475;412.3;0.01;BUY
2016-03-20T01:37:31.670000;2016-03-20T01:37:31.787000;fadf0720-77d3-427b-ae49-eb923c394bd6;412.44;0.01;BUY
2016-03-20T01:37:31.670000;2016-03-20T01:37:31.787000;78335994-6993-48dc-918b-3b3745ff0124;412.47;0.07647;BUY
2016-03-20T01:37:31.670000;2016-03-20T01:37:31.787000;2f1420d0-99a0-4d47-b229-d70ddbb7f67a;412.48;0.77300763;BUY
2016-03-20T01:37:31.670000;2016-03-20T01:37:31.787000;7854b2c8-83dc-4886-bd0f-1de14284ddff;412.48;1.0;BUY
2016-03-20T01:37:31.670000;2016-03-20T01:37:31.787000;a1f5032b-d63c-40d8-9d6d-1f89e470b370;412.5;0.01;BUY
2016-03-20T01:37:31.670000;2016-03-20T01:37:31.787000;7cf7869c-c986-4b9c-94d2-329d067d3255;412.5;0.26331517;BUY
2016-03-20T01:37:31.670000;2016-03-20T01:37:31.787000;2a416064-1ca1-455a-9d4c-84bc0964827b;412.56;3.59;BUY
2016-03-20T01:37:31.670000;2016-03-20T01:37:31.787000;b736dc0d-7d73-4953-a529-9b05d8321f24;412.57;0.118;BUY
2016-03-20T01:37:31.670000;2016-03-20T01:37:31.787000;196ebbb6-888f-48be-b0ef-1b2e2bfd2256;412.65;0.01;BUY
2016-03-20T01:37:31.670000;2016-03-20T01:37:31.803000;55dafe79-c218-417c-8a83-6b40c728a180;412.68;0.087;BUY
2016-03-20T01:37:31.670000;2016-03-20T01:37:31.803000;e6734bd4-babd-46c6-846c-5d49c2478a36;412.7;3.8;BUY
2016-03-20T01:37:31.670000;2016-03-20T01:37:31.817000;7a6ce762-1863-455f-9550-ae7ce0b8f7d7;412.71;0.01677485;BUY
2016-03-20T01:37:31.670000;2016-03-20T01:37:31.817000;4504e40c-c7b7-4a76-9ee1-ef15101fc6af;412.72;0.01;BUY
2016-03-20T01:37:31.673000;2016-03-20T01:37:31.817000;6791726a-4e74-40a2-a974-f80a5671ee5b;412.73;0.01;BUY
2016-03-20T01:37:31.673000;2016-03-20T01:37:31.833000;1359db9c-0c9c-4715-b651-1840d2d93f45;412.73;0.079;BUY
2016-03-20T01:38:32.637000;2016-03-20T01:38:32.677000;9e1e0edd-4e7b-4ffa-842c-29990097c4f7;412.75;0.08117279;BUY
2016-03-20T01:38:32.637000;2016-03-20T01:38:32.693000;70396c14-5c8a-49ce-88ef-394f778eab0f;412.77;0.01;BUY
2016-03-20T01:38:32.637000;2016-03-20T01:38:32.693000;9a844a88-5748-4b27-9142-73e627501d35;412.78;0.89626721;BUY
2016-03-20T01:39:00.700000;2016-03-20T01:39:00.740000;fa684ad8-7e7e-4dae-862e-f7aae74853b6;412.78;0.23012;BUY
2016-03-20T01:39:17.947000;2016-03-20T01:39:17.990000;61143f4b-1bfa-4da6-99aa-26b2a8b8f010;412.77;0.25;SELL
2016-03-20T01:39:17.947000;2016-03-20T01:39:18.007000;b14afff6-d027-4d6b-9cd1-f4f98b459156;412.77;0.05;SELL
2016-03-20T01:39:17.947000;2016-03-20T01:39:18.020000;7b4a2936-7275-4048-8fe3-e49ff343c1b7;412.77;0.02;SELL
2016-03-20T01:39:17.947000;2016-03-20T01:39:18.020000;5afbbcc1-b9f1-4a36-9083-07ce16757734;412.77;0.108;SELL
2016-03-20T01:39:17.947000;2016-03-20T01:39:18.020000;b71b4ab8-0868-498b-9dc5-bdad42a5fcb4;412.74;0.8;SELL
2016-03-20T01:39:17.947000;2016-03-20T01:39:18.020000;8d1039b6-b352-4c96-b118-9f5e31afa42c;412.72;0.294;SELL
2016-03-20T01:39:17.947000;2016-03-20T01:39:18.020000;d2e11910-ccf7-4a1d-8e47-efef9e757abf;412.68;0.1;SELL
2016-03-20T01:39:17.947000;2016-03-20T01:39:18.020000;701d7db3-0203-4cd9-89c0-a6350393804b;412.67;0.291;SELL
2016-03-20T01:39:17.947000;2016-03-20T01:39:18.020000;79b5ccf4-22d5-4933-b1e1-61e123fe0c50;412.61;1.0;SELL
2016-03-20T01:39:17.947000;2016-03-20T01:39:18.037000;6b657679-87e4-4d5a-b5d1-361d2cc31ec5;412.47;0.01;SELL
2016-03-20T01:39:17.947000;2016-03-20T01:39:18.037000;cebc742c-4d96-4ac4-b301-310b4570ea49;412.39;0.5;SELL
2016-03-20T01:39:17.947000;2016-03-20T01:39:18.037000;7e8c59e6-51f5-419d-993e-4c72313add71;412.36;7.98;SELL
2016-03-20T01:39:17.947000;2016-03-20T01:39:18.037000;775875d2-89f0-427b-94d3-394533847ee2;412.35;0.01;SELL
2016-03-20T01:39:17.947000;2016-03-20T01:39:18.037000;2d4504aa-1988-4d91-b13b-6e49f4cfb676;412.33;1.26;SELL
2016-03-20T01:39:17.947000;2016-03-20T01:39:18.037000;dbe9f8db-5699-42a7-b4c0-897b6da0a44d;412.32;7.24381;SELL
2016-03-20T01:39:23.403000;2016-03-20T01:39:23.443000;eae1a01d-85a4-4616-84b3-c90c0c3f0dbb;412.29;0.02;BUY
2016-03-20T01:39:33.897000;2016-03-20T01:39:33.943000;2494de31-d1b4-43fd-ab47-cb9798082dec;412.57;0.08394;BUY
2016-03-20T01:40:00.847000;2016-03-20T01:40:00.897000;fe7703e6-48a8-4bce-b607-e62d38d2ffa1;412.33;0.05;SELL
2016-03-20T01:40:00.847000;2016-03-20T01:40:00.897000;2a1ea794-8faf-4a41-9f79-caf41c60a0e7;412.33;0.121;SELL
2016-03-20T01:40:00.850000;2016-03-20T01:40:00.910000;5924962e-b860-408c-aee3-cc58c245299c;412.28;0.138;SELL
2016-03-20T01:40:00.850000;2016-03-20T01:40:00.910000;ec375bfb-670c-49e6-97ed-b1e211551a3a;412.23;0.079;SELL
2016-03-20T01:40:00.850000;2016-03-20T01:40:00.910000;e2a14c1b-487f-45fc-8186-bb8217ca7f51;412.13;0.14648;SELL
2016-03-20T01:40:02.910000;2016-03-20T01:40:02.960000;55f4a6b7-67e5-4c60-ae52-a4b943af2621;412.48;0.04;BUY
2016-03-20T01:40:30.950000;2016-03-20T01:40:31.007000;288fe79d-068b-40f7-980b-497fa051fc52;412.34;0.04;SELL
2016-03-20T01:41:00.650000;2016-03-20T01:41:00.693000;92a71194-723a-4129-a66b-f6604a4b1191;412.4;0.05;BUY
2016-03-20T01:41:00.650000;2016-03-20T01:41:00.693000;e392de49-e7f3-451c-817a-bceeac5ca842;412.4;0.05;BUY
2016-03-20T01:41:00.650000;2016-03-20T01:41:00.710000;154bbb4e-f5b0-462d-82e5-4fbd88a9d753;412.42;0.011;BUY
2016-03-20T01:41:00.650000;2016-03-20T01:41:00.710000;df3b1d39-e18c-4457-910c-7d4500dfe797;412.48;0.09505;BUY
2016-03-20T01:41:27.203000;2016-03-20T01:41:27.240000;5a1fbb71-1db6-4593-aafd-44790ce44d6f;412.34;0.2;SELL
2016-03-20T01:41:29.577000;2016-03-20T01:41:29.613000;86279f18-0dc7-4e6f-9e35-69ff7b815bb2;412.34;0.01;SELL
2016-03-20T01:41:29.577000;2016-03-20T01:41:29.630000;03ac692b-403e-4482-9a47-2eec77663df4;412.34;0.109;SELL
2016-03-20T01:41:29.577000;2016-03-20T01:41:29.630000;4128291b-f339-49e3-8033-66397ef8c14a;412.34;0.05;SELL
2016-03-20T01:41:29.577000;2016-03-20T01:41:29.630000;741f016e-e4e7-46e0-9360-b6969d2f65ae;412.29;0.031;SELL
2016-03-20T01:41:30.813000;2016-03-20T01:41:30.863000;f982ba60-08de-464e-bbde-f05a0bfe18f9;412.31;1.02529;BUY
2016-03-20T01:41:31.933000;2016-03-20T01:41:31.973000;f48aeb5e-9ea9-4edc-b9ab-30540c6c9bb2;412.29;0.05;SELL
2016-03-20T01:41:31.937000;2016-03-20T01:41:31.990000;7f82d46b-3f6c-4499-b69e-5a017f94450e;412.27;0.15;SELL
2016-03-20T01:41:34.300000;2016-03-20T01:41:34.350000;0222f14c-882b-4121-9189-3eeff95f5043;412.29;0.05;SELL
2016-03-20T01:41:34.300000;2016-03-20T01:41:34.350000;6736e89c-6dbd-4a14-bc5f-134c62c45451;412.29;0.106;SELL
2016-03-20T01:41:34.300000;2016-03-20T01:41:34.350000;445f53ae-e879-4c1a-8fc5-94559c32bd02;412.19;0.044;SELL
2016-03-20T01:41:36.713000;2016-03-20T01:41:36.757000;1d512bd5-2652-4390-98c3-6705d433da31;412.29;0.05;SELL
2016-03-20T01:41:36.713000;2016-03-20T01:41:36.757000;994ead8e-3a76-4240-99a6-86996187d5a7;412.29;0.112;SELL
2016-03-20T01:41:36.713000;2016-03-20T01:41:36.770000;f250ec74-93b7-4bfb-9ce8-4808d3d6b240;412.27;0.038;SELL
2016-03-20T01:41:39.077000;2016-03-20T01:41:39.130000;e8060704-22cc-4f8c-ad58-b41efb863fc4;412.29;0.05;SELL
2016-03-20T01:41:39.077000;2016-03-20T01:41:39.130000;b78a9a2a-4a03-413c-a641-d1c33ce3a825;412.29;0.15;SELL
2016-03-20T01:41:41.470000;2016-03-20T01:41:41.507000;080ebadc-0bfa-4853-bb1b-3179be18d8f4;412.29;0.05;SELL
2016-03-20T01:41:41.470000;2016-03-20T01:41:41.520000;6a33afa2-436a-46fa-b8df-41d9e620cda5;412.29;0.15;SELL
2016-03-20T01:41:43.617000;2016-03-20T01:41:43.647000;17aa318e-7946-43d7-952a-a6e1688a5c93;412.29;0.05;SELL
2016-03-20T01:41:43.617000;2016-03-20T01:41:43.677000;710fbf45-02cb-40cf-a830-464b99f725aa;412.22;0.15;SELL
2016-03-20T01:41:45.967000;2016-03-20T01:41:46.007000;9c3a8f83-0a52-4730-868a-749d6734015a;412.23;0.2;SELL
2016-03-20T01:41:48.333000;2016-03-20T01:41:48.380000;a32abb28-394a-4342-9714-e7e20fcefa9f;412.23;0.05;SELL
2016-03-20T01:41:48.337000;2016-03-20T01:41:48.380000;84464eb1-b895-4f2c-8697-e7a1e94ab4eb;412.23;0.15;SELL
2016-03-20T01:41:50.700000;2016-03-20T01:41:50.740000;83c800fc-81ec-4c25-9633-6436fde8a143;412.23;0.05;SELL
2016-03-20T01:41:50.700000;2016-03-20T01:41:50.757000;a43c45e9-f1a1-4cc3-acbe-2dbcc3b2329b;412.23;0.084;SELL
2016-03-20T01:41:50.700000;2016-03-20T01:41:50.770000;63e16848-fb1a-40fb-bad6-1370ef2583e6;412.19;0.066;SELL
2016-03-20T01:41:52.857000;2016-03-20T01:41:52.910000;06fa93f0-a520-4ca8-a525-3bd9be4d3e06;412.13;0.2;SELL
2016-03-20T01:41:54.990000;2016-03-20T01:41:55.020000;9cf6793d-fba7-4166-a31a-e948d4009f34;412.16;0.2;SELL
2016-03-20T01:41:57.350000;2016-03-20T01:41:57.397000;9f1ec6be-7ed0-4bbf-8523-47eb53c22155;412.25;0.1;SELL
2016-03-20T01:41:57.350000;2016-03-20T01:41:57.397000;727e9980-0f70-415b-bc3a-776a89d941d2;412.25;0.1;SELL
2016-03-20T01:41:59.483000;2016-03-20T01:41:59.537000;c3376396-7541-4c0a-bea4-989039da7bdb;412.29;0.2;SELL
2016-03-20T01:42:00.760000;2016-03-20T01:42:00.787000;d5a6832a-26b4-498c-8dec-267ec04343be;412.49;0.0184;BUY
2016-03-20T01:42:01.617000;2016-03-20T01:42:01.647000;ee9a00c1-eae9-422d-8019-9b35620717b6;412.31;0.1;SELL
2016-03-20T01:42:01.617000;2016-03-20T01:42:01.677000;ac91ada3-3b2d-4145-b9d1-bf93ca26f605;412.3;0.1;SELL
2016-03-20T01:42:03.977000;2016-03-20T01:42:04.020000;1a5928d9-ff5d-43b7-ab1b-8cac043f4f77;412.32;0.2;SELL
2016-03-20T01:42:06.120000;2016-03-20T01:42:06.193000;4b7a10b4-2fb0-4194-9c0d-3dcb3b732aae;412.32;0.05;SELL
2016-03-20T01:42:06.120000;2016-03-20T01:42:06.193000;b1cbe785-be38-4dd3-8d9c-550169cce586;412.32;0.15;SELL
2016-03-20T01:42:08.257000;2016-03-20T01:42:08.303000;531c7504-d123-4e17-b583-04ee75c73237;412.12;0.01;SELL
2016-03-20T01:42:08.257000;2016-03-20T01:42:08.303000;36f9ed9a-f048-4efe-a3ff-c13cac27dc3b;412.08;0.19;SELL
2016-03-20T01:42:10.390000;2016-03-20T01:42:10.427000;326aa9e0-bad6-47b9-9733-4aa4fcdd11b0;412.08;0.2;SELL
2016-03-20T01:42:12.533000;2016-03-20T01:42:12.567000;890a456c-9d2a-46f3-b965-17cbb2b3fba7;412.11;0.0999;SELL
2016-03-20T01:43:31.623000;2016-03-20T01:43:31.660000;9b28b223-ccec-474a-aa88-b6067d9e84e0;412.12;0.21;BUY
