time_exchange;time_coinpai;guid;price;base_amount;taker_side
2016-03-20T00:00:36.000000;2016-03-20T00:00:36.000000;00941361-737a-45be-8d4b-c52a337f23c6;408.7;0.8;UNKNOWN
2016-03-20T00:01:00.000000;2016-03-20T00:01:00.000000;9516b5ce-d516-45ce-a341-800da53d03ad;408.62;0.5;UNKNOWN
2016-03-20T00:03:01.000000;2016-03-20T00:03:01.000000;6aced3a9-779c-46f7-9765-fae9ce765c1c;408.7;0.4;UNKNOWN
2016-03-20T00:03:15.000000;2016-03-20T00:03:15.000000;51bf90d5-cb0c-4fb7-93c0-c72a74daca78;408.7;5.0;UNKNOWN
2016-03-20T00:05:08.000000;2016-03-20T00:05:08.000000;03b2cfdf-8356-4aef-a286-39975cf1bfb7;408.68;0.01001248;UNKNOWN
2016-03-20T00:05:08.000000;2016-03-20T00:05:08.000000;a39bbfe5-7874-4e9d-ba4a-f101ec310a33;408.69;0.08998752;UNKNOWN
2016-03-20T00:05:42.000000;2016-03-20T00:05:42.000000;a1d0b049-55ee-45a2-a7f9-8506859d0eab;408.7;5.28998752;UNKNOWN
2016-03-20T00:05:42.000000;2016-03-20T00:05:42.000000;0b3685f6-8cbe-404b-9b51-4d347821edaa;408.69;0.21001248;UNKNOWN
2016-03-20T00:06:28.000000;2016-03-20T00:06:28.000000;1f917592-1310-432a-a51e-df617f204632;408.7;1.01068208;UNKNOWN
2016-03-20T00:07:44.000000;2016-03-20T00:07:44.000000;edf3417d-9d81-4d26-9c1b-6651752ae897;408.97;0.525171;UNKNOWN
2016-03-20T00:07:49.000000;2016-03-20T00:07:49.000000;1d940ea3-ee78-4111-8d62-d98ddebe1a17;408.98;0.642801;UNKNOWN
2016-03-20T00:08:05.000000;2016-03-20T00:08:05.000000;1d999beb-7ab9-4e86-aca4-e976fc3b45c8;409.23;1.71;UNKNOWN
2016-03-20T00:08:52.000000;2016-03-20T00:08:52.000000;83b087bd-e154-4668-ae5b-0bb9ead04768;409.3;1.16924187;UNKNOWN
2016-03-20T00:08:52.000000;2016-03-20T00:08:52.000000;6939730e-7034-4159-bd19-1d40cbfe18c3;409.24;0.93;UNKNOWN
2016-03-20T00:08:52.000000;2016-03-20T00:08:52.000000;67abde5a-92b7-416c-a5ea-110cafb8a883;409.29;0.366027;UNKNOWN
2016-03-20T00:09:07.000000;2016-03-20T00:09:07.000000;ecf86628-20de-4c4d-b336-8f4c450d0c5a;409.18;0.075003;UNKNOWN
2016-03-20T00:09:07.000000;2016-03-20T00:09:07.000000;4d38b00f-e9c0-440d-85d0-d44f8776a4f0;409.18;0.5;UNKNOWN
2016-03-20T00:10:38.000000;2016-03-20T00:10:38.000000;9377ea70-fc32-4255-a216-c74ec66b682c;409.27;0.024559;UNKNOWN
2016-03-20T00:10:44.000000;2016-03-20T00:10:44.000000;010bbd10-f9e8-4114-beb6-c86ccb8354aa;409.27;0.563455;UNKNOWN
2016-03-20T00:12:08.000000;2016-03-20T00:12:08.000000;1d595c2d-66ec-47a0-b0b3-102c680183f1;409.5;49.192284;UNKNOWN
2016-03-20T00:12:08.000000;2016-03-20T00:12:08.000000;9f63d064-4f4b-416e-a136-41503568e458;409.3;0.807716;UNKNOWN
2016-03-20T00:12:08.000000;2016-03-20T00:12:08.000000;643352ac-b2ec-44e5-837f-fa07352bc053;409.49;1.08139211;UNKNOWN
2016-03-20T00:12:08.000000;2016-03-20T00:12:08.000000;3c97763a-fbb1-49f3-9d47-b6e6a435a4fc;409.49;14.6571;UNKNOWN
2016-03-20T00:12:08.000000;2016-03-20T00:12:08.000000;272ffcf4-712b-4d89-a95d-ba586c567d4b;409.3;4.87945813;UNKNOWN
2016-03-20T00:12:08.000000;2016-03-20T00:12:08.000000;5cd7ffdf-1bee-48ea-82da-eb5a711e4a61;409.49;0.5;UNKNOWN
2016-03-20T00:12:08.000000;2016-03-20T00:12:08.000000;17b33170-8554-4260-9444-fa473a40d9d2;409.45;12.6465;UNKNOWN
2016-03-20T00:12:14.000000;2016-03-20T00:12:14.000000;e76a230e-865e-4536-ae95-f7d64a0ec29c;409.3;0.347629;UNKNOWN
2016-03-20T00:12:58.000000;2016-03-20T00:12:58.000000;b96b5577-7877-423e-b57f-a97e627ac27e;409.44;2.24;UNKNOWN
2016-03-20T00:12:58.000000;2016-03-20T00:12:58.000000;e6d6efc0-6e74-42c4-b033-26792118dbdb;409.45;0.5;UNKNOWN
2016-03-20T00:13:18.000000;2016-03-20T00:13:18.000000;0c344f33-6e87-4db8-9d8e-a2fc749c783c;409.5;0.807716;UNKNOWN
2016-03-20T00:13:18.000000;2016-03-20T00:13:18.000000;23d409b2-c796-421c-895e-670d0a754f72;409.5;5.0;UNKNOWN
2016-03-20T00:14:07.000000;2016-03-20T00:14:07.000000;e451d817-4395-4b08-8866-de906cf9cd9b;409.75;1.817;UNKNOWN
2016-03-20T00:14:07.000000;2016-03-20T00:14:07.000000;d0fe06a2-98b1-43e7-989a-8090a4044ea1;409.7;0.183;UNKNOWN
2016-03-20T00:14:21.000000;2016-03-20T00:14:21.000000;d82e25e2-7070-4f3c-b262-b88fabf3a138;409.77;6.0377;UNKNOWN
2016-03-20T00:14:21.000000;2016-03-20T00:14:21.000000;2cb66e42-19b0-4262-9782-67839b6e7308;409.78;3.9623;UNKNOWN
2016-03-20T00:14:38.000000;2016-03-20T00:14:38.000000;4d7c3d60-34f2-4841-a0d2-7caee11f5d32;409.74;0.5;UNKNOWN
2016-03-20T00:14:43.000000;2016-03-20T00:14:43.000000;fede7459-caef-449f-bc53-a5ed4d6fb81a;409.74;0.61170909;UNKNOWN
2016-03-20T00:16:09.000000;2016-03-20T00:16:09.000000;3a704f6a-9ed4-4433-88e3-a00efdf29693;409.74;0.1;UNKNOWN
2016-03-20T00:16:20.000000;2016-03-20T00:16:20.000000;adc5e4a2-04c3-4c71-b335-96ff6314c014;409.87;0.183;UNKNOWN
2016-03-20T00:16:20.000000;2016-03-20T00:16:20.000000;af564bec-1d96-4e75-a6fc-8b76f13e0664;409.87;0.85038008;UNKNOWN
2016-03-20T00:17:22.000000;2016-03-20T00:17:22.000000;0f52bcec-eace-4813-8661-5a3f1999481b;409.85;0.5;UNKNOWN
2016-03-20T00:18:12.000000;2016-03-20T00:18:12.000000;65778c05-b673-4496-ade9-48961d0df4ad;409.97;0.23922133;UNKNOWN
2016-03-20T00:18:19.000000;2016-03-20T00:18:19.000000;53a2fae7-d03f-4d6e-9327-5443ae551210;409.85;0.24165679;UNKNOWN
2016-03-20T00:18:23.000000;2016-03-20T00:18:23.000000;e9be71a0-b6ac-435e-8cd6-c62be412a1b0;409.96;0.5;UNKNOWN
2016-03-20T00:18:54.000000;2016-03-20T00:18:54.000000;cd240a4a-2c2c-42f1-a6a3-ca99498ce22f;409.98;3.05;UNKNOWN
2016-03-20T00:18:54.000000;2016-03-20T00:18:54.000000;f4baade5-8a87-464e-a4f2-d43b96390d6b;409.25;4.83047279;UNKNOWN
2016-03-20T00:18:54.000000;2016-03-20T00:18:54.000000;c2aafe87-4e2e-42f3-8507-0dc757d0301e;409.51;12.0;UNKNOWN
2016-03-20T00:18:54.000000;2016-03-20T00:18:54.000000;cf7114f5-a626-4df5-9bcf-871cea9fccff;409.5;14.192284;UNKNOWN
2016-03-20T00:18:54.000000;2016-03-20T00:18:54.000000;767707b6-cb6f-4a59-bc22-80d426abe757;409.51;4.6;UNKNOWN
2016-03-20T00:18:54.000000;2016-03-20T00:18:54.000000;0e15a539-3c71-4409-949f-c4df558e544f;409.85;5.32724321;UNKNOWN
2016-03-20T00:18:54.000000;2016-03-20T00:18:54.000000;ddb5747f-842c-44a6-a22b-042941b43eef;409.52;6.0;UNKNOWN
2016-03-20T00:19:45.000000;2016-03-20T00:19:45.000000;a6c6846d-fb34-4f8f-883c-88362aa98fdb;409.01;0.58947565;UNKNOWN
2016-03-20T00:19:56.000000;2016-03-20T00:19:56.000000;275368bc-3374-4507-8746-f7a8ca1fddb8;409.01;0.98195251;UNKNOWN
2016-03-20T00:20:20.000000;2016-03-20T00:20:20.000000;4a24cf1f-d766-4656-937a-1b8a88c3ba4f;409.01;0.0244845;UNKNOWN
2016-03-20T00:20:20.000000;2016-03-20T00:20:20.000000;63a0895f-e445-4e12-a13b-4fca4c8ce931;409.01;0.0414243;UNKNOWN
2016-03-20T00:21:33.000000;2016-03-20T00:21:33.000000;dc122060-cc8f-4a58-93ce-9da96955a89c;409.01;0.010129;UNKNOWN
2016-03-20T00:21:33.000000;2016-03-20T00:21:33.000000;0621631a-b574-42fe-9286-ba53b8ada21c;409.17;0.48301878;UNKNOWN
2016-03-20T00:21:38.000000;2016-03-20T00:21:38.000000;445dee35-8af1-4ba1-9c31-21444878f12a;409.16;0.01001881;UNKNOWN
2016-03-20T00:21:44.000000;2016-03-20T00:21:44.000000;6c1a4b1b-ea28-4684-a938-098e0914037a;409.17;0.01;UNKNOWN
2016-03-20T00:21:47.000000;2016-03-20T00:21:47.000000;016635de-ab36-483f-a384-44ad239ccda5;409.17;0.40591252;UNKNOWN
2016-03-20T00:21:54.000000;2016-03-20T00:21:54.000000;303485a6-55b5-4ff6-8765-5c9d51808fe0;409.0;0.051705;UNKNOWN
2016-03-20T00:22:04.000000;2016-03-20T00:22:04.000000;4fd52574-c15e-41b7-80f9-7a193587aa0d;409.0;0.2;UNKNOWN
2016-03-20T00:22:19.000000;2016-03-20T00:22:19.000000;342d649e-4086-4a10-98ae-a01bffe024b7;409.0;0.24163344;UNKNOWN
2016-03-20T00:22:25.000000;2016-03-20T00:22:25.000000;2fff191f-c022-4a93-8577-83caba91d471;409.17;2.65104825;UNKNOWN
2016-03-20T00:22:36.000000;2016-03-20T00:22:36.000000;8a3f82e3-0598-4b45-88fc-5739139f4d69;409.02;2.44988755;UNKNOWN
2016-03-20T00:23:02.000000;2016-03-20T00:23:02.000000;1a73f1ca-5b8a-4015-a942-4e3011b6d66a;409.02;0.25;UNKNOWN
2016-03-20T00:24:12.000000;2016-03-20T00:24:12.000000;a67d848a-9f88-49b3-937d-7a3dcc132442;409.04;0.25;UNKNOWN
2016-03-20T00:24:40.000000;2016-03-20T00:24:40.000000;4ce5ad20-7740-4a8a-8574-77a43c74ba6d;409.04;0.52378611;UNKNOWN
2016-03-20T00:25:33.000000;2016-03-20T00:25:33.000000;92b9d63e-fce4-4bd7-bb3f-781f2d78f44b;409.25;0.0520448;UNKNOWN
2016-03-20T00:25:35.000000;2016-03-20T00:25:35.000000;f1765745-eda4-4884-af9c-3ff041dd368d;409.25;0.0520448;UNKNOWN
2016-03-20T00:25:35.000000;2016-03-20T00:25:35.000000;1421fa73-fd2e-471c-a868-e5c4432404b1;409.25;0.0520448;UNKNOWN
2016-03-20T00:25:37.000000;2016-03-20T00:25:37.000000;c835bab6-6a69-492f-a55b-a05c3ad13b0d;409.25;0.96559434;UNKNOWN
2016-03-20T00:27:18.000000;2016-03-20T00:27:18.000000;bdde85a2-d06c-4841-8541-c6109a5bde85;409.29;0.25;UNKNOWN
2016-03-20T00:30:31.000000;2016-03-20T00:30:31.000000;e04a2c0f-5ae4-4ae2-bb78-7ea0eeccdfe6;409.4;0.30387936;UNKNOWN
2016-03-20T00:30:58.000000;2016-03-20T00:30:58.000000;493a806a-f96f-4d06-9704-4aadb5a7a92a;409.31;5.30387936;UNKNOWN
2016-03-20T00:30:58.000000;2016-03-20T00:30:58.000000;c40b24af-b20f-4e6d-b55b-164d4188ee33;409.4;1.69612064;UNKNOWN
2016-03-20T00:30:59.000000;2016-03-20T00:30:59.000000;4ce83a81-3974-4d63-9515-a95c5205a2ae;409.44;0.4950069;UNKNOWN
2016-03-20T00:31:02.000000;2016-03-20T00:31:02.000000;d3154aef-d579-4e3c-b992-15b898ac29ad;409.37;0.0106532;UNKNOWN
2016-03-20T00:31:06.000000;2016-03-20T00:31:06.000000;d3b98e42-2dc1-483d-8969-693e0d7ad74c;409.35;0.34839114;UNKNOWN
2016-03-20T00:31:36.000000;2016-03-20T00:31:36.000000;492904b3-f466-4f2c-88ea-101c3d25b4ee;409.25;0.1;UNKNOWN
2016-03-20T00:31:49.000000;2016-03-20T00:31:49.000000;c6bb19b0-d5d7-461f-b66d-29d050109486;409.17;0.1;UNKNOWN
2016-03-20T00:32:10.000000;2016-03-20T00:32:10.000000;5c68a87d-77e9-4d30-8643-293388d14ec6;409.13;0.1;UNKNOWN
2016-03-20T00:32:31.000000;2016-03-20T00:32:31.000000;875b8544-311e-4cfb-babb-4ce6b6106b5e;409.11;0.1;UNKNOWN
2016-03-20T00:32:39.000000;2016-03-20T00:32:39.000000;86bba9ec-4149-4234-ac1b-8a22f1a86ab9;409.11;0.05225331;UNKNOWN
2016-03-20T00:32:41.000000;2016-03-20T00:32:41.000000;a27cf4c2-0696-4fc3-b70c-b1b737b2ef32;409.11;0.1;UNKNOWN
2016-03-20T00:32:48.000000;2016-03-20T00:32:48.000000;b2f1f736-d82b-4cd9-9c42-e8d59f4c6683;409.11;0.49897958;UNKNOWN
2016-03-20T00:32:53.000000;2016-03-20T00:32:53.000000;e98078bb-85cf-44ed-bc7e-87e1a9417426;409.11;0.01;UNKNOWN
2016-03-20T00:32:55.000000;2016-03-20T00:32:55.000000;4c728ace-c729-4f1f-b253-65a09d4e604d;409.11;0.1;UNKNOWN
2016-03-20T00:32:59.000000;2016-03-20T00:32:59.000000;6f815fa8-2328-498f-af4b-1afa1ba9c061;409.11;0.11488848;UNKNOWN
2016-03-20T00:33:02.000000;2016-03-20T00:33:02.000000;8933a7a0-0364-43df-b912-cf120cc2e4da;409.11;0.01;UNKNOWN
2016-03-20T00:33:07.000000;2016-03-20T00:33:07.000000;e6d9ade3-b3a0-4b91-9cad-aa4989a692e4;409.12;0.1708753;UNKNOWN
2016-03-20T00:33:07.000000;2016-03-20T00:33:07.000000;f805f817-470e-47a6-9891-5acefa0020be;409.11;0.21387863;UNKNOWN
2016-03-20T00:34:15.000000;2016-03-20T00:34:15.000000;ee3e7b44-51d7-40d2-9af6-0406134d61e9;408.65;1.48;UNKNOWN
2016-03-20T00:34:15.000000;2016-03-20T00:34:15.000000;66cd5c8e-107b-4c8d-86d7-82a0fddfa8e8;409.01;6.0244;UNKNOWN
2016-03-20T00:34:15.000000;2016-03-20T00:34:15.000000;de732561-3a68-4ad5-b390-33bb4be2ad7f;408.55;1.0;UNKNOWN
2016-03-20T00:34:15.000000;2016-03-20T00:34:15.000000;6a4c6362-0ca2-45a2-8805-aaaeac657f57;409.0;13.295;UNKNOWN
2016-03-20T00:34:15.000000;2016-03-20T00:34:15.000000;ca14ede5-777c-4608-88d2-0eff9c21eab0;408.9;1.37;UNKNOWN
2016-03-20T00:34:15.000000;2016-03-20T00:34:15.000000;eaac6f76-caa4-4550-9c26-9eee9dc7ade9;408.66;15.2617;UNKNOWN
2016-03-20T00:34:15.000000;2016-03-20T00:34:15.000000;d4140d40-1d72-4375-8a33-6bd2f18d1e14;409.05;10.0;UNKNOWN
2016-03-20T00:34:15.000000;2016-03-20T00:34:15.000000;7b45ca59-2d9a-4784-8835-9d41f36f09cd;408.42;3.6930667;UNKNOWN
2016-03-20T00:35:28.000000;2016-03-20T00:35:28.000000;44e7c424-b610-4ac3-b35c-fb4d5120b9cc;408.55;0.03283059;UNKNOWN
2016-03-20T00:35:33.000000;2016-03-20T00:35:33.000000;659dc029-ede7-4e8f-9ac3-def8aeb2b8db;408.94;0.2638032;UNKNOWN
2016-03-20T00:37:25.000000;2016-03-20T00:37:25.000000;d645c04d-b061-4e86-a2a5-32059a86534a;408.9;0.15536067;UNKNOWN
2016-03-20T00:38:14.000000;2016-03-20T00:38:14.000000;2f92d82b-2efe-4630-83a7-1b92ec87f249;409.09;0.12759478;UNKNOWN
2016-03-20T00:39:34.000000;2016-03-20T00:39:34.000000;4d38014f-9db9-4d4e-bc44-049fa0f294fd;409.09;0.01615952;UNKNOWN
2016-03-20T00:39:40.000000;2016-03-20T00:39:40.000000;ecb8d0d2-8e89-47f0-96e9-a6cf7f06fedf;409.09;0.01926773;UNKNOWN
2016-03-20T00:39:47.000000;2016-03-20T00:39:47.000000;ef0a6f3d-faea-4f1a-973e-21d400a5ba80;409.07;0.01611405;UNKNOWN
2016-03-20T00:39:53.000000;2016-03-20T00:39:53.000000;6f735be9-1549-44a8-ac05-0ca740cc34bc;409.09;0.01370625;UNKNOWN
2016-03-20T00:39:58.000000;2016-03-20T00:39:58.000000;0c7ba823-b587-4a8c-a61b-14c84a9263dd;409.09;0.01182159;UNKNOWN
2016-03-20T00:41:07.000000;2016-03-20T00:41:07.000000;57962531-facf-421f-b4bf-9576026b82b9;408.95;0.012;UNKNOWN
2016-03-20T00:41:07.000000;2016-03-20T00:41:07.000000;2e3b41dd-8e2c-4f8e-b6cb-4260e6ff885a;408.95;0.5;UNKNOWN
2016-03-20T00:41:31.000000;2016-03-20T00:41:31.000000;78ed63b7-2680-42b9-9ed1-e10e40b9be1c;408.97;0.02805;UNKNOWN
2016-03-20T00:41:40.000000;2016-03-20T00:41:40.000000;b3be1efc-2444-4cfa-ad11-6860a3346013;408.81;0.4;UNKNOWN
2016-03-20T00:42:32.000000;2016-03-20T00:42:32.000000;5d531618-697a-4c66-884d-c27b6aad4fcf;408.81;0.4;UNKNOWN
2016-03-20T00:42:34.000000;2016-03-20T00:42:34.000000;36deab16-caad-46ad-9a32-4e41801449c0;408.81;5.2491;UNKNOWN
2016-03-20T00:44:46.000000;2016-03-20T00:44:46.000000;d2ec93da-54fa-4c36-8f38-2f925487b51d;408.29;6.9535;UNKNOWN
2016-03-20T00:44:46.000000;2016-03-20T00:44:46.000000;162bd6b2-1e43-4a4b-aded-3844cd1d441e;408.77;1.0;UNKNOWN
2016-03-20T00:44:46.000000;2016-03-20T00:44:46.000000;225b7c3d-e386-4a3b-ae69-3eab01ea1da4;408.3;6.0;UNKNOWN
2016-03-20T00:44:46.000000;2016-03-20T00:44:46.000000;f9a70635-7f65-4a68-a790-d884873395b1;408.78;6.0465;UNKNOWN
2016-03-20T00:46:07.000000;2016-03-20T00:46:07.000000;1e1af383-6b32-4747-bb3a-af4cb33a4008;408.41;0.023542;UNKNOWN
2016-03-20T00:46:11.000000;2016-03-20T00:46:11.000000;9792c50d-6f2e-4468-887f-adf64e209ed1;408.41;0.012608;UNKNOWN
2016-03-20T00:47:44.000000;2016-03-20T00:47:44.000000;d3ad3cac-e714-48c8-9269-c779761819ed;408.41;0.016843;UNKNOWN
2016-03-20T00:48:18.000000;2016-03-20T00:48:18.000000;55acd016-4e4b-46be-a9ab-92bf0dbdaf4c;408.2;1.0;UNKNOWN
2016-03-20T00:48:18.000000;2016-03-20T00:48:18.000000;5c57cf27-c377-4d50-9bd0-218715a94482;408.03;3.45232409;UNKNOWN
2016-03-20T00:48:18.000000;2016-03-20T00:48:18.000000;f1a2a368-8114-4a2e-9b0b-3730f43fc08c;408.41;6.033207;UNKNOWN
2016-03-20T00:48:18.000000;2016-03-20T00:48:18.000000;5abdc550-2269-4bf8-bfda-fa0c553adf49;408.4;10.0;UNKNOWN
2016-03-20T00:48:51.000000;2016-03-20T00:48:51.000000;6cb541a5-e9b6-4607-ad03-c8d9defdce90;408.01;21.9511;UNKNOWN
2016-03-20T00:48:51.000000;2016-03-20T00:48:51.000000;0089d23a-d39c-4941-bd1b-64a1eec7cf30;408.04;12.0;UNKNOWN
2016-03-20T00:48:51.000000;2016-03-20T00:48:51.000000;73ae8b5f-03ff-414a-afb2-969254eabddc;408.01;9.93083535;UNKNOWN
2016-03-20T00:48:51.000000;2016-03-20T00:48:51.000000;97f48176-37ca-41db-bb77-ace56306213b;408.05;6.1152;UNKNOWN
2016-03-20T00:48:51.000000;2016-03-20T00:48:51.000000;2dc6c84d-ff5a-400d-90db-fb164486d84d;408.05;20.26;UNKNOWN
2016-03-20T00:49:01.000000;2016-03-20T00:49:01.000000;f72fd939-f6dc-4e5b-be7e-baff4b3cde24;407.95;0.025747;UNKNOWN
2016-03-20T00:50:04.000000;2016-03-20T00:50:04.000000;f13da4bc-f602-4fee-878f-b6459ba67b3e;407.92;6.0;UNKNOWN
2016-03-20T00:52:05.000000;2016-03-20T00:52:05.000000;b3fce779-5ea9-42d7-962e-b2b11e72729c;407.99;0.011291;UNKNOWN
2016-03-20T00:52:11.000000;2016-03-20T00:52:11.000000;d2bf6554-75e1-4950-8ec3-256fcedc6152;407.94;0.01256;UNKNOWN
2016-03-20T00:52:34.000000;2016-03-20T00:52:34.000000;8885c83a-5888-4b44-b3c6-b8956d00b7cf;407.94;5.974253;UNKNOWN
2016-03-20T00:52:34.000000;2016-03-20T00:52:34.000000;92ce21c4-37a6-4450-87aa-557a2d1997b0;407.93;4.025747;UNKNOWN
2016-03-20T00:55:23.000000;2016-03-20T00:55:23.000000;a62b6150-aebd-446f-a652-1b0dc4facbe5;408.45;0.2495149;UNKNOWN
2016-03-20T00:55:23.000000;2016-03-20T00:55:23.000000;bcf2c4d5-ae6c-4a31-9f72-e415892b061b;408.29;0.245;UNKNOWN
2016-03-20T00:55:28.000000;2016-03-20T00:55:28.000000;321249f4-d961-4bc0-b7b2-e8d3360488f5;408.43;0.01317285;UNKNOWN
2016-03-20T00:55:33.000000;2016-03-20T00:55:33.000000;c53e433b-af34-4f1f-9c0e-50a22281f993;408.43;0.01;UNKNOWN
2016-03-20T00:55:37.000000;2016-03-20T00:55:37.000000;f819c8af-2b64-4050-aef1-db5624d465d3;408.43;0.4181625;UNKNOWN
2016-03-20T00:55:41.000000;2016-03-20T00:55:41.000000;117e33f3-b9bc-4385-99dd-dd9f1b3e2693;408.43;0.08569878;UNKNOWN
2016-03-20T00:55:57.000000;2016-03-20T00:55:57.000000;aca64b51-d032-4a6c-8f21-bae73b06bb1f;408.43;0.49903652;UNKNOWN
2016-03-20T00:59:11.000000;2016-03-20T00:59:11.000000;651797aa-a343-40aa-bb22-b7ad73112c36;408.22;0.01;UNKNOWN
2016-03-20T00:59:33.000000;2016-03-20T00:59:33.000000;9957d73d-1bb2-45b2-8aad-8165964f9564;408.22;2.0;UNKNOWN
2016-03-20T01:00:07.000000;2016-03-20T01:00:07.000000;35800409-20d5-4f92-8235-3e04fea09c47;408.05;3.93;UNKNOWN
2016-03-20T01:01:37.000000;2016-03-20T01:01:37.000000;0e6d514f-e49f-408d-b12c-64b52d1ded7d;408.4;0.01;UNKNOWN
2016-03-20T01:01:46.000000;2016-03-20T01:01:46.000000;6fc2b2cb-a488-49a0-aad9-9de48a36ec0a;408.4;0.1;UNKNOWN
2016-03-20T01:03:22.000000;2016-03-20T01:03:22.000000;95765179-8b96-4772-bc93-dab08ec05ada;408.27;0.15;UNKNOWN
2016-03-20T01:06:19.000000;2016-03-20T01:06:19.000000;289180ba-106a-445f-8604-17a7c8a72eb7;408.3;0.17654171;UNKNOWN
2016-03-20T01:07:16.000000;2016-03-20T01:07:16.000000;28785e32-2da7-4eab-ba2a-ed6c14f60701;408.32;0.53583353;UNKNOWN
2016-03-20T01:07:18.000000;2016-03-20T01:07:18.000000;b00fc023-08f9-49e4-85fc-6531908553a7;408.32;0.53583353;UNKNOWN
2016-03-20T01:09:10.000000;2016-03-20T01:09:10.000000;ccfd8c14-a7a2-4147-bf4b-336da4d7b79d;408.4;0.29;UNKNOWN
2016-03-20T01:10:26.000000;2016-03-20T01:10:26.000000;464c95de-b552-4aab-8801-a91619dce0da;408.46;0.65;UNKNOWN
2016-03-20T01:10:28.000000;2016-03-20T01:10:28.000000;52ec83fb-071d-47be-bdc1-8f9cec83e1f1;408.46;1.34761322;UNKNOWN
2016-03-20T01:12:05.000000;2016-03-20T01:12:05.000000;cab010d7-d3ae-4f95-9ac9-ac5c0746f6e2;408.62;0.23789133;UNKNOWN
2016-03-20T01:12:19.000000;2016-03-20T01:12:19.000000;d756abd9-e239-4dfa-9387-a627b14b1de3;408.46;0.06044274;UNKNOWN
2016-03-20T01:13:10.000000;2016-03-20T01:13:10.000000;7ada2468-c0a5-422d-a15d-d7ffa681bdc0;408.6;1.7;UNKNOWN
2016-03-20T01:15:26.000000;2016-03-20T01:15:26.000000;54bbfdad-9d9f-4d35-986b-a6dafa16418e;408.62;0.05;UNKNOWN
2016-03-20T01:16:04.000000;2016-03-20T01:16:04.000000;f77a5134-ce85-45ae-959c-763eccf76fe4;408.46;0.1;UNKNOWN
2016-03-20T01:17:37.000000;2016-03-20T01:17:37.000000;ee110946-1ecb-490e-80ab-88a8084ebc76;408.46;1.02621178;UNKNOWN
2016-03-20T01:17:38.000000;2016-03-20T01:17:38.000000;909ec1cf-6663-41ec-80a9-39e020943916;408.46;0.37194236;UNKNOWN
2016-03-20T01:17:38.000000;2016-03-20T01:17:38.000000;8b57ff07-28e9-4c6c-9e6a-d143c78fbd11;408.4;1.02636254;UNKNOWN
2016-03-20T01:17:38.000000;2016-03-20T01:17:38.000000;7711eaef-afa1-46a9-9564-75134b8960b6;408.46;1.633984;UNKNOWN
2016-03-20T01:17:38.000000;2016-03-20T01:17:38.000000;01981b32-6b96-4832-b8f9-71f8cd6b78eb;408.46;2.84851912;UNKNOWN
2016-03-20T01:17:39.000000;2016-03-20T01:17:39.000000;5792f52d-8b2c-4df6-be98-08fee0550458;408.4;0.53391556;UNKNOWN
2016-03-20T01:17:40.000000;2016-03-20T01:17:40.000000;d5632fdd-a52f-4e25-ae46-84ee3a561015;408.4;0.175869;UNKNOWN
2016-03-20T01:17:40.000000;2016-03-20T01:17:40.000000;a0a13435-0f41-4693-936e-ae00dc7e472c;408.4;0.197667;UNKNOWN
2016-03-20T01:17:42.000000;2016-03-20T01:17:42.000000;2feb5f66-26bc-4b63-ad42-bd2bf486e951;408.15;0.03498368;UNKNOWN
2016-03-20T01:17:42.000000;2016-03-20T01:17:42.000000;6b493820-931d-425f-a81d-7313935faae4;408.4;0.197667;UNKNOWN
2016-03-20T01:17:42.000000;2016-03-20T01:17:42.000000;5740f888-e98c-4037-8c3f-e5269235e1c7;408.4;0.5785189;UNKNOWN
2016-03-20T01:17:42.000000;2016-03-20T01:17:42.000000;22b18c23-ef1c-4dc8-8086-896418a625ef;408.15;1.47726908;UNKNOWN
2016-03-20T01:17:42.000000;2016-03-20T01:17:42.000000;f6ead380-7428-4e5e-835a-262f18af9a33;408.15;0.26820827;UNKNOWN
2016-03-20T01:17:47.000000;2016-03-20T01:17:47.000000;af92426d-e334-4a77-9dbb-72e97d2e2759;408.06;0.35762743;UNKNOWN
2016-03-20T01:17:48.000000;2016-03-20T01:17:48.000000;622efdeb-e533-4c03-924e-d289ea8bd756;408.06;0.04664705;UNKNOWN
2016-03-20T01:17:51.000000;2016-03-20T01:17:51.000000;fe196066-e7a7-4a3d-aeee-7dcebdc1e4eb;408.34;0.04321593;UNKNOWN
2016-03-20T01:17:52.000000;2016-03-20T01:17:52.000000;02a56b85-bd7b-4ef1-be91-e4ef1d40276f;408.34;0.20178407;UNKNOWN
2016-03-20T01:17:52.000000;2016-03-20T01:17:52.000000;7f02e896-3a6a-46c7-a0c7-445128db73ab;408.1;0.1295381;UNKNOWN
2016-03-20T01:17:53.000000;2016-03-20T01:17:53.000000;a8116732-8508-4892-90ff-e31eb3a87a81;408.1;0.02563662;UNKNOWN
2016-03-20T01:17:54.000000;2016-03-20T01:17:54.000000;4afc955a-4bd1-4b38-af6c-0e47ca108bfb;408.1;0.02882528;UNKNOWN
2016-03-20T01:17:54.000000;2016-03-20T01:17:54.000000;b3a850f8-17ed-4658-bfbf-cc11d480d9f2;408.06;0.04985184;UNKNOWN
2016-03-20T01:17:54.000000;2016-03-20T01:17:54.000000;96b12731-7ce3-4049-8b80-603331729f51;408.06;0.40761201;UNKNOWN
2016-03-20T01:18:26.000000;2016-03-20T01:18:26.000000;ee403b52-ae1d-4439-bbf3-597c129b2293;408.48;2.88072183;UNKNOWN
2016-03-20T01:19:15.000000;2016-03-20T01:19:15.000000;9eed5467-a42c-4b48-915c-045886e32531;408.22;0.12277054;UNKNOWN
2016-03-20T01:20:19.000000;2016-03-20T01:20:19.000000;bc65412b-da2c-47f8-b4b9-d3cb0064e7b9;408.31;0.1227043;UNKNOWN
2016-03-20T01:20:19.000000;2016-03-20T01:20:19.000000;d71262ed-5ead-4e65-9500-08272ac951a2;408.31;0.47294335;UNKNOWN
2016-03-20T01:22:07.000000;2016-03-20T01:22:07.000000;a79093e6-5511-408f-afe2-d62e215acd2d;408.34;0.2;UNKNOWN
2016-03-20T01:22:47.000000;2016-03-20T01:22:47.000000;30305f2b-2235-4d11-a7ef-ff9f59be22ab;408.35;25.0;UNKNOWN
2016-03-20T01:22:47.000000;2016-03-20T01:22:47.000000;c50a5670-1dd2-48a8-9ef6-8c0592522778;408.6;6.1213;UNKNOWN
2016-03-20T01:22:47.000000;2016-03-20T01:22:47.000000;6a4fe1e2-6412-43c9-9352-0f9ccf4061ca;408.59;0.114154;UNKNOWN
2016-03-20T01:22:47.000000;2016-03-20T01:22:47.000000;6842ad51-39a2-4079-aef9-ca2ef3cf8f17;408.62;16.3687127;UNKNOWN
2016-03-20T01:22:47.000000;2016-03-20T01:22:47.000000;a67ad6db-e8ba-45ce-9715-0cd1bbeb8223;408.61;4.52;UNKNOWN
2016-03-20T01:24:13.000000;2016-03-20T01:24:13.000000;45f04b86-514a-4452-923d-2f720fd6e4dd;408.61;2.0;UNKNOWN
2016-03-20T01:24:33.000000;2016-03-20T01:24:33.000000;35f70856-d013-47d7-bb1e-bf88a8e766b0;408.48;0.02585821;UNKNOWN
2016-03-20T01:25:01.000000;2016-03-20T01:25:01.000000;cc3a08de-a217-49b2-8aa3-de4240ef3dc5;408.48;0.5;UNKNOWN
2016-03-20T01:25:46.000000;2016-03-20T01:25:46.000000;ef93430b-307a-4cc6-8d40-ea0d61777946;408.46;1.0;UNKNOWN
2016-03-20T01:26:16.000000;2016-03-20T01:26:16.000000;e584ccb4-a53f-4553-bedb-793584f61437;408.48;0.5;UNKNOWN
2016-03-20T01:26:16.000000;2016-03-20T01:26:16.000000;20c6730d-a322-420f-95c8-b03dd003427b;408.62;33.5812873;UNKNOWN
2016-03-20T01:26:16.000000;2016-03-20T01:26:16.000000;26f4ff7e-93d8-4f02-912b-20f212fa35ba;408.61;6.0488;UNKNOWN
2016-03-20T01:26:19.000000;2016-03-20T01:26:19.000000;5d24635d-0d1a-4e8e-8e1d-35ff19c08b7b;409.12;0.8291247;UNKNOWN
2016-03-20T01:26:19.000000;2016-03-20T01:26:19.000000;bd50bb37-24ea-46ad-8bfe-5db42c74489f;409.77;8.99361006;UNKNOWN
2016-03-20T01:26:19.000000;2016-03-20T01:26:19.000000;8e4ba983-5505-46dd-bfc0-25797bb5ad1b;409.64;12.0075;UNKNOWN
2016-03-20T01:26:19.000000;2016-03-20T01:26:19.000000;a5354e48-b349-455a-b7f1-cb9d3c406f99;409.53;13.7865;UNKNOWN
2016-03-20T01:26:19.000000;2016-03-20T01:26:19.000000;a8e5e9c4-8a58-43f4-84a9-5a088fbdba7f;409.09;15.9083;UNKNOWN
2016-03-20T01:26:29.000000;2016-03-20T01:26:29.000000;bc286a43-e0f3-4fb6-8a25-84eeea70b189;409.11;1.33823429;UNKNOWN
2016-03-20T01:26:29.000000;2016-03-20T01:26:29.000000;053c3bb2-5a32-45dc-8b5a-a09f72b905ea;409.09;3.87866571;UNKNOWN
2016-03-20T01:27:12.000000;2016-03-20T01:27:12.000000;815246d5-8387-439c-a0d0-a131c8e5adf7;409.59;0.75;UNKNOWN
2016-03-20T01:27:21.000000;2016-03-20T01:27:21.000000;edfac9db-b6b0-4532-b082-aaa4c8304b91;409.59;5.2906;UNKNOWN
2016-03-20T01:27:21.000000;2016-03-20T01:27:21.000000;46310fa8-4f1d-403c-858c-4a02d89c75f3;409.88;2.7094;UNKNOWN
2016-03-20T01:27:21.000000;2016-03-20T01:27:21.000000;933fca53-95f8-425a-9494-2a6c6d97601b;409.6;25.0;UNKNOWN
2016-03-20T01:27:28.000000;2016-03-20T01:27:28.000000;6f9483f4-bc78-4eb1-84aa-50831bc7b0d9;410.27;2.84606065;UNKNOWN
2016-03-20T01:27:28.000000;2016-03-20T01:27:28.000000;482743f3-78bb-474a-bb5a-07e9489d013d;409.88;2.0749;UNKNOWN
2016-03-20T01:27:28.000000;2016-03-20T01:27:28.000000;18b4344b-6e1f-4461-baeb-9dc2488dd4d5;410.0;3.00002543;UNKNOWN
2016-03-20T01:27:28.000000;2016-03-20T01:27:28.000000;196e9dd4-2f7b-434a-bc8b-b1099ef9a5f8;409.9;25.0;UNKNOWN
2016-03-20T01:27:28.000000;2016-03-20T01:27:28.000000;4853edba-ac3c-4966-9032-f8fd508f5d61;409.89;0.066083;UNKNOWN
2016-03-20T01:27:28.000000;2016-03-20T01:27:28.000000;512b82d0-4551-47ab-9a09-d117ded63f17;409.87;0.01293092;UNKNOWN
2016-03-20T01:27:32.000000;2016-03-20T01:27:32.000000;ad520ad5-2d40-4156-b1a1-72bdd02aba00;409.87;2.0749;UNKNOWN
2016-03-20T01:27:32.000000;2016-03-20T01:27:32.000000;49b1746d-133f-4df5-a687-962e143944f3;410.36;0.01;UNKNOWN
2016-03-20T01:27:32.000000;2016-03-20T01:27:32.000000;3c6d394d-e4b3-4872-aa7e-330d57025f5d;409.87;0.01293092;UNKNOWN
2016-03-20T01:27:32.000000;2016-03-20T01:27:32.000000;71f96915-1946-430a-a441-9162c5ddce6a;410.26;13.49;UNKNOWN
2016-03-20T01:27:32.000000;2016-03-20T01:27:32.000000;d0a8e0ea-3a30-4566-9ff3-679a3fceff04;410.24;12.559;UNKNOWN
2016-03-20T01:27:32.000000;2016-03-20T01:27:32.000000;bc2d1f50-1f1c-4be6-87d9-173a705c5df8;410.39;4.85316908;UNKNOWN
2016-03-20T01:27:39.000000;2016-03-20T01:27:39.000000;b96f2859-ad13-4020-bbc1-e87d2bc947c6;410.68;0.267;UNKNOWN
2016-03-20T01:27:39.000000;2016-03-20T01:27:39.000000;e5f36ca2-e4e7-4e68-b7f6-f1dafc2496b7;410.5;0.55;UNKNOWN
2016-03-20T01:27:39.000000;2016-03-20T01:27:39.000000;87837b90-207f-411d-97d5-c1299a236b80;410.48;0.183;UNKNOWN
2016-03-20T01:27:41.000000;2016-03-20T01:27:41.000000;68e490ba-9c6c-4c36-90af-808caf329e84;410.49;0.045;UNKNOWN
2016-03-20T01:27:41.000000;2016-03-20T01:27:41.000000;3569ecff-fbf0-41d3-b12a-15923f28fd90;410.68;5.755;UNKNOWN
2016-03-20T01:27:41.000000;2016-03-20T01:27:41.000000;6c602e8c-2f74-4992-93e2-d28d0d8c51b5;410.49;1.245;UNKNOWN
2016-03-20T01:27:45.000000;2016-03-20T01:27:45.000000;2904faba-1f87-439d-86b7-684c48e4be41;409.96;1.0;UNKNOWN
2016-03-20T01:27:48.000000;2016-03-20T01:27:48.000000;4945bad5-5235-4e3f-ab7e-c13697c3d53a;410.67;2.0;UNKNOWN
2016-03-20T01:27:48.000000;2016-03-20T01:27:48.000000;c3abf97c-8126-4eaf-8680-db2f3d740f0e;410.67;0.04668328;UNKNOWN
2016-03-20T01:27:48.000000;2016-03-20T01:27:48.000000;d690e91c-0e19-4b5f-8af0-ea641738fe90;410.82;13.72608328;UNKNOWN
2016-03-20T01:27:48.000000;2016-03-20T01:27:48.000000;2627b449-08f0-4a29-9476-13284425bdfe;410.67;11.21291672;UNKNOWN
2016-03-20T01:27:48.000000;2016-03-20T01:27:48.000000;fa809e09-461c-4187-9486-156193c03ad8;410.68;0.061;UNKNOWN
2016-03-20T01:27:55.000000;2016-03-20T01:27:55.000000;7f7da938-48d5-4c57-a71f-e72d1ff909c9;410.82;10.0;UNKNOWN
2016-03-20T01:28:06.000000;2016-03-20T01:28:06.000000;904ad003-f13d-44b8-9eac-50dbe505032f;410.65;5.0;UNKNOWN
2016-03-20T01:28:07.000000;2016-03-20T01:28:07.000000;6e5628ac-4d18-416a-901f-2fb764486078;410.03;0.1;UNKNOWN
2016-03-20T01:28:15.000000;2016-03-20T01:28:15.000000;e33f2f08-cf78-4663-9309-1482257424da;410.05;0.05;UNKNOWN
2016-03-20T01:28:20.000000;2016-03-20T01:28:20.000000;47c8dcf8-e09d-45a1-9d5e-a55bd86872c6;410.05;0.483372;UNKNOWN
2016-03-20T01:30:06.000000;2016-03-20T01:30:06.000000;d3c5434c-f004-4981-9461-63d4845a1a34;409.64;1.47756102;UNKNOWN
2016-03-20T01:30:10.000000;2016-03-20T01:30:10.000000;ae4141ac-3b16-4425-b61d-efb9bacd55bb;409.61;0.022373;UNKNOWN
2016-03-20T01:30:14.000000;2016-03-20T01:30:14.000000;a2c47b80-a76f-47bc-8a3a-70c6b04ee9ea;409.62;4.74;UNKNOWN
2016-03-20T01:30:14.000000;2016-03-20T01:30:14.000000;6db549e5-addf-4fd0-8d2c-4638ec422328;409.62;20.26;UNKNOWN
2016-03-20T01:30:14.000000;2016-03-20T01:30:14.000000;4ba2d014-9b61-49d8-a724-5512a9efeaa1;409.61;0.051178;UNKNOWN
2016-03-20T01:30:18.000000;2016-03-20T01:30:18.000000;ec885822-4b23-44b4-836a-2604f5a294e1;409.61;0.02719046;UNKNOWN
2016-03-20T01:30:44.000000;2016-03-20T01:30:44.000000;d376b19a-7a4e-4f89-8627-f2c5d1334d71;409.62;0.5;UNKNOWN
2016-03-20T01:30:50.000000;2016-03-20T01:30:50.000000;193e92f5-bc3f-4ac1-9a3f-d59d01fa05a1;409.66;0.04717086;UNKNOWN
2016-03-20T01:30:50.000000;2016-03-20T01:30:50.000000;b26cc0ae-f005-419b-8897-5e7feea9314c;409.67;0.41;UNKNOWN
2016-03-20T01:30:51.000000;2016-03-20T01:30:51.000000;ffb4d456-d042-4e5a-b9d8-85c9781b1ce4;409.63;6.0251;UNKNOWN
2016-03-20T01:30:51.000000;2016-03-20T01:30:51.000000;9bd5116f-947d-4605-96fe-37c9e50ed540;409.69;24.54282914;UNKNOWN
2016-03-20T01:31:01.000000;2016-03-20T01:31:01.000000;85571e27-3c57-4a8c-b483-404b62629130;409.63;7.0;UNKNOWN
2016-03-20T01:31:09.000000;2016-03-20T01:31:09.000000;9c6d9c56-1cd6-4c05-ba99-7a29fc53cd5b;409.63;2.43207086;UNKNOWN
2016-03-20T01:31:36.000000;2016-03-20T01:31:36.000000;78d9c94a-0f5b-4ab4-b659-ef5e203e68a0;409.7;5.0;UNKNOWN
2016-03-20T01:32:01.000000;2016-03-20T01:32:01.000000;8492309d-adb5-4700-9535-93993c06dd55;409.9;5.0;UNKNOWN
2016-03-20T01:32:55.000000;2016-03-20T01:32:55.000000;c9126023-095d-4db9-b0c1-2bc52efa3ac2;410.19;0.5;UNKNOWN
2016-03-20T01:33:11.000000;2016-03-20T01:33:11.000000;211d19b3-fb22-4f18-8b8a-c0579f531d7d;410.67;4.61;UNKNOWN
2016-03-20T01:33:11.000000;2016-03-20T01:33:11.000000;8babe27d-4f10-46e2-8c4c-743df6b04a76;410.68;0.12498973;UNKNOWN
2016-03-20T01:33:11.000000;2016-03-20T01:33:11.000000;4572b20e-0ff9-41f1-874b-d72b1ed12825;410.14;0.016235;UNKNOWN
2016-03-20T01:33:11.000000;2016-03-20T01:33:11.000000;decc8884-3c6e-401c-9fea-78c42de1d014;410.66;0.20162127;UNKNOWN
2016-03-20T01:33:11.000000;2016-03-20T01:33:11.000000;6d3e1024-af4f-44a5-815e-89731915d62e;410.16;0.017154;UNKNOWN
2016-03-20T01:33:11.000000;2016-03-20T01:33:11.000000;0cc298be-84ae-4386-9379-712f4d0a18df;410.2;0.03;UNKNOWN
2016-03-20T01:33:24.000000;2016-03-20T01:33:24.000000;bf848a92-7377-4d56-b827-1ef43e0b8ede;410.82;13.4137;UNKNOWN
2016-03-20T01:33:24.000000;2016-03-20T01:33:24.000000;d8457dec-6277-4272-aaa7-ecc48ef7dcbe;410.07;0.020481;UNKNOWN
2016-03-20T01:33:24.000000;2016-03-20T01:33:24.000000;5a351611-5f38-47b7-bd18-f0cd95ef05ae;410.94;13.5489;UNKNOWN
2016-03-20T01:33:27.000000;2016-03-20T01:33:27.000000;0d2c9291-f056-4de0-9a9b-97e02b4785f8;411.0;0.09265992;UNKNOWN
2016-03-20T01:33:27.000000;2016-03-20T01:33:27.000000;814619f7-4689-4a8d-9dbb-3ed1496f1221;411.0;0.06809368;UNKNOWN
2016-03-20T01:33:29.000000;2016-03-20T01:33:29.000000;d0394964-713f-4329-8f74-7c4f8d1a9b91;411.0;0.09265992;UNKNOWN
2016-03-20T01:33:29.000000;2016-03-20T01:33:29.000000;4a6b405d-d7a4-4353-8037-d0f5d995fda7;411.0;0.06809368;UNKNOWN
2016-03-20T01:33:30.000000;2016-03-20T01:33:30.000000;bb4daa9a-8e03-4de4-8b85-761981218179;411.0;0.09265992;UNKNOWN
2016-03-20T01:33:31.000000;2016-03-20T01:33:31.000000;1b3a3303-7756-40f5-accb-41d98a119318;411.0;0.09266284;UNKNOWN
2016-03-20T01:33:31.000000;2016-03-20T01:33:31.000000;3e34849c-ea23-4750-9918-70b7c59cab57;411.0;0.06809583;UNKNOWN
2016-03-20T01:33:32.000000;2016-03-20T01:33:32.000000;a888f5ae-aca5-4e13-b996-d1126947eabe;411.0;1.88;UNKNOWN
2016-03-20T01:33:33.000000;2016-03-20T01:33:33.000000;e34da61e-38c3-437c-b6fd-d7e6e115a114;411.01;0.5;UNKNOWN
2016-03-20T01:33:33.000000;2016-03-20T01:33:33.000000;3f30e63b-2b2a-4b94-9dc5-a32bd19fce39;411.03;2.5;UNKNOWN
2016-03-20T01:33:33.000000;2016-03-20T01:33:33.000000;49f7aaaf-f0dd-449f-bd11-3ce6fed9002c;411.0;0.06809368;UNKNOWN
2016-03-20T01:33:34.000000;2016-03-20T01:33:34.000000;c8d91a4d-155d-4a93-8fb1-1e9d5d183ebe;411.0;0.03860186;UNKNOWN
2016-03-20T01:33:48.000000;2016-03-20T01:33:48.000000;221b92d2-f823-41b7-941f-cbf9646fe9f7;411.01;0.02828415;UNKNOWN
2016-03-20T01:33:48.000000;2016-03-20T01:33:48.000000;e07621d1-72ad-4ce7-b0be-09404420966b;411.01;0.06816018;UNKNOWN
2016-03-20T01:33:51.000000;2016-03-20T01:33:51.000000;f79e0ec8-063c-4e66-bba1-4611fda2da68;411.01;0.03863945;UNKNOWN
2016-03-20T01:33:54.000000;2016-03-20T01:33:54.000000;e0d446e9-ea37-48c6-9127-59f29001a47a;410.34;0.13018378;UNKNOWN
2016-03-20T01:33:54.000000;2016-03-20T01:33:54.000000;0bb2224d-e102-4a76-a55b-370e6a141ea1;411.01;5.86981622;UNKNOWN
2016-03-20T01:33:54.000000;2016-03-20T01:33:54.000000;710c61d1-742d-4fe6-aeea-fbb11399cd0b;410.35;6.0;UNKNOWN
2016-03-20T01:34:02.000000;2016-03-20T01:34:02.000000;0975ee2d-dae0-4a11-9558-9287825d45fb;410.02;0.01;UNKNOWN
2016-03-20T01:34:03.000000;2016-03-20T01:34:03.000000;7032ba91-b3c2-4c8a-9118-6a9f5b2f5293;410.02;0.01;UNKNOWN
2016-03-20T01:34:20.000000;2016-03-20T01:34:20.000000;d21fd90f-6e6b-4603-a161-093e1d81511c;410.49;0.07930935;UNKNOWN
2016-03-20T01:34:20.000000;2016-03-20T01:34:20.000000;24a8b596-5811-4f46-aa1a-cf68073a362b;410.5;1.17549065;UNKNOWN
2016-03-20T01:34:31.000000;2016-03-20T01:34:31.000000;3b09ca82-b2bd-4c0c-b91b-a0407cba979e;410.5;38.4112;UNKNOWN
2016-03-20T01:34:40.000000;2016-03-20T01:34:40.000000;3c02da54-ce88-4fa6-8827-cff41cb5791c;410.11;0.50904563;UNKNOWN
2016-03-20T01:35:59.000000;2016-03-20T01:35:59.000000;ef3db286-79c8-4459-bcab-dd71fd404d81;410.48;0.011771;UNKNOWN
2016-03-20T01:35:59.000000;2016-03-20T01:35:59.000000;c2903122-c4f4-4dec-9c04-0470ab5a21ec;410.63;0.06644505;UNKNOWN
2016-03-20T01:35:59.000000;2016-03-20T01:35:59.000000;a36da7d0-d9d2-43c9-9a19-bdc3e066d2bd;410.5;0.41330935;UNKNOWN
2016-03-20T01:35:59.000000;2016-03-20T01:35:59.000000;f4b16270-be46-4a3c-875b-1c4d11254aa0;410.49;0.03323748;UNKNOWN
2016-03-20T01:36:00.000000;2016-03-20T01:36:00.000000;f3b7889e-05c0-4861-a602-2729dc9c1c1e;410.65;0.06643884;UNKNOWN
2016-03-20T01:36:00.000000;2016-03-20T01:36:00.000000;ca1da3fd-9c5e-40bb-94a3-d94ec7be550a;410.65;0.03323884;UNKNOWN
2016-03-20T01:36:11.000000;2016-03-20T01:36:11.000000;9e4475bc-84ab-4853-a8fd-da50ff7b0af2;410.8;1.68;UNKNOWN
2016-03-20T01:36:12.000000;2016-03-20T01:36:12.000000;dd8e71ab-b4ed-4ecc-81e1-c2466efaba12;411.0;0.41800765;UNKNOWN
2016-03-20T01:36:12.000000;2016-03-20T01:36:12.000000;78894e51-abf4-465c-960d-99ab6bd78cdd;410.99;0.08199235;UNKNOWN
2016-03-20T01:36:22.000000;2016-03-20T01:36:22.000000;9d4f294e-326c-4589-860d-be74c354f006;410.98;5.9994;UNKNOWN
2016-03-20T01:36:22.000000;2016-03-20T01:36:22.000000;55da3a68-cf5c-464d-8e41-d70103f109b8;411.0;1.08199235;UNKNOWN
2016-03-20T01:36:27.000000;2016-03-20T01:36:27.000000;81405311-bd7b-434a-a999-baa904440f61;411.01;19.11;UNKNOWN
2016-03-20T01:36:30.000000;2016-03-20T01:36:30.000000;0f64b935-2764-495e-9b4d-bcec48a58522;411.01;6.972;UNKNOWN
2016-03-20T01:36:44.000000;2016-03-20T01:36:44.000000;34864786-04d2-4f47-b8c8-758fca22f2d1;411.9;10.0;UNKNOWN
2016-03-20T01:36:44.000000;2016-03-20T01:36:44.000000;ea0f84a2-b009-457e-a0c2-8caa055909e9;411.79;12.4966;UNKNOWN
2016-03-20T01:36:44.000000;2016-03-20T01:36:44.000000;56173b27-e168-4fe5-bbf7-c446f862058d;411.03;0.35;UNKNOWN
2016-03-20T01:36:44.000000;2016-03-20T01:36:44.000000;584f6053-859d-430f-9095-ce0c2ae6aae9;411.95;12.53527413;UNKNOWN
2016-03-20T01:36:44.000000;2016-03-20T01:36:44.000000;1eddfae4-c15a-4d89-b299-83a342d00f72;411.01;12.57342887;UNKNOWN
2016-03-20T01:36:44.000000;2016-03-20T01:36:44.000000;c5be397c-0fb1-4f57-aeba-c367d2f0abea;411.67;13.271;UNKNOWN
2016-03-20T01:36:44.000000;2016-03-20T01:36:44.000000;4cb8e5cc-8c2c-442e-a29a-ef6ed5bece08;411.66;18.0307;UNKNOWN
2016-03-20T01:36:44.000000;2016-03-20T01:36:44.000000;449d8e54-2564-4e23-8e44-ffa7ce1a5c48;411.49;0.014777;UNKNOWN
2016-03-20T01:36:44.000000;2016-03-20T01:36:44.000000;1c63b56d-b06e-44f6-92b4-eec485f8e838;411.5;0.06602;UNKNOWN
2016-03-20T01:36:44.000000;2016-03-20T01:36:44.000000;f681d9ae-7925-48fc-9ce2-d3e393c84730;411.66;6.0492;UNKNOWN
2016-03-20T01:36:44.000000;2016-03-20T01:36:44.000000;40003b4f-8c2d-408a-aa69-4347409d75f2;411.49;14.613;UNKNOWN
2016-03-20T01:36:52.000000;2016-03-20T01:36:52.000000;7919e555-170b-449c-a789-aa906d8f1edc;412.66;5.83;UNKNOWN
2016-03-20T01:36:52.000000;2016-03-20T01:36:52.000000;526a5b9d-fed2-4b4e-bf21-5b6de9f8e6e4;412.0;3.268718;UNKNOWN
2016-03-20T01:36:52.000000;2016-03-20T01:36:52.000000;768e7674-735f-4cd9-b1d7-d582634697a2;412.0;0.25;UNKNOWN
2016-03-20T01:36:52.000000;2016-03-20T01:36:52.000000;538a2b73-c087-412c-91de-1713aebc0905;412.53;11.978;UNKNOWN
2016-03-20T01:36:52.000000;2016-03-20T01:36:52.000000;f6d9f816-202c-4144-8008-f5dc9a288da0;412.38;0.022;UNKNOWN
2016-03-20T01:36:52.000000;2016-03-20T01:36:52.000000;af844e3d-caeb-4e4e-90f0-08f08e1f7b66;412.0;32.76397724;UNKNOWN
2016-03-20T01:36:52.000000;2016-03-20T01:36:52.000000;f17eb403-0486-44f0-990a-915b461b2225;412.5;0.1;UNKNOWN
2016-03-20T01:36:52.000000;2016-03-20T01:36:52.000000;a6e6e73c-4e08-471f-aa55-5cad0018127e;412.39;12.0598;UNKNOWN
2016-03-20T01:36:52.000000;2016-03-20T01:36:52.000000;a1e6b1a2-2439-4949-bacd-5c162c983df9;412.22;0.01;UNKNOWN
2016-03-20T01:36:52.000000;2016-03-20T01:36:52.000000;f02fe6e2-b6a9-46cd-9b62-de70290e6e2c;412.08;5.5;UNKNOWN
2016-03-20T01:36:52.000000;2016-03-20T01:36:52.000000;e06ca00f-bf0e-474a-9773-5ea150801b84;412.38;0.1;UNKNOWN
2016-03-20T01:36:52.000000;2016-03-20T01:36:52.000000;4c74af64-caa6-4ae0-b7bf-9c7a4e489f53;412.24;12.1559;UNKNOWN
2016-03-20T01:36:52.000000;2016-03-20T01:36:52.000000;9295511b-32ba-4e0b-9092-783382d1ac65;412.5;0.3;UNKNOWN
2016-03-20T01:36:52.000000;2016-03-20T01:36:52.000000;dbcc8f08-938f-4158-b1c3-3146612ca891;412.8;5.0;UNKNOWN
2016-03-20T01:36:52.000000;2016-03-20T01:36:52.000000;7ec8e89c-a0e9-4e25-984b-f5217d1e3a41;412.82;12.5212;UNKNOWN
2016-03-20T01:36:52.000000;2016-03-20T01:36:52.000000;fe6ea8af-4a6c-4238-b95f-775fb025aec1;412.78;1.57;UNKNOWN
2016-03-20T01:36:52.000000;2016-03-20T01:36:52.000000;bc79439a-cffa-4943-8bbf-1c569d414e55;412.75;1.42;UNKNOWN
2016-03-20T01:36:52.000000;2016-03-20T01:36:52.000000;b5058820-edb3-48f7-aae2-828acec33aa0;412.75;9.5;UNKNOWN
2016-03-20T01:36:52.000000;2016-03-20T01:36:52.000000;0dd5fce6-7f34-4439-a09f-db1733975c39;412.74;0.25;UNKNOWN
2016-03-20T01:36:52.000000;2016-03-20T01:36:52.000000;aadcd5ae-604b-4b3a-8e02-183c6f866630;412.67;12.7791;UNKNOWN
2016-03-20T01:36:52.000000;2016-03-20T01:36:52.000000;4e8052df-7768-46f3-967a-dca9373f375c;412.75;0.25224864;UNKNOWN
2016-03-20T01:36:52.000000;2016-03-20T01:36:52.000000;9f4cef41-d1f4-44d8-ab23-652143540ff5;412.97;13.1688;UNKNOWN
2016-03-20T01:36:52.000000;2016-03-20T01:36:52.000000;afa09a1f-8a0e-47c0-865f-5e36203e25cf;412.78;10.3;UNKNOWN
2016-03-20T01:36:52.000000;2016-03-20T01:36:52.000000;bffb3b7b-6cc3-4475-b462-34766b4e1703;412.85;0.1;UNKNOWN
2016-03-20T01:36:52.000000;2016-03-20T01:36:52.000000;75adaa09-479e-4196-aaed-76f15d3e33c7;412.83;5.0;UNKNOWN
2016-03-20T01:36:52.000000;2016-03-20T01:36:52.000000;028ed0d1-d643-425d-82d1-c0b6091b2a74;413.0;15.71616341;UNKNOWN
2016-03-20T01:36:52.000000;2016-03-20T01:36:52.000000;ff382db3-2c65-46b3-b711-acbb64c9e040;412.99;3.77409271;UNKNOWN
2016-03-20T01:36:52.000000;2016-03-20T01:36:52.000000;44284c1b-579c-4c21-9057-747071356a69;412.9;2.0;UNKNOWN
2016-03-20T01:36:52.000000;2016-03-20T01:36:52.000000;1ed6c233-11c2-4827-8f2f-2851b8cfe2bb;412.87;21.31;UNKNOWN
2016-03-20T01:36:52.000000;2016-03-20T01:36:52.000000;a5a9e63d-7aa2-4e65-b9d2-26b8df6f61bc;412.98;1.0;UNKNOWN
2016-03-20T01:36:53.000000;2016-03-20T01:36:53.000000;539d6c69-8f6e-4275-a09d-507fdaf34fb1;413.0;1.0;UNKNOWN
2016-03-20T01:36:53.000000;2016-03-20T01:36:53.000000;3bf11ccd-c82b-4aab-b10b-b4620313a1e2;413.0;0.10269833;UNKNOWN
2016-03-20T01:36:53.000000;2016-03-20T01:36:53.000000;f34d6c56-6d3d-4c08-a3eb-01ca6df05cc9;413.0;0.24730167;UNKNOWN
2016-03-20T01:36:53.000000;2016-03-20T01:36:53.000000;eed22c6d-43f9-4074-ac2d-b1ebe51cab33;413.0;1.0;UNKNOWN
2016-03-20T01:36:53.000000;2016-03-20T01:36:53.000000;ffccbf3f-61c1-4037-97b5-748f49df308c;413.0;1.43783659;UNKNOWN
2016-03-20T01:36:53.000000;2016-03-20T01:36:53.000000;3bcece9a-442e-4668-b8de-047319f8e119;413.0;0.56216341;UNKNOWN
2016-03-20T01:36:53.000000;2016-03-20T01:36:53.000000;a9c7a9aa-5c2d-4105-9331-55bd34b7265d;413.12;6.92269833;UNKNOWN
2016-03-20T01:36:53.000000;2016-03-20T01:36:53.000000;28385d22-adc0-4e3b-a64e-05bdf4b91509;413.0;1.0;UNKNOWN
2016-03-20T01:36:53.000000;2016-03-20T01:36:53.000000;8f9cea61-2cee-41c8-98c8-4a087ee76fba;413.0;1.43783659;UNKNOWN
2016-03-20T01:36:53.000000;2016-03-20T01:36:53.000000;12a72d0d-6956-48bc-bf23-7748cf54d3f4;413.0;1.0;UNKNOWN
2016-03-20T01:36:53.000000;2016-03-20T01:36:53.000000;5e4b8061-b136-4573-a793-bce5eeee4873;413.09;2.83;UNKNOWN
2016-03-20T01:36:53.000000;2016-03-20T01:36:53.000000;42f2db97-bad3-4dfd-b30a-b72a738c57fa;413.0;134.28383659;UNKNOWN
2016-03-20T01:36:53.000000;2016-03-20T01:36:53.000000;7d853e7d-d26a-4420-b7af-02d52dd016b2;413.0;1.0;UNKNOWN
2016-03-20T01:36:53.000000;2016-03-20T01:36:53.000000;fdfcd75a-12d5-416e-8d55-9a6c923b305e;413.0;0.20416341;UNKNOWN
2016-03-20T01:36:53.000000;2016-03-20T01:36:53.000000;41152038-75ba-4a5f-ad99-cbbcbbdd68b9;412.66;14.512;UNKNOWN
2016-03-20T01:37:00.000000;2016-03-20T01:37:00.000000;812ec4eb-7d56-4582-a74c-2e69816bfcfa;412.8;1.35;UNKNOWN
2016-03-20T01:37:02.000000;2016-03-20T01:37:02.000000;19a7940f-32ba-4d68-9a51-50fd00687c38;412.8;0.65;UNKNOWN
2016-03-20T01:37:02.000000;2016-03-20T01:37:02.000000;50714157-014b-427d-b1d0-b3e7d18dee0d;412.95;0.06722539;UNKNOWN
2016-03-20T01:37:02.000000;2016-03-20T01:37:02.000000;bf3bc70d-09a0-4217-a897-d1ce20dea4c0;412.96;2.78277461;UNKNOWN
2016-03-20T01:37:02.000000;2016-03-20T01:37:02.000000;ba8aa71a-89f7-4fd0-84f6-7ca5892b5746;411.82;0.01;UNKNOWN
2016-03-20T01:37:02.000000;2016-03-20T01:37:02.000000;ae497906-ee5e-4595-b8c1-1e686f9d1719;411.82;0.1;UNKNOWN
2016-03-20T01:37:03.000000;2016-03-20T01:37:03.000000;f3dab1cd-5935-4d7b-8ef0-2faa647be14f;411.95;0.01;UNKNOWN
2016-03-20T01:37:04.000000;2016-03-20T01:37:04.000000;4661997f-1815-41dd-981a-889b87679a72;412.9;0.862;UNKNOWN
2016-03-20T01:37:09.000000;2016-03-20T01:37:09.000000;9ba0f5d5-ff41-41c0-8266-c78d14cb1022;413.12;6.03690167;UNKNOWN
2016-03-20T01:37:09.000000;2016-03-20T01:37:09.000000;fd1ee98c-98c9-4d5c-a8c0-52513c31724b;413.16;0.022;UNKNOWN
2016-03-20T01:37:09.000000;2016-03-20T01:37:09.000000;599e11c8-0b87-47eb-a942-0093b90b90a5;412.98;0.06722051;UNKNOWN
2016-03-20T01:37:09.000000;2016-03-20T01:37:09.000000;d814b5fd-ec69-4efe-bdba-6daf0ced2f9e;413.2;0.01;UNKNOWN
2016-03-20T01:37:09.000000;2016-03-20T01:37:09.000000;57e5bcba-528a-44c5-9a9d-2fc0b3cc19ec;413.2;3.68187782;UNKNOWN
2016-03-20T01:37:09.000000;2016-03-20T01:37:09.000000;9a107873-bda0-474a-8ee7-094cf320835b;413.07;0.182;UNKNOWN
2016-03-20T01:37:09.000000;2016-03-20T01:37:09.000000;41ac201d-d938-4f12-9df0-ba1e550d3d25;412.91;2.84;UNKNOWN
2016-03-20T01:37:10.000000;2016-03-20T01:37:10.000000;0c406d88-48c0-4218-be22-981e7c2efc63;412.91;0.5;UNKNOWN
2016-03-20T01:37:10.000000;2016-03-20T01:37:10.000000;c2acd88e-55aa-4c00-962b-433410307d9b;412.91;0.457;UNKNOWN
2016-03-20T01:37:15.000000;2016-03-20T01:37:15.000000;b7df5c45-d148-4405-ad76-e45815d7c6bf;412.91;3.997;UNKNOWN
2016-03-20T01:37:16.000000;2016-03-20T01:37:16.000000;6f988245-73b9-4c1a-a81c-86cdcd3643c3;412.11;1.0;UNKNOWN
2016-03-20T01:37:16.000000;2016-03-20T01:37:16.000000;07d9e264-c952-47aa-8c3f-3da875749bf9;412.91;1.5823;UNKNOWN
2016-03-20T01:37:16.000000;2016-03-20T01:37:16.000000;8123523a-da08-4008-87b9-d365945216b5;412.11;0.73710148;UNKNOWN
2016-03-20T01:37:20.000000;2016-03-20T01:37:20.000000;dc0afdba-3a23-4f23-920b-02a33ceb3982;412.12;1.0;UNKNOWN
2016-03-20T01:37:25.000000;2016-03-20T01:37:25.000000;2334de14-a8f8-4a08-9dc8-75c7c1fe4453;411.98;0.14879229;UNKNOWN
2016-03-20T01:37:27.000000;2016-03-20T01:37:27.000000;8bec7e63-da15-407c-80b0-d15f48fc1a28;412.11;0.061;UNKNOWN
2016-03-20T01:37:44.000000;2016-03-20T01:37:44.000000;77d9f767-6c30-44aa-8cd8-5f3558e7ba13;412.37;13.1034;UNKNOWN
2016-03-20T01:37:44.000000;2016-03-20T01:37:44.000000;487406c2-56f7-46a6-b6b5-97cbbcb9a053;412.11;0.4;UNKNOWN
2016-03-20T01:37:44.000000;2016-03-20T01:37:44.000000;caf9ca13-5d90-4ba1-8b6c-930e8ddf02f3;412.22;13.5489;UNKNOWN
2016-03-20T01:37:44.000000;2016-03-20T01:37:44.000000;87388f0a-3bfc-4c2e-a1bf-12be39203c7e;412.0;5.0;UNKNOWN
2016-03-20T01:37:44.000000;2016-03-20T01:37:44.000000;85c36522-77c9-4ff2-9fad-a910d20cf5bc;412.11;0.12676988;UNKNOWN
2016-03-20T01:37:44.000000;2016-03-20T01:37:44.000000;34aceee1-a13b-43b3-892c-58111b8086a8;412.53;13.6204;UNKNOWN
2016-03-20T01:37:44.000000;2016-03-20T01:37:44.000000;217f7a22-3be9-488e-a21a-388c513051fd;412.81;5.61314864;UNKNOWN
2016-03-20T01:37:44.000000;2016-03-20T01:37:44.000000;1228e543-556e-42b9-84f9-111961ad6c77;412.69;12.8832;UNKNOWN
2016-03-20T01:37:48.000000;2016-03-20T01:37:48.000000;e14c8f94-2314-4272-bcb8-0db0277bf461;412.3;10.0;UNKNOWN
2016-03-20T01:37:52.000000;2016-03-20T01:37:52.000000;11cd1e91-1c98-409d-bc53-ede0ba87d038;411.9;3.17;UNKNOWN
2016-03-20T01:37:57.000000;2016-03-20T01:37:57.000000;d00f0811-aede-42d2-8868-10187349fd1c;411.73;0.182;UNKNOWN
2016-03-20T01:37:57.000000;2016-03-20T01:37:57.000000;1620cc64-5313-46a4-8d26-5dcc31adc4e5;411.67;5.31045293;UNKNOWN
2016-03-20T01:38:03.000000;2016-03-20T01:38:03.000000;98312ad8-8ae1-47ed-b64e-40077b0349fb;411.75;0.01;UNKNOWN
2016-03-20T01:38:03.000000;2016-03-20T01:38:03.000000;032e2047-0cc9-46dc-abbf-f49f22f2bfaf;411.75;0.01;UNKNOWN
2016-03-20T01:38:03.000000;2016-03-20T01:38:03.000000;beea15d2-8c9d-4726-9ae3-8acba38e63dc;411.75;0.01;UNKNOWN
2016-03-20T01:38:03.000000;2016-03-20T01:38:03.000000;3dac4f9e-3bf5-4fc0-baa5-5ef10ec5449e;411.75;0.01;UNKNOWN
2016-03-20T01:38:13.000000;2016-03-20T01:38:13.000000;7d2e7bb3-80cb-43dd-b149-9c9c3077f463;411.77;0.8549162;UNKNOWN
2016-03-20T01:38:25.000000;2016-03-20T01:38:25.000000;bb16cebd-958e-49a9-8db8-8f25eadcacea;412.0;8.0;UNKNOWN
2016-03-20T01:38:55.000000;2016-03-20T01:38:55.000000;346d9f64-9868-4c44-ab78-1a53b60fa4e0;411.77;5.1640838;UNKNOWN
2016-03-20T01:38:55.000000;2016-03-20T01:38:55.000000;353d7d47-d021-480b-84c8-9d840c9bdaa7;411.77;0.01;UNKNOWN
2016-03-20T01:38:57.000000;2016-03-20T01:38:57.000000;62ff7cc1-483e-45ec-b9df-e017f12aac21;411.75;0.5;UNKNOWN
2016-03-20T01:39:03.000000;2016-03-20T01:39:03.000000;1e0fbdac-b22b-449b-b8ba-571ef918d3ca;411.5;0.12;UNKNOWN
2016-03-20T01:39:03.000000;2016-03-20T01:39:03.000000;f6e511fd-9bf2-44a6-a110-f8b6c8ca2547;411.75;0.1;UNKNOWN
2016-03-20T01:39:40.000000;2016-03-20T01:39:40.000000;27700d9e-fe62-46fe-811e-53c171327bda;411.75;0.24371359;UNKNOWN
2016-03-20T01:39:45.000000;2016-03-20T01:39:45.000000;f638b3cf-cfd2-43f9-9e77-218bfe5059d7;411.75;2.97628641;UNKNOWN
2016-03-20T01:40:35.000000;2016-03-20T01:40:35.000000;158532a9-d92c-4632-ba19-73664f0017ff;411.56;0.037;UNKNOWN
2016-03-20T01:40:35.000000;2016-03-20T01:40:35.000000;96bc2a13-3885-4f27-9a0c-96b89ee30278;411.6;9.476;UNKNOWN
2016-03-20T01:40:35.000000;2016-03-20T01:40:35.000000;b7d3035e-d9b5-4793-9035-076d41e0204b;411.58;0.487;UNKNOWN
2016-03-20T01:41:52.000000;2016-03-20T01:41:52.000000;bc79655a-7c22-4889-96e5-f59291711a69;411.75;1.0;UNKNOWN
2016-03-20T01:41:52.000000;2016-03-20T01:41:52.000000;2b047e48-c0e4-4fbe-8cf8-193aa3a90008;411.63;0.03023539;UNKNOWN
2016-03-20T01:41:52.000000;2016-03-20T01:41:52.000000;6206b64c-c4ee-4639-8b01-0c4a4db9d100;411.8;21.33006461;UNKNOWN
2016-03-20T01:41:52.000000;2016-03-20T01:41:52.000000;b067a234-867a-47de-b398-2e927b8cfa28;411.69;6.0;UNKNOWN
2016-03-20T01:41:52.000000;2016-03-20T01:41:52.000000;91b144ba-fdfe-42a1-9afe-111b7d00cac8;411.64;0.5;UNKNOWN
2016-03-20T01:41:52.000000;2016-03-20T01:41:52.000000;db992e59-c056-4256-8dac-0e27b6657aa9;411.78;12.0;UNKNOWN
2016-03-20T01:41:52.000000;2016-03-20T01:41:52.000000;1345f1ed-2396-4810-b544-f35b2d392a92;411.57;0.1;UNKNOWN
2016-03-20T01:41:52.000000;2016-03-20T01:41:52.000000;86e62520-ce89-4e10-b819-87742c76ed2f;411.65;3.0;UNKNOWN
2016-03-20T01:41:52.000000;2016-03-20T01:41:52.000000;fbb03cec-e030-4759-a0aa-c022c8c72fe9;411.66;6.0397;UNKNOWN
2016-03-20T01:41:55.000000;2016-03-20T01:41:55.000000;db51d1b5-686a-4d09-9142-749bdc3e5dd3;411.51;1.0308;UNKNOWN
2016-03-20T01:41:55.000000;2016-03-20T01:41:55.000000;361a43a1-6654-4e62-9728-c9cdb93ccb19;411.51;2.47;UNKNOWN
2016-03-20T01:42:39.000000;2016-03-20T01:42:39.000000;eafd5b2e-b8d3-46b4-b5eb-67dd1678f5ce;411.51;1.0;UNKNOWN
2016-03-20T01:42:47.000000;2016-03-20T01:42:47.000000;ac09dca3-5565-47e0-9ecf-595c139a851a;411.51;1.47;UNKNOWN
2016-03-20T01:42:59.000000;2016-03-20T01:42:59.000000;43c892fa-f433-4c71-b184-72e08a27ff41;411.5;0.15;UNKNOWN
2016-03-20T01:43:11.000000;2016-03-20T01:43:11.000000;3e94bf1b-61fc-4bd1-815a-21824e7118b0;411.51;0.065562;UNKNOWN
2016-03-20T01:43:15.000000;2016-03-20T01:43:15.000000;3028070e-f271-4534-98e3-18ac594070e7;411.51;1.2167626;UNKNOWN
2016-03-20T01:44:19.000000;2016-03-20T01:44:19.000000;419f3461-c81f-423c-bc40-430d92070e13;411.52;0.02434944;UNKNOWN
2016-03-20T01:44:25.000000;2016-03-20T01:44:25.000000;a124da01-3e8c-48a1-a969-9d76d55e063d;411.54;0.02;UNKNOWN
2016-03-20T01:44:46.000000;2016-03-20T01:44:46.000000;5c9d6d2b-11b5-47c5-b95c-55b4b256b6c9;411.51;0.182;UNKNOWN
2016-03-20T01:44:46.000000;2016-03-20T01:44:46.000000;e63cf559-9d14-4ab2-9080-1aa6b413bc31;411.51;1.85;UNKNOWN
2016-03-20T01:45:15.000000;2016-03-20T01:45:15.000000;7956842d-bb05-42ed-9e4a-fa526c8609ff;411.11;0.24108003;UNKNOWN
2016-03-20T01:47:15.000000;2016-03-20T01:47:15.000000;b1924ad8-0f3c-4cd9-b4f5-65bf9ac64ac8;410.87;0.35144378;UNKNOWN
2016-03-20T01:48:20.000000;2016-03-20T01:48:20.000000;50005152-36f7-4e18-9d3f-7c3a6e970a0c;410.46;6.0;UNKNOWN
2016-03-20T01:48:20.000000;2016-03-20T01:48:20.000000;0272b47f-6c9b-429d-8756-b1682ffb19da;410.44;0.183;UNKNOWN
2016-03-20T01:48:20.000000;2016-03-20T01:48:20.000000;e2b28439-bfba-4585-910d-1d70b6563148;410.59;1.73;UNKNOWN
2016-03-20T01:48:20.000000;2016-03-20T01:48:20.000000;f10b91f0-cd8d-4098-9ad1-b6074ac29334;410.81;2.79;UNKNOWN
2016-03-20T01:48:20.000000;2016-03-20T01:48:20.000000;104251f2-0f2e-481d-9d8b-9fb1481e17b9;410.32;2.24635641;UNKNOWN
2016-03-20T01:48:20.000000;2016-03-20T01:48:20.000000;c965bc36-ed64-4067-92d9-4e31026dd09e;410.82;0.244;UNKNOWN
2016-03-20T01:48:20.000000;2016-03-20T01:48:20.000000;e47be7ba-daba-4812-95cb-6b345878e848;410.47;3.0;UNKNOWN
2016-03-20T01:49:24.000000;2016-03-20T01:49:24.000000;95a0c2da-f9e2-4693-9877-73b7cc4d2f21;410.37;5.0;UNKNOWN
2016-03-20T01:49:41.000000;2016-03-20T01:49:41.000000;6d6e730c-6d92-4f64-ae79-4dc2af1afc5b;410.37;0.5426;UNKNOWN
2016-03-20T01:49:53.000000;2016-03-20T01:49:53.000000;03e19c4a-a505-4f7e-82fd-93bdf195dd23;410.45;0.5;UNKNOWN
2016-03-20T01:50:03.000000;2016-03-20T01:50:03.000000;0b37c54e-138e-457f-8fa6-2e5f8c14a301;410.45;0.079;UNKNOWN
2016-03-20T01:50:26.000000;2016-03-20T01:50:26.000000;5862b617-ea49-47c5-8849-afeafe90f7da;410.48;0.06;UNKNOWN
2016-03-20T01:51:11.000000;2016-03-20T01:51:11.000000;f4330011-4e60-4942-98d0-cf47b34ae300;410.48;0.087827;UNKNOWN
2016-03-20T01:51:15.000000;2016-03-20T01:51:15.000000;3f18cffc-91a2-4f6b-90c5-be27658dcaef;410.46;0.123053;UNKNOWN
2016-03-20T01:52:00.000000;2016-03-20T01:52:00.000000;dd672589-a806-4948-afa0-dae67c3a4db3;410.48;7.0;UNKNOWN
2016-03-20T01:52:48.000000;2016-03-20T01:52:48.000000;fc339e68-c512-4f71-ad71-c9db18bb4373;410.47;0.04521229;UNKNOWN
2016-03-20T01:52:48.000000;2016-03-20T01:52:48.000000;eb9f325f-922b-4013-8cda-3a3e4402b4bc;410.48;0.09061271;UNKNOWN
2016-03-20T01:52:51.000000;2016-03-20T01:52:51.000000;a7338130-2d30-406e-8b7b-b2c5aa672d8a;410.47;0.01578771;UNKNOWN
2016-03-20T01:53:29.000000;2016-03-20T01:53:29.000000;d8a8d795-5e24-48ed-862c-62618b9d3bb1;410.47;0.9744;UNKNOWN
2016-03-20T01:53:40.000000;2016-03-20T01:53:40.000000;f4aafe60-2c61-4378-89c6-27cc57122693;410.45;0.02;UNKNOWN
2016-03-20T01:54:31.000000;2016-03-20T01:54:31.000000;1a5cd58f-c224-4c99-9669-3698911d7f4c;410.44;0.039174;UNKNOWN
2016-03-20T01:54:31.000000;2016-03-20T01:54:31.000000;aafbd366-131f-4291-9193-22508f4c4e02;410.45;0.001;UNKNOWN
2016-03-20T01:55:14.000000;2016-03-20T01:55:14.000000;6bf60f36-0f22-4bce-b5db-b37639184492;410.37;0.1;UNKNOWN
2016-03-20T01:55:14.000000;2016-03-20T01:55:14.000000;77a524fa-4d8a-4855-8a63-3cee917fb0bf;410.1;2.0;UNKNOWN
2016-03-20T01:55:14.000000;2016-03-20T01:55:14.000000;c2875fcd-893d-4acb-b52c-01fd054bb8ee;410.02;14.9;UNKNOWN
2016-03-20T01:56:11.000000;2016-03-20T01:56:11.000000;52172aec-45a6-44ce-ad0d-f9ccd6b3230c;410.03;0.014888;UNKNOWN
2016-03-20T01:56:28.000000;2016-03-20T01:56:28.000000;b28cbe8c-8dea-4ecb-a13e-20c110264ea5;410.2;1.0;UNKNOWN
2016-03-20T01:58:35.000000;2016-03-20T01:58:35.000000;b1175672-96da-48ae-aa0e-a5209eafcd42;410.01;0.133317;UNKNOWN
2016-03-20T01:58:35.000000;2016-03-20T01:58:35.000000;bea7937d-56d8-4c44-a454-e973aa8b6c71;410.02;0.08;UNKNOWN
2016-03-20T01:58:35.000000;2016-03-20T01:58:35.000000;9c9d224a-d301-4f17-a609-e8e368d64f4a;410.2;0.01;UNKNOWN
2016-03-20T01:58:51.000000;2016-03-20T01:58:51.000000;65a47990-87e6-4d2c-9565-81ecb25a9e3b;410.01;0.03005182;UNKNOWN
2016-03-20T01:59:40.000000;2016-03-20T01:59:40.000000;10fabb7a-90bd-48e6-af61-58cb387bccdb;410.01;0.183;UNKNOWN
2016-03-20T01:59:40.000000;2016-03-20T01:59:40.000000;edaf73ee-eb8d-40aa-ba2f-6b9cdf95ae8d;410.0;0.30921811;UNKNOWN
2016-03-20T02:02:35.000000;2016-03-20T02:02:35.000000;5fe977ee-0d94-4892-a1a2-993ed8e86677;410.1;0.30610567;UNKNOWN
2016-03-20T02:04:44.000000;2016-03-20T02:04:44.000000;ba3ec7e9-521f-4f5f-8f29-d42f592c266c;410.06;2.0;UNKNOWN
2016-03-20T02:05:12.000000;2016-03-20T02:05:12.000000;3955df01-1e03-4e9a-8fa9-679519d19845;410.06;0.51891674;UNKNOWN
2016-03-20T02:05:15.000000;2016-03-20T02:05:15.000000;fdb3c09b-e957-42bd-bfde-87c25218385d;410.06;0.51891674;UNKNOWN
2016-03-20T02:05:16.000000;2016-03-20T02:05:16.000000;53e80a43-cb48-4e0d-a973-57687b6a7518;410.06;0.51891674;UNKNOWN
2016-03-20T02:05:39.000000;2016-03-20T02:05:39.000000;7732f2ac-aaec-4285-b7fc-add6c251572d;410.06;0.02;UNKNOWN
2016-03-20T02:05:49.000000;2016-03-20T02:05:49.000000;39965d08-209f-46db-8d29-172202b23a5b;410.04;0.02;UNKNOWN
2016-03-20T02:05:50.000000;2016-03-20T02:05:50.000000;46231ec0-98f9-45ce-860e-c19c1a12c6f3;410.06;2.30301;UNKNOWN
2016-03-20T02:05:54.000000;2016-03-20T02:05:54.000000;a8d26c71-338d-4460-91b6-195a9167a020;410.04;8.0;UNKNOWN
2016-03-20T02:06:11.000000;2016-03-20T02:06:11.000000;96cc79a1-543f-4edf-be3d-a9378c9e0418;410.04;4.70446728;UNKNOWN
2016-03-20T02:06:11.000000;2016-03-20T02:06:11.000000;6e0299dd-a264-4bd7-b71c-b389eb7986c9;410.04;0.183;UNKNOWN
2016-03-20T02:06:57.000000;2016-03-20T02:06:57.000000;19ade49b-a1fb-414e-98d8-b8c41136b84d;410.06;0.02294197;UNKNOWN
2016-03-20T02:06:59.000000;2016-03-20T02:06:59.000000;6f03cba9-5bdb-4c91-8804-2bcaf203c5fa;410.06;4.09729781;UNKNOWN
2016-03-20T02:06:59.000000;2016-03-20T02:06:59.000000;3f0e3bdd-2249-4ed0-ace2-55aac5c60e39;410.07;5.90270219;UNKNOWN
2016-03-20T02:07:11.000000;2016-03-20T02:07:11.000000;5fad9e81-3c13-4fa2-89f9-c5554823837c;410.07;0.19444241;UNKNOWN
2016-03-20T02:07:35.000000;2016-03-20T02:07:35.000000;c11c2795-e095-4cc3-a8d1-969ed3bad03c;410.07;0.02;UNKNOWN
2016-03-20T02:08:50.000000;2016-03-20T02:08:50.000000;0104d00d-3eac-418d-838d-6b440c7d51d1;410.07;0.5;UNKNOWN
2016-03-20T02:09:39.000000;2016-03-20T02:09:39.000000;c103ec2c-2471-43ee-8f24-fc3d5d7ee861;410.06;0.199;UNKNOWN
2016-03-20T02:09:49.000000;2016-03-20T02:09:49.000000;babfc1de-8af7-42b2-a64e-ae48bd0ac173;410.07;0.32504434;UNKNOWN
2016-03-20T02:09:51.000000;2016-03-20T02:09:51.000000;9a8435c0-2f5e-4bb8-8ce1-66cd6f708571;410.06;0.421;UNKNOWN
2016-03-20T02:10:00.000000;2016-03-20T02:10:00.000000;c3babe59-df2e-41e3-b025-827080ec3a85;410.06;3.493115;UNKNOWN
2016-03-20T02:11:38.000000;2016-03-20T02:11:38.000000;61d751a2-5ec1-4138-825f-a8b9bd8c5e0c;410.06;0.745355;UNKNOWN
2016-03-20T02:12:38.000000;2016-03-20T02:12:38.000000;0ab521d3-8042-435d-81e8-4b7b1728b342;410.07;3.0;UNKNOWN
2016-03-20T02:12:47.000000;2016-03-20T02:12:47.000000;34c2f166-1fd8-4f53-830b-d492fffb0f54;410.07;1.0;UNKNOWN
2016-03-20T02:13:19.000000;2016-03-20T02:13:19.000000;5d85b26c-508f-46c3-b29b-a0376ed14d58;410.06;2.402628;UNKNOWN
2016-03-20T02:15:10.000000;2016-03-20T02:15:10.000000;7c157812-dc5b-43e2-ba34-2e4ddb48b2da;410.06;0.272017;UNKNOWN
2016-03-20T02:15:10.000000;2016-03-20T02:15:10.000000;b421ba5e-23a9-499a-96ac-46bc86269038;410.06;0.234176;UNKNOWN
2016-03-20T02:15:26.000000;2016-03-20T02:15:26.000000;c3493bfb-77cf-407e-8a8f-92db6a4c24f4;410.06;13.01564898;UNKNOWN
2016-03-20T02:16:03.000000;2016-03-20T02:16:03.000000;f637d489-e4b6-44b2-be2e-098df044c5b0;410.06;0.1;UNKNOWN
2016-03-20T02:16:35.000000;2016-03-20T02:16:35.000000;70aff2b7-1302-4e76-b391-ee12ea7bc1c8;410.06;0.35;UNKNOWN
2016-03-20T02:16:48.000000;2016-03-20T02:16:48.000000;08c9ecd0-4a3a-4102-a2fd-71ff4c48b4a7;410.06;0.221058;UNKNOWN
2016-03-20T02:17:26.000000;2016-03-20T02:17:26.000000;255457bf-ed28-441f-9da0-b45625aa51cb;410.05;0.183;UNKNOWN
2016-03-20T02:17:26.000000;2016-03-20T02:17:26.000000;b71f3c91-888b-4562-a8ad-8055dccc65ef;410.06;0.98;UNKNOWN
2016-03-20T02:17:26.000000;2016-03-20T02:17:26.000000;7c2f136b-3d4c-4626-a0f0-f1d2bb29d0e1;410.04;0.061;UNKNOWN
2016-03-20T02:17:26.000000;2016-03-20T02:17:26.000000;ebcb61f9-4bd6-4ae6-b713-8595947dbe52;410.03;0.317869;UNKNOWN
2016-03-20T02:19:49.000000;2016-03-20T02:19:49.000000;58b0f1c3-235a-49c8-9c0d-a0e0ad249a32;410.07;0.35;UNKNOWN
2016-03-20T02:21:05.000000;2016-03-20T02:21:05.000000;c0c332be-b141-44f1-84ea-fb88aaa1d99c;410.06;0.70485569;UNKNOWN
2016-03-20T02:22:04.000000;2016-03-20T02:22:04.000000;62dd7fbb-6a27-4377-9a29-8d2333d63e98;410.06;0.2;UNKNOWN
2016-03-20T02:25:06.000000;2016-03-20T02:25:06.000000;ef70f9e2-7ef8-439b-b626-cc77bdf7220e;410.07;0.28523;UNKNOWN
2016-03-20T02:25:07.000000;2016-03-20T02:25:07.000000;4476246a-fa65-430a-be99-074e13b701a1;410.07;0.2;UNKNOWN
2016-03-20T02:27:08.000000;2016-03-20T02:27:08.000000;ce8cf768-e25d-489b-b5e9-b5f26fcf9ca0;410.07;2.6;UNKNOWN
2016-03-20T02:28:05.000000;2016-03-20T02:28:05.000000;be12bcd4-0c0f-479e-89a1-97816f6324fe;410.07;0.31258106;UNKNOWN
2016-03-20T02:30:39.000000;2016-03-20T02:30:39.000000;bf7daace-82c6-4042-9f00-e4d6a59a2b47;410.16;1.6255;UNKNOWN
2016-03-20T02:30:39.000000;2016-03-20T02:30:39.000000;8aafc89d-00c5-4209-9847-aeaaaf19777c;410.15;0.5;UNKNOWN
2016-03-20T02:31:19.000000;2016-03-20T02:31:19.000000;74effa68-458c-45fd-8544-51a953e6c10b;410.17;0.02795638;UNKNOWN
2016-03-20T02:31:20.000000;2016-03-20T02:31:20.000000;78e8b61c-baec-43de-8239-cd3be2b6a1ab;410.17;0.46489205;UNKNOWN
2016-03-20T02:31:20.000000;2016-03-20T02:31:20.000000;b52d0d72-205c-450a-8c26-a606bae0fae5;410.17;0.02795638;UNKNOWN
2016-03-20T02:31:29.000000;2016-03-20T02:31:29.000000;a178ae23-935c-43c7-adb6-d9218fcc8550;410.43;0.02795638;UNKNOWN
2016-03-20T02:32:05.000000;2016-03-20T02:32:05.000000;e70f378c-805c-45ed-a482-0905d326fe18;410.29;0.183;UNKNOWN
2016-03-20T02:32:05.000000;2016-03-20T02:32:05.000000;b196802b-ec2b-4c9c-8b16-29a3e0d00a01;410.28;0.13024935;UNKNOWN
2016-03-20T02:32:51.000000;2016-03-20T02:32:51.000000;f5d46286-a20c-48a0-89ef-bdba51218740;410.4;0.054357;UNKNOWN
2016-03-20T02:32:54.000000;2016-03-20T02:32:54.000000;033f428b-e7ea-4d2c-bb64-eebc81a7ecda;410.4;0.016646;UNKNOWN
2016-03-20T02:33:02.000000;2016-03-20T02:33:02.000000;603dc9e0-fb92-48a3-ba41-bceb3e203e62;410.49;6.0267;UNKNOWN
2016-03-20T02:33:02.000000;2016-03-20T02:33:02.000000;b8fec1c7-58fe-4aa0-90c1-00b3b412eafa;410.49;0.10536062;UNKNOWN
2016-03-20T02:33:02.000000;2016-03-20T02:33:02.000000;3c0ef8cc-bfae-4b41-822d-c90b9807e8d3;410.49;0.76660662;UNKNOWN
2016-03-20T02:34:08.000000;2016-03-20T02:34:08.000000;bf246204-e771-4479-85c1-20c35daca75c;410.4;0.18;UNKNOWN
2016-03-20T02:34:58.000000;2016-03-20T02:34:58.000000;b30b880e-8a11-49f9-9ee5-8e9cc9e1e8d3;410.47;0.01402977;UNKNOWN
2016-03-20T02:34:58.000000;2016-03-20T02:34:58.000000;56c5af5b-28b0-4068-89af-e2a539fda9c1;410.46;0.5;UNKNOWN
2016-03-20T02:35:51.000000;2016-03-20T02:35:51.000000;12767c53-06e3-4dbe-b76d-1ff9f66bcf23;410.43;0.5;UNKNOWN
2016-03-20T02:35:51.000000;2016-03-20T02:35:51.000000;930e5dbd-50a6-4a69-b478-de12b19b3d23;410.34;0.010601;UNKNOWN
2016-03-20T02:35:51.000000;2016-03-20T02:35:51.000000;4d13bac8-f87a-4c66-8b83-7a5c7927059a;410.44;3.0;UNKNOWN
2016-03-20T02:35:51.000000;2016-03-20T02:35:51.000000;7cc32a99-df8b-43c2-b362-41458cb2a983;410.48;4.489399;UNKNOWN
2016-03-20T02:35:55.000000;2016-03-20T02:35:55.000000;5c087459-71b5-423c-a6d2-30b0cc166734;410.39;0.031321;UNKNOWN
2016-03-20T02:39:00.000000;2016-03-20T02:39:00.000000;f0464813-8687-4ae7-869d-5178bd5a9962;410.29;0.012135;UNKNOWN
2016-03-20T02:39:00.000000;2016-03-20T02:39:00.000000;2eef75a1-3f70-4b01-9855-54eb4f82ef99;410.31;0.012236;UNKNOWN
2016-03-20T02:39:32.000000;2016-03-20T02:39:32.000000;710e7122-dff4-45c5-ba64-3901e3bd6406;410.4;0.46751274;UNKNOWN
2016-03-20T02:39:32.000000;2016-03-20T02:39:32.000000;03d7d02d-91ca-4e4a-a9ad-b44eb755e61a;410.41;0.01248726;UNKNOWN
2016-03-20T02:40:51.000000;2016-03-20T02:40:51.000000;3fe2cc89-5e86-4d06-8c98-fda9003a763f;410.44;0.101;UNKNOWN
2016-03-20T02:41:17.000000;2016-03-20T02:41:17.000000;56cd1763-8e72-468f-87f0-efe84c5a327a;410.5;0.426;UNKNOWN
2016-03-20T02:42:19.000000;2016-03-20T02:42:19.000000;73fcc221-c92a-4f22-98dc-28b1a9842160;410.5;0.01260034;UNKNOWN
2016-03-20T02:44:06.000000;2016-03-20T02:44:06.000000;cb657860-3c72-490a-84fb-0d58a76a8b0b;410.44;0.228;UNKNOWN
2016-03-20T02:44:08.000000;2016-03-20T02:44:08.000000;12a12f92-f1e8-4790-b37a-ef39e824cebb;410.5;12.57704864;UNKNOWN
2016-03-20T02:44:08.000000;2016-03-20T02:44:08.000000;a9feb57b-2f7b-4d05-ba78-fa1e7524dcea;410.83;6.0375;UNKNOWN
2016-03-20T02:44:08.000000;2016-03-20T02:44:08.000000;f81eeec1-1291-4ad9-aa46-dbd9c37a3ae3;410.85;14.28545136;UNKNOWN
2016-03-20T02:44:08.000000;2016-03-20T02:44:08.000000;e1e44218-f15c-41dc-9000-2e5c2ff49c42;410.5;0.1;UNKNOWN
2016-03-20T02:44:18.000000;2016-03-20T02:44:18.000000;4c813522-25d0-47d5-aa9d-bad98c4d3f7b;410.91;0.244;UNKNOWN
2016-03-20T02:44:18.000000;2016-03-20T02:44:18.000000;f744b1ea-3cc3-40db-ba2d-71fef479a7fa;411.0;39.24562626;UNKNOWN
2016-03-20T02:44:18.000000;2016-03-20T02:44:18.000000;ddde9182-05ee-422f-bab4-af198b00592b;410.86;0.01849;UNKNOWN
2016-03-20T02:45:40.000000;2016-03-20T02:45:40.000000;55cdcee0-18b1-4876-9067-27fd591e2bee;410.79;0.25;UNKNOWN
2016-03-20T02:46:53.000000;2016-03-20T02:46:53.000000;4729601a-5043-458a-8bbc-493f140ff435;410.79;5.7517;UNKNOWN
2016-03-20T02:47:05.000000;2016-03-20T02:47:05.000000;43ec1813-6c2c-44b1-825c-6c1fe50ec933;410.76;2.0;UNKNOWN
2016-03-20T02:49:27.000000;2016-03-20T02:49:27.000000;c0b46c77-78de-40fb-b810-96ca2ba74485;410.75;0.47909024;UNKNOWN
2016-03-20T02:49:38.000000;2016-03-20T02:49:38.000000;ade17d80-f006-47e2-932e-a60bb360aa38;410.75;0.5;UNKNOWN
2016-03-20T02:49:42.000000;2016-03-20T02:49:42.000000;72c6f639-c651-49d4-a834-0152c7abd6c6;410.6;0.49957014;UNKNOWN
2016-03-20T02:49:48.000000;2016-03-20T02:49:48.000000;932af42c-44b7-4212-84d2-7452235cdd6f;410.6;5.0;UNKNOWN
2016-03-20T02:49:53.000000;2016-03-20T02:49:53.000000;e8fe44a2-d401-43c4-af74-1edb65e565b5;410.75;0.07947807;UNKNOWN
2016-03-20T02:49:55.000000;2016-03-20T02:49:55.000000;039adef8-0aa9-44d4-9073-14ad339b0900;410.75;0.066787;UNKNOWN
2016-03-20T02:50:06.000000;2016-03-20T02:50:06.000000;fd7290fb-b021-408c-9246-60824f303910;410.75;0.0242067;UNKNOWN
2016-03-20T02:50:53.000000;2016-03-20T02:50:53.000000;a06bea9e-04e1-4e97-ba0f-eec175f419cd;410.76;0.099;UNKNOWN
2016-03-20T02:51:00.000000;2016-03-20T02:51:00.000000;bb8e982e-6079-4189-b1d0-b2a3112cac55;410.79;33.0;UNKNOWN
2016-03-20T02:51:06.000000;2016-03-20T02:51:06.000000;8fc1f9cd-e5f4-474f-a7c0-fac9c0d56eb9;410.79;0.16171817;UNKNOWN
2016-03-20T02:51:07.000000;2016-03-20T02:51:07.000000;830af9ba-abcb-479e-812c-9e9e4b61ca3c;410.79;0.06087884;UNKNOWN
2016-03-20T02:51:07.000000;2016-03-20T02:51:07.000000;b27fec8f-514e-47b4-a3fa-6e81eb1c8c1e;410.79;0.06087884;UNKNOWN
2016-03-20T02:51:17.000000;2016-03-20T02:51:17.000000;4f954960-89ad-4ec8-a296-785b1116155f;410.79;0.06501246;UNKNOWN
2016-03-20T02:51:28.000000;2016-03-20T02:51:28.000000;432f5dca-6414-45ea-96e9-accd84d2adf3;410.78;0.98080499;UNKNOWN
2016-03-20T02:51:28.000000;2016-03-20T02:51:28.000000;e6601e80-8d60-4537-a260-4a4b62a1814b;410.78;0.01919501;UNKNOWN
2016-03-20T02:51:30.000000;2016-03-20T02:51:30.000000;c39aa274-bbb2-4d23-b1a1-9bda3908cd51;410.79;0.01919453;UNKNOWN
2016-03-20T02:51:33.000000;2016-03-20T02:51:33.000000;8f2a0a4a-9a0c-4e72-b1dd-7d0bd5c2e025;410.79;0.01919453;UNKNOWN
2016-03-20T02:52:32.000000;2016-03-20T02:52:32.000000;913189e6-fa1f-4e90-a054-0316376144b2;410.79;10.0;UNKNOWN
2016-03-20T02:53:20.000000;2016-03-20T02:53:20.000000;74a29a46-3c0c-453a-b17c-042524a8b92b;410.78;7.6935;UNKNOWN
2016-03-20T02:53:20.000000;2016-03-20T02:53:20.000000;06d8f1ff-a45c-4773-8dfc-65099c36233f;410.78;11.2738;UNKNOWN
2016-03-20T02:53:20.000000;2016-03-20T02:53:20.000000;c9cd2d2f-a795-4404-80e7-f3c246dee055;410.78;6.0327;UNKNOWN
2016-03-20T02:53:29.000000;2016-03-20T02:53:29.000000;ec439005-9923-45bf-9994-5e5276aaa149;410.77;12.55;UNKNOWN
2016-03-20T02:53:29.000000;2016-03-20T02:53:29.000000;e15bc4a9-9cb5-4e94-b51c-760ce5071107;410.71;2.52;UNKNOWN
2016-03-20T02:53:38.000000;2016-03-20T02:53:38.000000;6a4f2dc3-13a0-4b2f-9970-f2dc997500f6;410.57;0.266782;UNKNOWN
2016-03-20T02:54:09.000000;2016-03-20T02:54:09.000000;1729237a-4ae5-4736-89f3-5d594067a5c1;410.68;13.7561;UNKNOWN
2016-03-20T02:54:09.000000;2016-03-20T02:54:09.000000;5010896b-2b48-450f-8f54-913c5457b908;410.68;5.82;UNKNOWN
2016-03-20T02:54:09.000000;2016-03-20T02:54:09.000000;a7508576-8dad-4c9c-8665-bdc71df0794b;410.67;5.4239;UNKNOWN
2016-03-20T02:54:22.000000;2016-03-20T02:54:22.000000;e3a521d4-2b65-410e-a98e-2af70aa05bc0;410.67;13.4351;UNKNOWN
2016-03-20T02:54:22.000000;2016-03-20T02:54:22.000000;4e52a759-d733-4eab-88ef-3c91076e4a8d;410.68;1.26;UNKNOWN
2016-03-20T02:54:26.000000;2016-03-20T02:54:26.000000;2e4e78f8-1400-4e9c-8971-f635726206f2;410.6;0.61;UNKNOWN
2016-03-20T02:54:41.000000;2016-03-20T02:54:41.000000;4cd2a188-b8ef-4361-b9c2-23f9f73ddcc2;410.7;0.0257848;UNKNOWN
2016-03-20T02:55:13.000000;2016-03-20T02:55:13.000000;09bae189-ed52-489a-bc6d-d3201188cdc6;410.55;0.281382;UNKNOWN
2016-03-20T02:56:25.000000;2016-03-20T02:56:25.000000;38c5e2c7-5968-47f5-a2ff-c1ffa1cb3e0e;410.7;0.0742152;UNKNOWN
2016-03-20T02:56:30.000000;2016-03-20T02:56:30.000000;1aaff417-34b2-4901-a0e5-a98a957418c4;410.7;0.282957;UNKNOWN
2016-03-20T02:57:54.000000;2016-03-20T02:57:54.000000;a3ad0463-f6a0-42d2-8478-b87c848eb6b2;410.7;1.4533;UNKNOWN
2016-03-20T02:58:27.000000;2016-03-20T02:58:27.000000;e73b1734-f355-4bcd-8acf-c7067ffa174d;410.7;0.073085;UNKNOWN
2016-03-20T02:58:47.000000;2016-03-20T02:58:47.000000;f42fd428-7af5-4aee-ad62-5121aa4bc49c;410.69;0.057962;UNKNOWN
2016-03-20T03:00:04.000000;2016-03-20T03:00:04.000000;87209b33-6b13-4979-8e09-08e4d09766fe;410.78;1.51233715;UNKNOWN
2016-03-20T03:00:27.000000;2016-03-20T03:00:27.000000;846fda4f-576b-4ec6-b40c-1225ae563ff4;410.69;0.019831;UNKNOWN
2016-03-20T03:01:11.000000;2016-03-20T03:01:11.000000;6694acf3-9a75-4987-9e37-366e2b3205a8;410.69;0.176769;UNKNOWN
2016-03-20T03:01:41.000000;2016-03-20T03:01:41.000000;ab167083-bfa5-4af6-ab9a-854d518bb947;410.69;0.26;UNKNOWN
2016-03-20T03:02:18.000000;2016-03-20T03:02:18.000000;20b40df4-b394-478e-a0a8-9ffe6dd255dc;410.69;0.5;UNKNOWN
2016-03-20T03:02:18.000000;2016-03-20T03:02:18.000000;a4a5c648-7d72-46c3-97ab-512eddb4e8ef;410.69;0.01;UNKNOWN
2016-03-20T03:02:21.000000;2016-03-20T03:02:21.000000;b3f7d6f0-db4a-4327-a670-b1e02bf057bf;410.51;0.05;UNKNOWN
2016-03-20T03:03:41.000000;2016-03-20T03:03:41.000000;393a99cc-7ee8-4084-83e5-6a6fccc60827;410.51;0.08;UNKNOWN
2016-03-20T03:03:43.000000;2016-03-20T03:03:43.000000;be3ef25b-e07c-4c47-bb0d-17c9490ec5b5;410.51;0.35;UNKNOWN
2016-03-20T03:03:43.000000;2016-03-20T03:03:43.000000;4d84d25c-681b-4657-81e6-de5bc22a3f4c;410.5;3.5688;UNKNOWN
2016-03-20T03:03:43.000000;2016-03-20T03:03:43.000000;9c133895-83ad-43ee-af71-d3aaae78af2f;410.5;1.0812;UNKNOWN
2016-03-20T03:03:44.000000;2016-03-20T03:03:44.000000;731619e1-0e06-4a62-b41c-b5fcbfbc5f50;410.5;1.4312;UNKNOWN
2016-03-20T03:03:52.000000;2016-03-20T03:03:52.000000;d9aba56a-e87d-4998-acef-d1a96a724fef;410.4;9.57;UNKNOWN
2016-03-20T03:03:52.000000;2016-03-20T03:03:52.000000;db7036ed-604f-44ef-b54f-84db718e4d84;410.41;0.43;UNKNOWN
2016-03-20T03:04:37.000000;2016-03-20T03:04:37.000000;54a5590d-9ec3-4457-a37b-3fc4cae9c03d;410.4;0.18;UNKNOWN
2016-03-20T03:04:37.000000;2016-03-20T03:04:37.000000;08d9dab0-473a-4840-83da-fa3dbf8f52fd;410.42;0.44;UNKNOWN
2016-03-20T03:06:54.000000;2016-03-20T03:06:54.000000;6731b4ef-29a4-4546-bab2-cb4544516232;410.4;0.56607888;UNKNOWN
2016-03-20T03:06:54.000000;2016-03-20T03:06:54.000000;8c8dad19-46d3-42c5-838b-36ab7f5f210f;410.41;0.18;UNKNOWN
2016-03-20T03:06:54.000000;2016-03-20T03:06:54.000000;00cd53d0-4345-470e-8e8b-c50acfa54222;410.41;3.0;UNKNOWN
2016-03-20T03:06:54.000000;2016-03-20T03:06:54.000000;078e114a-1852-42d1-9364-229ab111b901;410.4;0.78101348;UNKNOWN
2016-03-20T03:06:54.000000;2016-03-20T03:06:54.000000;050a81fb-3b49-4caa-bcdc-2001a4679111;410.42;0.13;UNKNOWN
2016-03-20T03:07:30.000000;2016-03-20T03:07:30.000000;fa5e2afa-1a61-438c-9766-dadf0fa0a08c;410.19;3.0;UNKNOWN
2016-03-20T03:07:30.000000;2016-03-20T03:07:30.000000;fb9a6d5b-738b-4a93-bf82-1f0f7948a6e8;410.12;3.56795691;UNKNOWN
2016-03-20T03:07:30.000000;2016-03-20T03:07:30.000000;a30dcfb1-2fa9-4b42-877d-40509b23a1a5;410.19;13.5379;UNKNOWN
2016-03-20T03:07:30.000000;2016-03-20T03:07:30.000000;15c1f439-d6a7-41f3-abac-b8030d158614;410.14;0.3;UNKNOWN
2016-03-20T03:07:30.000000;2016-03-20T03:07:30.000000;404b8c7f-02af-4279-aaaf-79374147ad58;410.19;0.5;UNKNOWN
2016-03-20T03:07:30.000000;2016-03-20T03:07:30.000000;a7374258-e79e-4235-9c9e-37dc76478db5;410.16;0.06488284;UNKNOWN
2016-03-20T03:07:30.000000;2016-03-20T03:07:30.000000;a3781d7b-8e54-49cf-b3a3-29435654d591;410.18;0.02427764;UNKNOWN
2016-03-20T03:08:47.000000;2016-03-20T03:08:47.000000;5beb2ada-4b89-4e0c-8905-9f5e8a71d621;410.07;0.065867;UNKNOWN
2016-03-20T03:08:47.000000;2016-03-20T03:08:47.000000;3a6c6285-59d6-4b85-a050-d29336fa9ca3;410.01;0.01;UNKNOWN
2016-03-20T03:08:47.000000;2016-03-20T03:08:47.000000;7e8b8957-3e11-4e61-94bc-54e4f4ffb820;410.0;9.70078189;UNKNOWN
2016-03-20T03:08:47.000000;2016-03-20T03:08:47.000000;ffc2b526-bab0-41f5-9579-b12b158a9859;410.01;0.06387293;UNKNOWN
2016-03-20T03:08:49.000000;2016-03-20T03:08:49.000000;74941eca-fc5b-4720-8ef8-d2d70e7cfbc2;410.0;0.06387293;UNKNOWN
2016-03-20T03:08:52.000000;2016-03-20T03:08:52.000000;ac13afbc-aa73-482a-8aa0-1237f48c2a66;410.0;0.06387448;UNKNOWN
2016-03-20T03:08:54.000000;2016-03-20T03:08:54.000000;f11cf1b7-b3a5-4465-9990-e841d4397347;410.0;0.09986039;UNKNOWN
2016-03-20T03:09:06.000000;2016-03-20T03:09:06.000000;376b78c0-adb1-4f3b-8f33-4cb2fd8eae4b;409.99;0.22041547;UNKNOWN
2016-03-20T03:12:47.000000;2016-03-20T03:12:47.000000;2841c4ef-6c42-4066-bf32-f54721ab38f6;409.99;0.0825;UNKNOWN
2016-03-20T03:12:47.000000;2016-03-20T03:12:47.000000;ec3044f8-ad40-4bc5-8567-3783f1822af8;409.99;0.01;UNKNOWN
2016-03-20T03:16:05.000000;2016-03-20T03:16:05.000000;c5fdf1be-4f64-47e3-a825-9cfc86e300bd;409.99;0.01;UNKNOWN
2016-03-20T03:16:30.000000;2016-03-20T03:16:30.000000;81f8fc43-88f3-46a8-bcfa-d8e6eff8131e;409.98;0.1;UNKNOWN
2016-03-20T03:16:39.000000;2016-03-20T03:16:39.000000;91479e2c-30b2-44c8-b29b-22ad9072bf37;409.98;0.60535671;UNKNOWN
2016-03-20T03:16:39.000000;2016-03-20T03:16:39.000000;858fdb97-7220-4269-af40-c05fd5dc3e05;409.98;0.23928262;UNKNOWN
2016-03-20T03:18:48.000000;2016-03-20T03:18:48.000000;4434f0ae-5be1-4363-bb35-58b2fb415a74;409.98;0.05756362;UNKNOWN
2016-03-20T03:18:48.000000;2016-03-20T03:18:48.000000;97114034-6d28-4d1d-bd54-5efc18948314;409.98;0.01258781;UNKNOWN
2016-03-20T03:19:13.000000;2016-03-20T03:19:13.000000;286be1c6-acbc-4972-b3f6-bcc941c7cd3e;410.0;0.12306219;UNKNOWN
2016-03-20T03:20:07.000000;2016-03-20T03:20:07.000000;c5356e4b-290c-4a49-bfcf-a1e455197d7f;410.0;1.0;UNKNOWN
2016-03-20T03:20:11.000000;2016-03-20T03:20:11.000000;115cd3b4-eafb-40a6-a8f1-1ad33cd6d9fe;410.0;0.01;UNKNOWN
2016-03-20T03:20:19.000000;2016-03-20T03:20:19.000000;e11495bf-301f-4c32-948f-492d078f952a;410.0;0.1;UNKNOWN
2016-03-20T03:20:40.000000;2016-03-20T03:20:40.000000;8b538209-ce4a-4d6e-8f7c-391f2fc7bcd5;410.0;0.01;UNKNOWN
2016-03-20T03:20:43.000000;2016-03-20T03:20:43.000000;6e6cdd5a-2ec8-47f9-b833-e4e40bbb3d30;410.0;0.01;UNKNOWN
2016-03-20T03:20:47.000000;2016-03-20T03:20:47.000000;824ffcb9-cf6d-4d80-9c24-bbfb8dbca2fe;410.0;0.01;UNKNOWN
2016-03-20T03:20:49.000000;2016-03-20T03:20:49.000000;b4747af5-4613-4f0d-8cbd-47af6f93a9c2;410.0;0.01;UNKNOWN
2016-03-20T03:22:04.000000;2016-03-20T03:22:04.000000;26d85edc-d162-4dac-b581-67b2dca4c8b8;409.98;0.2;UNKNOWN
2016-03-20T03:23:12.000000;2016-03-20T03:23:12.000000;7e14d06e-c8ef-48ac-a672-f96e01196879;410.0;0.01;UNKNOWN
2016-03-20T03:23:56.000000;2016-03-20T03:23:56.000000;a8cfdf61-6797-420c-8f11-59c0598606eb;409.98;0.10542153;UNKNOWN
2016-03-20T03:24:17.000000;2016-03-20T03:24:17.000000;be4e6793-3b71-4508-b53a-1d09bbe68dc4;409.98;0.5756233;UNKNOWN
2016-03-20T03:24:22.000000;2016-03-20T03:24:22.000000;cd18f49e-b369-4387-b261-24e304ac2176;409.98;0.12593891;UNKNOWN
2016-03-20T03:24:55.000000;2016-03-20T03:24:55.000000;f3995559-8947-4f5d-8f70-aca31cde71e7;409.98;0.41685358;UNKNOWN
2016-03-20T03:24:56.000000;2016-03-20T03:24:56.000000;2fedd19d-2288-41c2-8337-e8c705cac2ff;409.98;0.84291815;UNKNOWN
2016-03-20T03:24:58.000000;2016-03-20T03:24:58.000000;bd200a05-beeb-4fd9-8687-ab675a00f1c4;409.98;0.18774863;UNKNOWN
2016-03-20T03:25:06.000000;2016-03-20T03:25:06.000000;08da2abd-e470-471e-93e3-9132d10bd4ba;410.0;1.76288078;UNKNOWN
2016-03-20T03:25:22.000000;2016-03-20T03:25:22.000000;1c405cd6-2860-4e12-aaaf-766507255b91;409.98;0.34698929;UNKNOWN
2016-03-20T03:25:22.000000;2016-03-20T03:25:22.000000;d104e3f7-bcce-45f2-b87c-dd9598c2fd6e;409.98;0.49666134;UNKNOWN
2016-03-20T03:25:59.000000;2016-03-20T03:25:59.000000;82afa9cb-3b0c-4874-9293-bec12ae2f3b8;409.98;0.84365063;UNKNOWN
2016-03-20T03:26:00.000000;2016-03-20T03:26:00.000000;ac7d94e8-1172-4e36-802b-bbf8dee63d13;409.98;0.59467924;UNKNOWN
2016-03-20T03:26:00.000000;2016-03-20T03:26:00.000000;1e30778b-8f9f-4a99-9e8c-61ceb57a029a;409.98;0.24897139;UNKNOWN
2016-03-20T03:26:00.000000;2016-03-20T03:26:00.000000;4546ecab-0a3e-4364-acfe-68d4d55565c8;409.98;0.43852596;UNKNOWN
2016-03-20T03:26:03.000000;2016-03-20T03:26:03.000000;d2378275-adf1-4000-be5c-f99aeef35326;409.95;0.39326628;UNKNOWN
2016-03-20T03:26:03.000000;2016-03-20T03:26:03.000000;0ed0f743-a8f0-40bc-b2f2-2982b4c152ac;409.98;0.04515846;UNKNOWN
2016-03-20T03:26:12.000000;2016-03-20T03:26:12.000000;0bdbb1b0-cabe-4777-8222-bc78655c9813;410.0;0.01;UNKNOWN
2016-03-20T03:26:33.000000;2016-03-20T03:26:33.000000;f24cb0e9-881f-4d80-9796-a2ec27c7526d;409.96;0.84606393;UNKNOWN
2016-03-20T03:26:38.000000;2016-03-20T03:26:38.000000;0e3336b5-9b79-465f-87d9-87e43365fde4;409.99;0.06150677;UNKNOWN
2016-03-20T03:26:43.000000;2016-03-20T03:26:43.000000;f0ec4176-a5ba-482c-8326-81d58036b197;409.96;0.12239169;UNKNOWN
2016-03-20T03:26:49.000000;2016-03-20T03:26:49.000000;66fb6bae-73d9-4885-bd63-ed0042088526;409.96;0.10494099;UNKNOWN
2016-03-20T03:26:54.000000;2016-03-20T03:26:54.000000;fd5f66e0-745f-4c9b-a4ee-2d16cbf299aa;409.96;0.30543219;UNKNOWN
2016-03-20T03:26:54.000000;2016-03-20T03:26:54.000000;a6c86f39-9eb5-4b37-8eab-646d36bca594;409.96;0.01608329;UNKNOWN
2016-03-20T03:26:54.000000;2016-03-20T03:26:54.000000;f885c691-74a4-4305-9002-7155b0ec7e00;409.96;0.01003019;UNKNOWN
2016-03-20T03:26:54.000000;2016-03-20T03:26:54.000000;034544bd-a72f-45a6-852a-a3cf4bb23cb1;409.96;0.09280296;UNKNOWN
2016-03-20T03:26:54.000000;2016-03-20T03:26:54.000000;713df8e6-466e-4186-a662-aea560a154f2;409.96;0.10612229;UNKNOWN
2016-03-20T03:26:54.000000;2016-03-20T03:26:54.000000;d56a319b-1e08-4929-99d2-0404c34459ab;409.96;0.03861271;UNKNOWN
2016-03-20T03:26:54.000000;2016-03-20T03:26:54.000000;a60c9d72-0552-4f2c-a707-6879c089bea1;409.96;0.01307619;UNKNOWN
2016-03-20T03:26:54.000000;2016-03-20T03:26:54.000000;efccff44-4619-4aa8-8699-a2ad5466b9bb;409.96;0.12330524;UNKNOWN
2016-03-20T03:26:55.000000;2016-03-20T03:26:55.000000;2cbb64f2-79e5-4115-80df-c94b3d805ce5;409.96;0.17173342;UNKNOWN
2016-03-20T03:26:59.000000;2016-03-20T03:26:59.000000;b27a8315-7cf4-4a74-8b6c-fa433eb21593;409.96;0.17175744;UNKNOWN
2016-03-20T03:27:08.000000;2016-03-20T03:27:08.000000;39e7844a-5366-4f2b-83bc-bf2188e0a3b3;409.96;0.01891497;UNKNOWN
2016-03-20T03:27:09.000000;2016-03-20T03:27:09.000000;cedca32b-1538-4067-845b-b32b240549e1;409.96;0.14501481;UNKNOWN
2016-03-20T03:27:09.000000;2016-03-20T03:27:09.000000;9f4349e9-f94f-430f-a854-ca14e7e5c478;409.96;0.71148941;UNKNOWN
2016-03-20T03:27:10.000000;2016-03-20T03:27:10.000000;4a66c0a0-5e19-4f8c-abda-20aeb49daf06;409.96;0.04902933;UNKNOWN
2016-03-20T03:27:21.000000;2016-03-20T03:27:21.000000;5de03eaf-a8da-40b8-9d31-2b7838f43954;409.96;0.41843817;UNKNOWN
2016-03-20T03:27:21.000000;2016-03-20T03:27:21.000000;930990f9-1efe-4bb0-b229-4ffc5600ee9e;409.96;0.02205567;UNKNOWN
2016-03-20T03:27:21.000000;2016-03-20T03:27:21.000000;1fceb864-d59e-4501-ae88-1dc8a6f4fc57;409.96;0.21616243;UNKNOWN
2016-03-20T03:27:21.000000;2016-03-20T03:27:21.000000;98cd63cc-6dbc-4b92-aa67-18f74aeae0f3;409.96;0.07861407;UNKNOWN
2016-03-20T03:27:27.000000;2016-03-20T03:27:27.000000;5b6af066-bdd2-45ac-a88a-4c88864431bc;409.96;0.07689812;UNKNOWN
2016-03-20T03:27:28.000000;2016-03-20T03:27:28.000000;1040c15a-fe32-446b-9c13-78978d979794;409.96;0.02502083;UNKNOWN
2016-03-20T03:27:28.000000;2016-03-20T03:27:28.000000;e98c6d02-45ca-4a47-9217-28cbdd059d23;409.97;0.244;UNKNOWN
2016-03-20T03:27:29.000000;2016-03-20T03:27:29.000000;965f2d44-b7af-4de2-acda-33534233db8b;409.96;0.84606393;UNKNOWN
2016-03-20T03:27:29.000000;2016-03-20T03:27:29.000000;4ca1700a-4fe9-418d-87b4-a3d89739add4;409.96;0.04163575;UNKNOWN
2016-03-20T03:27:29.000000;2016-03-20T03:27:29.000000;f0c79cac-c589-44dd-a76f-d1c8acb3548c;409.96;0.05285455;UNKNOWN
2016-03-20T03:27:33.000000;2016-03-20T03:27:33.000000;522fc839-8409-430d-87ba-0669741a2786;409.96;0.17125174;UNKNOWN
2016-03-20T03:27:35.000000;2016-03-20T03:27:35.000000;30a3fe82-8bda-46dd-973e-ec23ef7e0c38;409.96;0.31920743;UNKNOWN
2016-03-20T03:27:36.000000;2016-03-20T03:27:36.000000;044fa292-2fb6-4871-90ce-a20eade481e2;409.96;0.01315741;UNKNOWN
2016-03-20T03:27:36.000000;2016-03-20T03:27:36.000000;9da92277-c075-4ab3-9870-076005d275b7;409.96;0.03983898;UNKNOWN
2016-03-20T03:27:36.000000;2016-03-20T03:27:36.000000;b5aa7ee0-380e-4555-a721-e327b8f4a95b;409.96;0.12673531;UNKNOWN
2016-03-20T03:27:36.000000;2016-03-20T03:27:36.000000;08823c1c-460e-48b7-9bfd-ad719829c53d;409.96;0.40521822;UNKNOWN
2016-03-20T03:27:36.000000;2016-03-20T03:27:36.000000;973126c5-afa3-4be3-acf5-bda121a0c2b4;409.96;0.10087352;UNKNOWN
2016-03-20T03:27:36.000000;2016-03-20T03:27:36.000000;1ffd3b75-afc0-4585-ac58-c51ab7f3b5fb;409.96;0.01210473;UNKNOWN
2016-03-20T03:27:36.000000;2016-03-20T03:27:36.000000;0d8f9510-c392-4488-b059-3b59f62eaf27;409.96;0.06751066;UNKNOWN
2016-03-20T03:27:37.000000;2016-03-20T03:27:37.000000;f80503a8-1348-4351-bda7-46ce5ad1aafa;409.96;0.17125174;UNKNOWN
2016-03-20T03:27:42.000000;2016-03-20T03:27:42.000000;7620bace-5115-4eb6-b644-bb2c6966463d;409.96;0.17125174;UNKNOWN
2016-03-20T03:28:00.000000;2016-03-20T03:28:00.000000;93036819-3ca8-4b42-94ee-2220700c731e;409.96;0.02914644;UNKNOWN
2016-03-20T03:28:00.000000;2016-03-20T03:28:00.000000;8c006076-4e36-4a1f-9db0-0e5f394b3a0b;409.96;0.22367619;UNKNOWN
2016-03-20T03:28:00.000000;2016-03-20T03:28:00.000000;cb451339-9c11-446a-99c4-077ae5508191;409.96;0.5944649;UNKNOWN
2016-03-20T03:28:00.000000;2016-03-20T03:28:00.000000;85234de6-40e9-4a9f-9f4a-16eaf91ef9ce;409.96;0.8500175;UNKNOWN
2016-03-20T03:28:02.000000;2016-03-20T03:28:02.000000;b233c48b-aaac-43d1-83c9-6857499b1564;409.96;0.02187451;UNKNOWN
2016-03-20T03:28:14.000000;2016-03-20T03:28:14.000000;0ab31d01-a5db-4772-8c0e-1e66133412c7;409.95;0.0775389;UNKNOWN
2016-03-20T03:28:14.000000;2016-03-20T03:28:14.000000;ef755356-3b05-48ea-a072-a9d46efae323;409.95;0.04149613;UNKNOWN
2016-03-20T03:28:14.000000;2016-03-20T03:28:14.000000;0925e06f-5246-450e-aa00-c97ba8a693a0;409.95;0.29657587;UNKNOWN
2016-03-20T03:28:14.000000;2016-03-20T03:28:14.000000;2889bf0d-20b6-4624-9c82-a4e51e45b1ef;409.95;0.2234561;UNKNOWN
2016-03-20T03:28:14.000000;2016-03-20T03:28:14.000000;45934346-3c12-4407-b581-19682ef549b4;409.95;0.76891854;UNKNOWN
2016-03-20T03:28:14.000000;2016-03-20T03:28:14.000000;9e138943-5737-4aa8-bab9-1eba55c82b02;409.95;0.31813703;UNKNOWN
2016-03-20T03:28:34.000000;2016-03-20T03:28:34.000000;56b88587-b3d1-463e-b066-6d55122aa6cc;409.95;0.01240149;UNKNOWN
2016-03-20T03:28:52.000000;2016-03-20T03:28:52.000000;0b7959a6-d8b0-42be-88c6-afc8bfc5ea1d;409.95;0.08576358;UNKNOWN
2016-03-20T03:28:55.000000;2016-03-20T03:28:55.000000;32cdd2a5-220b-45b4-b8cf-b660740dc991;409.95;0.02900535;UNKNOWN
2016-03-20T03:28:55.000000;2016-03-20T03:28:55.000000;cde148bb-ec68-48cc-8b04-3c6e5c568ef4;409.95;0.02903392;UNKNOWN
2016-03-20T03:28:55.000000;2016-03-20T03:28:55.000000;8fb4e067-a022-4ef0-b1df-a56d163a1d68;409.95;0.02917515;UNKNOWN
2016-03-20T03:28:55.000000;2016-03-20T03:28:55.000000;d7dbd646-a53a-4527-b6da-e5c697f35b08;409.95;0.22259342;UNKNOWN
2016-03-20T03:28:56.000000;2016-03-20T03:28:56.000000;26b77dc4-2649-4ea2-8219-8085928d722e;409.95;0.01240149;UNKNOWN
2016-03-20T03:28:56.000000;2016-03-20T03:28:56.000000;aa67b4fa-f2e6-407b-908a-f51495888a5d;409.95;0.041537;UNKNOWN
2016-03-20T03:28:57.000000;2016-03-20T03:28:57.000000;66788aa8-332f-49f4-a2f7-150fa1db9ec3;409.95;0.1130054;UNKNOWN
2016-03-20T03:29:02.000000;2016-03-20T03:29:02.000000;e72b1912-7ef0-4fbc-b049-e68ffc670559;409.95;0.06358638;UNKNOWN
2016-03-20T03:29:11.000000;2016-03-20T03:29:11.000000;6da951d0-3676-40e3-8477-fffe1b9d09c7;409.95;0.2223744;UNKNOWN
2016-03-20T03:29:11.000000;2016-03-20T03:29:11.000000;47d8a073-6595-41c4-bffd-e4c28912d731;409.95;0.01240149;UNKNOWN
2016-03-20T03:29:13.000000;2016-03-20T03:29:13.000000;92465254-42a4-4ea5-a7bf-88bb98b6854a;409.95;0.12858929;UNKNOWN
2016-03-20T03:29:13.000000;2016-03-20T03:29:13.000000;13f2adbd-8960-4726-8a35-43b8a690845a;409.95;0.04141071;UNKNOWN
2016-03-20T03:29:17.000000;2016-03-20T03:29:17.000000;611897d5-7bac-4881-8c90-e71f40367c56;409.95;2.8;UNKNOWN
2016-03-20T03:29:24.000000;2016-03-20T03:29:24.000000;35589f93-35f4-416a-8a74-32332219fb3e;409.95;0.01011376;UNKNOWN
2016-03-20T03:29:24.000000;2016-03-20T03:29:24.000000;e464424c-2e74-43f3-9e8f-6ae4073e11fc;409.95;0.041537;UNKNOWN
2016-03-20T03:29:27.000000;2016-03-20T03:29:27.000000;8a8e1e77-623b-4d4b-a95f-c7118c52a9ee;409.95;0.0950781;UNKNOWN
2016-03-20T03:29:28.000000;2016-03-20T03:29:28.000000;5bc60dc2-b840-4d4b-b4c2-4af9264e47b4;409.95;0.0950781;UNKNOWN
2016-03-20T03:29:53.000000;2016-03-20T03:29:53.000000;6ed19e48-f798-4e0e-be0b-1ad3b71cd872;409.98;0.24009485;UNKNOWN
2016-03-20T03:29:53.000000;2016-03-20T03:29:53.000000;0db444ea-bc6a-4b0c-aaec-38920286a2ca;409.96;0.1;UNKNOWN
2016-03-20T03:29:56.000000;2016-03-20T03:29:56.000000;dba7f99d-2b43-4be4-8ed9-6171b818af8c;409.95;0.25120605;UNKNOWN
2016-03-20T03:29:56.000000;2016-03-20T03:29:56.000000;ea07e7d5-fed7-4182-a769-d49486fc27e5;409.95;0.25971831;UNKNOWN
2016-03-20T03:30:24.000000;2016-03-20T03:30:24.000000;06f6559e-3643-4516-8228-6cc3d8b28cfb;409.95;0.78016826;UNKNOWN
2016-03-20T03:30:28.000000;2016-03-20T03:30:28.000000;52d4b6fa-2427-4963-a6c1-10cbaec0dfa0;409.96;0.061;UNKNOWN
2016-03-20T03:30:28.000000;2016-03-20T03:30:28.000000;21ec2dc7-b398-4013-a661-9cd98d78beee;409.95;0.71916826;UNKNOWN
2016-03-20T03:32:59.000000;2016-03-20T03:32:59.000000;453e6b59-4c3d-4ecb-b9cf-fb888f1ee14d;410.1;0.16;UNKNOWN
2016-03-20T03:32:59.000000;2016-03-20T03:32:59.000000;d01e63d9-0c31-4681-9891-f7b8accf16a0;410.09;0.01699847;UNKNOWN
2016-03-20T03:32:59.000000;2016-03-20T03:32:59.000000;a99c7f91-b39e-4218-b249-bc5d3d4b6a1f;410.1;0.01699847;UNKNOWN
2016-03-20T03:34:53.000000;2016-03-20T03:34:53.000000;16b712be-34b7-46cf-8a92-154436a1fd34;410.1;0.01195966;UNKNOWN
2016-03-20T03:34:53.000000;2016-03-20T03:34:53.000000;e3e528e0-89a4-45e5-bf47-40a345aa274c;410.1;0.01196024;UNKNOWN
2016-03-20T03:34:59.000000;2016-03-20T03:34:59.000000;b1fa787c-60fd-48fb-ae29-d9a2f209bed4;409.95;0.33970928;UNKNOWN
2016-03-20T03:34:59.000000;2016-03-20T03:34:59.000000;6cc349b7-1bfb-498a-8478-e695a296c2cc;409.95;1.60407388;UNKNOWN
2016-03-20T03:34:59.000000;2016-03-20T03:34:59.000000;cc10b166-4085-4686-b1f2-ab7f295b978c;409.95;2.05621684;UNKNOWN
2016-03-20T03:35:50.000000;2016-03-20T03:35:50.000000;ba258ee6-81ac-4a0f-ace0-fe87a2c65969;410.09;0.01699847;UNKNOWN
2016-03-20T03:35:51.000000;2016-03-20T03:35:51.000000;525afbac-4931-4bde-882a-0ca30263e904;410.09;0.01699847;UNKNOWN
2016-03-20T03:35:53.000000;2016-03-20T03:35:53.000000;148f9949-9b65-4b57-bee9-39123fa262c7;410.09;0.01699847;UNKNOWN
2016-03-20T03:35:53.000000;2016-03-20T03:35:53.000000;52a977bb-72bd-4396-88c5-803bf394577a;410.09;0.01699847;UNKNOWN
2016-03-20T03:35:57.000000;2016-03-20T03:35:57.000000;2292850d-5cf7-4105-b23b-02d418f0125f;410.09;0.43200612;UNKNOWN
2016-03-20T03:35:57.000000;2016-03-20T03:35:57.000000;2383006c-8f11-4b96-b81e-49b19fb8ff7b;410.1;1.56799388;UNKNOWN
2016-03-20T03:38:08.000000;2016-03-20T03:38:08.000000;d66b827b-1659-4c7e-b9f9-94f8e7b3706a;410.11;0.01700124;UNKNOWN
2016-03-20T03:38:42.000000;2016-03-20T03:38:42.000000;b70e2518-04d3-418f-b7b5-c6e6af4e5fe0;410.11;0.73787433;UNKNOWN
2016-03-20T03:38:47.000000;2016-03-20T03:38:47.000000;58e0810c-58d9-4aab-be82-8bfd5a182cea;410.11;0.48489963;UNKNOWN
2016-03-20T03:39:47.000000;2016-03-20T03:39:47.000000;71f0627a-9b1c-467e-a24e-e44f331eec05;410.11;0.21678802;UNKNOWN
2016-03-20T03:39:56.000000;2016-03-20T03:39:56.000000;09ae7858-ec0c-4131-b8cf-4c0669a1a20e;410.11;0.06291504;UNKNOWN
2016-03-20T03:42:24.000000;2016-03-20T03:42:24.000000;722e7bb4-8a61-41da-827b-79fedfee0e82;410.1;3.0;UNKNOWN
2016-03-20T03:42:24.000000;2016-03-20T03:42:24.000000;cc0a4fa6-7452-4bb0-85f9-a6028e8ff800;410.09;0.5;UNKNOWN
2016-03-20T03:43:28.000000;2016-03-20T03:43:28.000000;c2ff4561-f311-444f-bee7-759d10cf15e7;410.11;0.05265035;UNKNOWN
2016-03-20T03:43:33.000000;2016-03-20T03:43:33.000000;5a325d79-6b5c-4d2b-be19-742a20a9ec95;410.11;0.45647189;UNKNOWN
2016-03-20T03:43:35.000000;2016-03-20T03:43:35.000000;806b1706-15ab-43af-adaa-c315da03aa4f;410.11;0.72579582;UNKNOWN
2016-03-20T03:43:48.000000;2016-03-20T03:43:48.000000;ee0285f4-6616-4f0c-88c7-dff8bc3dc218;409.86;12.8492;UNKNOWN
2016-03-20T03:43:48.000000;2016-03-20T03:43:48.000000;07f5b512-b1f2-4a86-8920-d903cf2f3e3b;409.95;1.16758291;UNKNOWN
2016-03-20T03:43:48.000000;2016-03-20T03:43:48.000000;9e20da07-366e-40d7-baf7-bf468b822cc6;409.84;10.64526076;UNKNOWN
2016-03-20T03:43:48.000000;2016-03-20T03:43:48.000000;9e6a1a7e-8b4c-4a76-afe6-ce26494df4d9;409.85;7.991;UNKNOWN
2016-03-20T03:43:48.000000;2016-03-20T03:43:48.000000;360d5f9a-b929-422d-bf9d-f9813fd718bb;409.96;0.34695633;UNKNOWN
2016-03-20T03:44:01.000000;2016-03-20T03:44:01.000000;50199554-418c-4897-8722-e6f950ecec00;409.6;0.5;UNKNOWN
2016-03-20T03:44:01.000000;2016-03-20T03:44:01.000000;819ce273-8bf6-425b-959d-4dcbcf59fe2c;409.81;0.15373135;UNKNOWN
2016-03-20T03:44:01.000000;2016-03-20T03:44:01.000000;db4b6375-aa97-450c-bc4c-8cbb5efd575a;409.8;15.0;UNKNOWN
2016-03-20T03:44:01.000000;2016-03-20T03:44:01.000000;b56335c1-eeaf-4022-ba6e-034f28aaf3dd;409.56;3.54796865;UNKNOWN
2016-03-20T03:44:01.000000;2016-03-20T03:44:01.000000;000a1eca-a5fe-4ba5-a35b-05229423bd98;409.56;6.56;UNKNOWN
2016-03-20T03:44:01.000000;2016-03-20T03:44:01.000000;ab140650-d183-4887-900e-3e5de4a1ec0f;409.68;6.9583;UNKNOWN
2016-03-20T03:44:01.000000;2016-03-20T03:44:01.000000;e721ec13-f4fe-4b1d-9cce-71fdded87bc5;409.82;0.28;UNKNOWN
2016-03-20T03:44:04.000000;2016-03-20T03:44:04.000000;a5f74972-d09f-43ed-97e0-6cea94ebe4b3;409.2;0.2;UNKNOWN
2016-03-20T03:44:04.000000;2016-03-20T03:44:04.000000;0fe8625e-683a-47d5-b862-12b6431fa85e;409.26;11.9699;UNKNOWN
2016-03-20T03:44:04.000000;2016-03-20T03:44:04.000000;bdaf1788-ef5f-42df-bece-6b6a394bcf1e;409.47;0.25401497;UNKNOWN
2016-03-20T03:44:04.000000;2016-03-20T03:44:04.000000;2e8c4f4d-4ea5-4b1d-842c-bce5ab58da7e;409.01;1.23275203;UNKNOWN
2016-03-20T03:44:04.000000;2016-03-20T03:44:04.000000;35ba4bb0-3d82-4584-af3b-9c69f83f1c48;409.09;12.8374;UNKNOWN
2016-03-20T03:44:04.000000;2016-03-20T03:44:04.000000;d0de5414-17f3-487e-bbae-3de9dec1b25a;409.43;0.065933;UNKNOWN
2016-03-20T03:44:04.000000;2016-03-20T03:44:04.000000;d1bc6751-5b26-4e39-9f07-ece1354f7682;409.42;6.44;UNKNOWN
2016-03-20T03:44:12.000000;2016-03-20T03:44:12.000000;2b7c0380-e806-4b23-a612-66e6f6fe0d39;409.57;0.2785;UNKNOWN
2016-03-20T03:44:14.000000;2016-03-20T03:44:14.000000;c6eed6f9-ccd9-4506-b648-89c20c57f94b;409.77;0.14394809;UNKNOWN
2016-03-20T03:44:18.000000;2016-03-20T03:44:18.000000;cc924781-cfd5-4caa-9086-fabc246d817b;409.1;9.5;UNKNOWN
2016-03-20T03:44:18.000000;2016-03-20T03:44:18.000000;afeb06d2-8fc4-49d1-ad98-89193f8b4401;409.1;0.061;UNKNOWN
2016-03-20T03:44:18.000000;2016-03-20T03:44:18.000000;d534d737-58a7-427a-876a-f376e7b07644;409.58;0.31;UNKNOWN
2016-03-20T03:44:18.000000;2016-03-20T03:44:18.000000;0df0ee52-54d2-4cf2-92d1-0884e3c702f2;409.09;2.84362933;UNKNOWN
2016-03-20T03:44:18.000000;2016-03-20T03:44:18.000000;08e843e7-b7d8-4f98-b9f3-21cba516eb6a;409.1;10.6775;UNKNOWN
2016-03-20T03:44:18.000000;2016-03-20T03:44:18.000000;4b889c49-e6d0-49cd-9eb3-857c1e2e6c68;409.11;9.47;UNKNOWN
2016-03-20T03:44:18.000000;2016-03-20T03:44:18.000000;0be93c35-592d-4c10-9f86-28dd3323ec45;409.58;0.13787067;UNKNOWN
2016-03-20T03:44:48.000000;2016-03-20T03:44:48.000000;b63509ca-2059-4ea3-aa66-7dc72b276449;409.53;0.02200863;UNKNOWN
2016-03-20T03:44:54.000000;2016-03-20T03:44:54.000000;93f27cf8-497f-488e-9c64-07aeef9cc732;409.5;0.26803049;UNKNOWN
2016-03-20T03:44:58.000000;2016-03-20T03:44:58.000000;c639efcf-ed6e-437a-834d-6afe4d3cc3f9;409.49;0.26803049;UNKNOWN
2016-03-20T03:45:25.000000;2016-03-20T03:45:25.000000;e9948b7b-e602-49ba-8bf0-156e06bace7d;409.35;0.13119424;UNKNOWN
2016-03-20T03:45:29.000000;2016-03-20T03:45:29.000000;2c2e495c-ebdf-4f24-8faa-3758e84fc8b8;409.34;0.13120065;UNKNOWN
2016-03-20T03:46:01.000000;2016-03-20T03:46:01.000000;3ee1cf9f-4abd-4e19-8968-5bf011c371ce;409.3;0.13120065;UNKNOWN
2016-03-20T03:46:01.000000;2016-03-20T03:46:01.000000;75e9ec48-df3e-4d57-b160-d87051532ec4;409.3;0.77014154;UNKNOWN
2016-03-20T03:46:04.000000;2016-03-20T03:46:04.000000;07c91b3f-64d4-49d5-b2ab-c6f13d717af7;409.3;0.07795466;UNKNOWN
2016-03-20T03:46:04.000000;2016-03-20T03:46:04.000000;3a3268bc-c835-4b9c-a130-f7c52da93692;409.3;0.04296345;UNKNOWN
2016-03-20T03:46:04.000000;2016-03-20T03:46:04.000000;23d473dc-2567-430f-811e-cfbe08d588fd;409.3;0.04296345;UNKNOWN
2016-03-20T03:46:04.000000;2016-03-20T03:46:04.000000;e10cdd62-2405-4518-a0ab-c6e689b44c70;409.3;0.13120065;UNKNOWN
2016-03-20T03:46:07.000000;2016-03-20T03:46:07.000000;62f70825-a252-4183-bd79-e41965a7675c;409.3;0.18530703;UNKNOWN
2016-03-20T03:46:09.000000;2016-03-20T03:46:09.000000;ce2b4abd-4b02-4c5e-be22-5d0f920218b0;409.3;0.05080781;UNKNOWN
2016-03-20T03:46:13.000000;2016-03-20T03:46:13.000000;e263f5de-f4d2-47e0-9224-7b84e664ddef;409.3;0.02564855;UNKNOWN
2016-03-20T03:46:16.000000;2016-03-20T03:46:16.000000;24d5a91a-6c17-43b2-a0b9-ca149527da1e;409.3;0.02564855;UNKNOWN
2016-03-20T03:46:19.000000;2016-03-20T03:46:19.000000;b5b679dc-5735-47e4-b70f-9bad99a18590;409.3;0.77088453;UNKNOWN
2016-03-20T03:46:19.000000;2016-03-20T03:46:19.000000;17735054-b132-4a88-9c4d-0080b11856e9;409.3;0.01476995;UNKNOWN
2016-03-20T03:46:23.000000;2016-03-20T03:46:23.000000;f844dcac-495c-41fd-9ec3-97cb02cdfbcb;409.3;0.30988631;UNKNOWN
2016-03-20T03:46:23.000000;2016-03-20T03:46:23.000000;a1058178-d0ed-4496-a020-eec4713e14ab;409.3;0.30988631;UNKNOWN
2016-03-20T03:46:23.000000;2016-03-20T03:46:23.000000;78d7fae3-e126-47d4-b96f-b355fc1bb956;409.3;0.30988631;UNKNOWN
2016-03-20T03:46:24.000000;2016-03-20T03:46:24.000000;172da2d7-0811-4e49-9b7e-4b117dfa3abd;409.3;0.30988631;UNKNOWN
2016-03-20T03:46:43.000000;2016-03-20T03:46:43.000000;9482ff51-1c42-4631-90b2-d71b8ad86a5a;409.46;0.44646219;UNKNOWN
2016-03-20T03:46:51.000000;2016-03-20T03:46:51.000000;cae941ef-a95f-492e-a1b8-e6ae27660137;409.45;0.46726886;UNKNOWN
2016-03-20T03:46:56.000000;2016-03-20T03:46:56.000000;446e64b6-d3a7-404a-9651-1524392c68be;409.45;1.0;UNKNOWN
2016-03-20T03:47:05.000000;2016-03-20T03:47:05.000000;50fdcf57-0f48-4f66-ad19-f31341f75faa;409.45;0.1;UNKNOWN
2016-03-20T03:48:22.000000;2016-03-20T03:48:22.000000;a10c51a8-635e-41a7-b915-c5867b956c02;409.31;0.14369734;UNKNOWN
2016-03-20T03:50:37.000000;2016-03-20T03:50:37.000000;7b02ec1a-cbe6-4782-b35e-94ea2073e062;409.27;0.01;UNKNOWN
2016-03-20T03:51:16.000000;2016-03-20T03:51:16.000000;d86f30ba-c20c-4ea7-b13d-47b7e12eaca4;409.27;0.01;UNKNOWN
2016-03-20T03:52:08.000000;2016-03-20T03:52:08.000000;fa98f6e5-2076-4c57-bb09-1dc4af0f8620;409.27;0.02416334;UNKNOWN
2016-03-20T03:52:30.000000;2016-03-20T03:52:30.000000;c9b0148c-27ec-4c33-ac0b-58f331d038b5;409.27;1.0;UNKNOWN
2016-03-20T03:52:36.000000;2016-03-20T03:52:36.000000;790c528c-1db2-4698-810c-af704f136f62;409.27;1.0;UNKNOWN
2016-03-20T03:52:50.000000;2016-03-20T03:52:50.000000;11b19a27-0a74-48ab-b28c-2362bf62848d;409.27;1.0;UNKNOWN
2016-03-20T03:55:05.000000;2016-03-20T03:55:05.000000;f98ab259-fd55-4351-a0d7-87f319d96b1e;409.3;1.0;UNKNOWN
2016-03-20T03:55:17.000000;2016-03-20T03:55:17.000000;276f9d78-bfc8-4a5d-833f-8426f40e3503;409.25;0.5;UNKNOWN
2016-03-20T03:55:30.000000;2016-03-20T03:55:30.000000;f9fefb25-f031-4676-b813-70a864e84d47;409.3;0.04579546;UNKNOWN
2016-03-20T03:55:30.000000;2016-03-20T03:55:30.000000;cc95fa40-fc94-4771-a123-6e537da898c0;409.3;0.04579546;UNKNOWN
2016-03-20T03:55:33.000000;2016-03-20T03:55:33.000000;17bd1788-f37b-4538-846c-41ff8835fe25;409.3;0.31299487;UNKNOWN
2016-03-20T03:55:36.000000;2016-03-20T03:55:36.000000;5b228435-ca09-4974-bdd4-bb15a26f2b47;409.3;0.04579546;UNKNOWN
2016-03-20T03:55:40.000000;2016-03-20T03:55:40.000000;f0de4f5c-60b7-49d9-a2b9-7766b33a2386;409.3;0.22010618;UNKNOWN
2016-03-20T03:55:42.000000;2016-03-20T03:55:42.000000;62f1f869-906d-415c-a96e-fbb991535efc;409.3;0.22010618;UNKNOWN
2016-03-20T03:55:44.000000;2016-03-20T03:55:44.000000;bd569169-7d05-45d7-a2b9-f185c6eb7223;409.3;0.22010618;UNKNOWN
2016-03-20T03:55:54.000000;2016-03-20T03:55:54.000000;4a74a4c9-73ef-4d4a-8ee0-e1d5fb617270;409.3;0.26111928;UNKNOWN
2016-03-20T03:56:21.000000;2016-03-20T03:56:21.000000;3351250f-1c8b-407e-943e-5044181c511b;409.3;0.19559842;UNKNOWN
2016-03-20T03:56:24.000000;2016-03-20T03:56:24.000000;85cfe012-7f96-425d-a46a-08cf842e1527;409.3;0.19564067;UNKNOWN
2016-03-20T03:57:38.000000;2016-03-20T03:57:38.000000;16aeae6a-800a-4365-a485-f4392d8c56c1;409.29;0.01782555;UNKNOWN
2016-03-20T03:58:09.000000;2016-03-20T03:58:09.000000;1b8d51cb-aef2-4e9e-800f-e852d6cadadd;409.29;0.83955965;UNKNOWN
2016-03-20T03:58:10.000000;2016-03-20T03:58:10.000000;0213c708-4ab5-4c8c-9bd4-4b109725e31a;409.29;0.45754905;UNKNOWN
2016-03-20T03:58:11.000000;2016-03-20T03:58:11.000000;d4ac4080-025f-4ff3-acc6-4cfe83463d1d;409.29;0.39444394;UNKNOWN
2016-03-20T03:58:12.000000;2016-03-20T03:58:12.000000;4967d381-0be6-472f-8f95-9db82bcc08e8;409.29;0.06310511;UNKNOWN
2016-03-20T03:58:14.000000;2016-03-20T03:58:14.000000;4e4e270f-36aa-4e98-95c6-13587f4d1dea;409.29;0.45754905;UNKNOWN
2016-03-20T03:59:21.000000;2016-03-20T03:59:21.000000;29106cf9-05cb-473a-bd9f-2be8f7ade84d;409.3;0.05606097;UNKNOWN
2016-03-20T03:59:23.000000;2016-03-20T03:59:23.000000;43300be1-a597-43f0-8869-99172dd3460d;409.3;0.05606097;UNKNOWN
2016-03-20T03:59:24.000000;2016-03-20T03:59:24.000000;e49b7f61-300c-4fe8-bbf1-0ab901264bfc;409.3;0.05606097;UNKNOWN
2016-03-20T03:59:24.000000;2016-03-20T03:59:24.000000;b657da76-f036-4711-84f1-a3467d9c7dec;409.3;0.05606097;UNKNOWN
2016-03-20T03:59:42.000000;2016-03-20T03:59:42.000000;2f6bd09b-2e85-4189-8165-034f0550fc30;409.3;0.06324625;UNKNOWN
2016-03-20T03:59:45.000000;2016-03-20T03:59:45.000000;398f22ad-f423-4558-8e46-bb6b3ada8105;409.3;0.06324625;UNKNOWN
2016-03-20T04:00:01.000000;2016-03-20T04:00:01.000000;a1afadc5-c86c-45ee-99ac-93f516601bc1;409.3;0.06464206;UNKNOWN
2016-03-20T04:00:03.000000;2016-03-20T04:00:03.000000;af8657ae-6c3e-45ec-a504-f8fed51d1c7d;409.3;0.06464206;UNKNOWN
2016-03-20T04:00:22.000000;2016-03-20T04:00:22.000000;31468763-976d-400a-bd3f-1346c8a96fa7;409.3;0.06227451;UNKNOWN
2016-03-20T04:00:22.000000;2016-03-20T04:00:22.000000;4c33a822-3e7f-4b27-8496-2897c6f6902c;409.3;0.24808618;UNKNOWN
2016-03-20T04:00:23.000000;2016-03-20T04:00:23.000000;05da28c2-ce3d-43a0-9439-45f41d3520ac;409.3;0.06227451;UNKNOWN
2016-03-20T04:00:24.000000;2016-03-20T04:00:24.000000;665927d6-ceb2-476d-9b34-7085e419dbdb;409.3;0.06227451;UNKNOWN
2016-03-20T04:00:24.000000;2016-03-20T04:00:24.000000;2242a7c6-12ed-4995-a68e-1325e8847613;409.3;0.24808618;UNKNOWN
2016-03-20T04:00:26.000000;2016-03-20T04:00:26.000000;1ffae5af-8391-434a-ad7c-773fb7454515;409.3;0.19205;UNKNOWN
2016-03-20T04:00:26.000000;2016-03-20T04:00:26.000000;e9957f51-a813-47d0-827e-92979faa2295;409.3;0.06227451;UNKNOWN
2016-03-20T04:01:35.000000;2016-03-20T04:01:35.000000;09c61254-9a84-40cc-bf67-108d8689f84e;409.29;0.06232263;UNKNOWN
2016-03-20T04:02:05.000000;2016-03-20T04:02:05.000000;e8eef870-a1bb-4303-97e8-348f6d03ee39;409.3;0.05458234;UNKNOWN
2016-03-20T04:02:06.000000;2016-03-20T04:02:06.000000;3e1a1fea-c8db-4aaf-89c9-13bcc9835418;409.3;0.01;UNKNOWN
2016-03-20T04:06:28.000000;2016-03-20T04:06:28.000000;997b8b38-6687-4808-b4c6-b84e468f01aa;409.3;13.3368;UNKNOWN
2016-03-20T04:08:12.000000;2016-03-20T04:08:12.000000;98d98d1d-a467-4493-b2a2-d22d6ef25714;409.29;0.02844335;UNKNOWN
2016-03-20T04:08:14.000000;2016-03-20T04:08:14.000000;61a0ee60-66f0-49b0-9089-65a2e3079695;409.29;0.25538826;UNKNOWN
2016-03-20T04:10:05.000000;2016-03-20T04:10:05.000000;26226670-79b6-4773-91df-ad2e01b28e94;409.3;0.01;UNKNOWN
2016-03-20T04:10:19.000000;2016-03-20T04:10:19.000000;d8ba19cb-417e-4577-a3b6-9198ca9794ca;409.29;0.04839685;UNKNOWN
2016-03-20T04:10:22.000000;2016-03-20T04:10:22.000000;7e57f359-6280-48da-a051-a3a47acf19b2;409.3;20.14556864;UNKNOWN
2016-03-20T04:11:23.000000;2016-03-20T04:11:23.000000;c5d0bd08-7401-4544-bd7c-ae4e158be87f;409.57;0.02798;UNKNOWN
2016-03-20T04:11:51.000000;2016-03-20T04:11:51.000000;e51aecc3-9fba-4be1-8545-da1346b173a3;409.39;0.59233398;UNKNOWN
2016-03-20T04:14:48.000000;2016-03-20T04:14:48.000000;49b42aaf-1a86-4ba7-a279-d38b566eb402;409.54;0.11176394;UNKNOWN
2016-03-20T04:14:53.000000;2016-03-20T04:14:53.000000;b8a2ef70-0456-4e93-b351-13e7a41ca68e;409.54;0.01363102;UNKNOWN
2016-03-20T04:14:55.000000;2016-03-20T04:14:55.000000;d44ad52b-2092-490b-a0fb-556d40318e79;409.54;0.12029795;UNKNOWN
2016-03-20T04:16:02.000000;2016-03-20T04:16:02.000000;4fc1a09e-ae7c-4f24-8bd5-8117d35e4fee;409.54;0.1;UNKNOWN
2016-03-20T04:17:05.000000;2016-03-20T04:17:05.000000;8f066e23-e688-43e0-8795-33061044d434;409.54;0.11779803;UNKNOWN
2016-03-20T04:22:04.000000;2016-03-20T04:22:04.000000;5de7bde9-2d79-41ac-8748-4882190dc1b7;409.54;0.2;UNKNOWN
2016-03-20T04:27:13.000000;2016-03-20T04:27:13.000000;719fc377-9bfe-4e5d-8a38-59498f543666;409.54;0.02833;UNKNOWN
2016-03-20T04:27:15.000000;2016-03-20T04:27:15.000000;81ead22d-cf96-4ef5-a8b7-f3e830d38118;409.54;0.17;UNKNOWN
2016-03-20T04:28:53.000000;2016-03-20T04:28:53.000000;61d37fd3-8c40-4978-aa02-bb559a234892;409.54;0.018946;UNKNOWN
2016-03-20T04:28:57.000000;2016-03-20T04:28:57.000000;e7152f7b-001b-45ed-ab37-c69657b43ac9;409.54;0.014958;UNKNOWN
2016-03-20T04:29:11.000000;2016-03-20T04:29:11.000000;5c660316-2378-4d20-9519-ba0bce6bba38;409.55;0.1;UNKNOWN
