time_exchange;time_coinpai;guid;price;base_amount;taker_side
2016-03-24T00:08:25.000000;2016-03-24T00:08:25.597000;f0131369-7aa4-4548-9923-d7deaf7df5df;12.44;10.0;BUY
2016-03-24T00:10:23.000000;2016-03-24T00:10:23.850000;f2f2e241-1280-49d9-8480-6709b748d9e9;12.446;1.0;SELL
2016-03-24T00:15:43.000000;2016-03-24T00:15:43.310000;86932afd-0e73-468a-9db1-34ac466c09ac;12.47;25.0;BUY
2016-03-24T00:16:08.000000;2016-03-24T00:16:08.940000;694a2476-62c9-4bf5-a3c2-616f1eacc48f;12.47;10.8172;SELL
2016-03-24T00:16:08.000000;2016-03-24T00:16:08.947000;d04b13b5-8a5c-43a5-93e6-21ef7a1dd559;12.453;2.1828;SELL
2016-03-24T00:18:34.000000;2016-03-24T00:18:34.970000;a8e9709b-87d0-4f75-848b-e71c9437aabe;12.453;6.8172;SELL
2016-03-24T00:21:11.000000;2016-03-24T00:21:12.050000;5a6bd9ff-7e87-4b98-9784-2f87af2cbbcc;12.41;8.77527172;SELL
2016-03-24T00:21:20.000000;2016-03-24T00:21:20.520000;07cfec86-5513-4735-a836-9ba1e5321bde;12.41;6.38546734;SELL
2016-03-24T00:21:21.000000;2016-03-24T00:21:21.280000;47e1e128-47e4-46b0-8be9-22bfb62556ae;12.41;4.83926094;SELL
2016-03-24T00:21:25.000000;2016-03-24T00:21:25.700000;3f8c72c7-1f77-4bd5-94f0-10c3bbb04ff5;12.351;8.88744;SELL
2016-03-24T00:21:25.000000;2016-03-24T00:21:25.710000;44fe18c6-0d06-4916-bbb2-aa90aeb33994;12.35;11.14785;SELL
2016-03-24T00:21:25.000000;2016-03-24T00:21:25.717000;7d7d05c9-93a1-43b5-96cf-2d2d35da6d16;12.33;9.01292594;SELL
2016-03-24T00:21:25.000000;2016-03-24T00:21:25.747000;1b92b802-41ab-4789-87e5-94b71a7374f7;12.329;2.19697;SELL
2016-03-24T00:21:25.000000;2016-03-24T00:21:25.747000;80f1daef-837f-477e-ba10-4ef7b528b34f;12.311;40.1983;SELL
2016-03-24T00:21:25.000000;2016-03-24T00:21:25.747000;dfbb5b1b-4584-427d-a7be-9175830fa62f;12.31;20.0;SELL
2016-03-24T00:21:25.000000;2016-03-24T00:21:25.767000;6eaad1c7-0c49-4b07-8e76-c4f9bdfd6707;12.257;0.55414222;SELL
2016-03-24T00:21:25.000000;2016-03-24T00:21:25.783000;7ad84bec-b1c0-4102-bd95-77afbdc9eb86;12.234;67.16;SELL
2016-03-24T00:21:25.000000;2016-03-24T00:21:25.783000;8b416448-4145-4f84-b879-833009eb55f0;12.232;45.0;SELL
2016-03-24T00:21:25.000000;2016-03-24T00:21:25.790000;6a921627-fce1-4a75-ba63-8ea5ca3a71c1;12.23;0.55414222;SELL
2016-03-24T00:21:25.000000;2016-03-24T00:21:25.823000;ab1ec991-a370-4871-99cc-6db4eb686503;12.219;200.0;SELL
2016-03-24T00:21:25.000000;2016-03-24T00:21:25.823000;00e54e85-92dd-4439-8ad6-64a338bb6acb;12.218;0.55414222;SELL
2016-03-24T00:21:25.000000;2016-03-24T00:21:25.823000;e32cbdd1-93ac-4059-8f64-3bc8045a2dcb;12.215;5.0;SELL
2016-03-24T00:21:25.000000;2016-03-24T00:21:25.823000;b2d14b0f-a25f-4ae6-84d3-8b22be505cf8;12.215;225.1840874;SELL
2016-03-24T00:22:34.000000;2016-03-24T00:22:34.247000;9caef6b0-96fa-44c3-9273-366b92ac502a;12.25;1.10467203;SELL
2016-03-24T00:22:34.000000;2016-03-24T00:22:34.267000;439c6b81-2500-425e-a1d8-0289891bd38f;12.249;18.89532797;SELL
2016-03-24T00:26:50.000000;2016-03-24T00:26:50.550000;3a286ad5-2b43-4f7f-ad1c-19d12001242d;12.329;45.0;BUY
2016-03-24T00:38:06.000000;2016-03-24T00:38:06.637000;ff517b17-6878-4753-b795-d6fef2d16d16;12.316;0.13721;SELL
2016-03-24T00:44:12.000000;2016-03-24T00:44:12.377000;86fe78f6-0cf2-4871-bd9c-afeb348a2618;12.316;0.36279;SELL
2016-03-24T00:44:16.000000;2016-03-24T00:44:16.803000;7bec85f7-b710-430c-b2b6-caee6e33af59;12.3;0.36279;SELL
2016-03-24T00:44:33.000000;2016-03-24T00:44:33.783000;640dd3ef-115e-42f1-ad32-b301cb9e4cb4;12.3;13.43697557;SELL
2016-03-24T00:44:35.000000;2016-03-24T00:44:36.013000;ed4264a6-4e5f-4636-aee8-4268b44eaabe;12.3;27.27069168;SELL
2016-03-24T00:44:36.000000;2016-03-24T00:44:36.590000;f26c8cb3-7f30-4333-82cf-54d24bb5e2d8;12.3;15.45289641;SELL
2016-03-24T00:44:36.000000;2016-03-24T00:44:36.630000;2f14418b-cd23-4db1-a6d9-291deddbf16a;12.3;1.107146;SELL
2016-03-24T00:44:38.000000;2016-03-24T00:44:38.920000;0ee5d2a3-d8b1-4007-942b-38ad317b1f33;12.3;10.32853397;SELL
2016-03-24T00:44:41.000000;2016-03-24T00:44:41.077000;9c1a6f6b-c04b-4dcc-a849-2699f4a01e6b;12.3;27.27069168;SELL
2016-03-24T00:44:41.000000;2016-03-24T00:44:41.380000;d4fa6649-130a-43e7-accf-94385237e067;12.3;3.86762441;SELL
2016-03-24T00:44:42.000000;2016-03-24T00:44:42.353000;02a2da97-c547-4e50-b9b8-e2ba0f1ec4ae;12.3;19.76515028;SELL
2016-03-24T00:44:44.000000;2016-03-24T00:44:44.547000;71e6c674-383b-4e7b-9e66-109066a0c499;12.255;2.196792;SELL
2016-03-24T00:44:46.000000;2016-03-24T00:44:46.727000;63ee8b4c-0a4e-4f54-bae2-71247dc1b39c;12.236;5.3087494;SELL
2016-03-24T00:45:26.000000;2016-03-24T00:45:26.250000;59b4aa70-56d9-47a2-b21f-e47ac2d0b7bc;12.212;0.55056;SELL
2016-03-24T00:45:34.000000;2016-03-24T00:45:34.320000;e02415cc-b887-4ad2-9d04-cc9055d70aa2;12.208;0.55414222;SELL
2016-03-24T00:45:40.000000;2016-03-24T00:45:41.743000;da83756a-885d-4f56-8551-75b192ffa05d;12.183;0.55414222;SELL
2016-03-24T00:45:40.000000;2016-03-24T00:45:41.760000;33cec826-a36c-4d0e-a19d-151fed191fd6;12.172;0.55414222;SELL
2016-03-24T00:45:40.000000;2016-03-24T00:45:41.770000;cf81f19e-09bc-41b2-aba7-655ffb7fbe6f;12.159;0.55414222;SELL
2016-03-24T00:45:40.000000;2016-03-24T00:45:41.800000;92f741d2-49f1-4584-b6c9-41a93a6dd4e8;12.155;10.895468;SELL
2016-03-24T00:45:40.000000;2016-03-24T00:45:41.800000;bb6847b7-8ef8-4f88-ac7a-047f84eaa59f;12.15;0.5489;SELL
2016-03-24T00:45:40.000000;2016-03-24T00:45:41.803000;9e51a8dc-b6c7-499b-b11b-3618ae192454;12.13;0.55414222;SELL
2016-03-24T00:45:40.000000;2016-03-24T00:45:41.803000;2a9571e9-6cc6-4fdf-9453-464c87ee3d6d;12.117;0.55414222;SELL
2016-03-24T00:45:40.000000;2016-03-24T00:45:41.807000;9391b731-0923-4bca-94ee-cb38904868b4;12.115;40.8703;SELL
2016-03-24T00:45:40.000000;2016-03-24T00:45:41.837000;fb266f4a-5c77-4de9-9e8a-8f766f292ff9;12.105;0.55414222;SELL
2016-03-24T00:45:40.000000;2016-03-24T00:45:41.837000;4efb9ffb-e33f-4d63-bd3c-437e03ad7367;12.101;0.55056;SELL
2016-03-24T00:45:40.000000;2016-03-24T00:45:41.837000;e97620cc-3f43-4cfb-bd5e-fbbe02b252e9;12.084;0.55414222;SELL
2016-03-24T00:45:40.000000;2016-03-24T00:45:41.837000;62accc60-cdbe-45fb-9579-4c26f99bada8;12.026;69.21;SELL
2016-03-24T00:45:40.000000;2016-03-24T00:45:41.837000;cd5f1c58-fb3d-48ea-bfb8-7b4b8a26577e;12.024;35.54866443;SELL
2016-03-24T00:45:47.000000;2016-03-24T00:45:48.280000;5bf6f5c2-ffa6-4124-b979-c425c6cb9a1a;12.121;4.995;SELL
2016-03-24T00:47:13.000000;2016-03-24T00:47:14.013000;eca400f9-23fc-4af8-9e95-49bb801a1201;12.107;2.0;SELL
2016-03-24T00:48:57.000000;2016-03-24T00:48:57.557000;e001752d-3bab-4356-aac5-640cb0ee4e07;12.1;10.0;SELL
2016-03-24T00:50:20.000000;2016-03-24T00:50:20.410000;5554833a-f426-4489-ba1e-00b0ed363c31;12.099;5.23843844;BUY
2016-03-24T00:50:25.000000;2016-03-24T00:50:25.237000;f88580a5-859a-4e06-b5f2-8e085b8f9183;12.099;14.1059937;BUY
2016-03-24T00:50:25.000000;2016-03-24T00:50:25.943000;9e25d724-cd8d-47f3-9552-6d42053ffb77;12.099;25.65556786;BUY
2016-03-24T00:51:25.000000;2016-03-24T00:51:25.907000;f5fac611-4bd2-4240-9e97-a2261f94037f;12.104;7.0;SELL
2016-03-24T00:51:25.000000;2016-03-24T00:51:25.913000;b3ba3c8b-1545-400f-b4f4-9f5d49673c1c;12.103;0.31108934;SELL
2016-03-24T00:51:29.000000;2016-03-24T00:51:29.600000;6f066496-7550-4b7c-a39a-d2af0714bf84;12.104;2.0;SELL
2016-03-24T00:51:29.000000;2016-03-24T00:51:29.613000;2ca8e8af-4354-4b57-b743-00d39d458cec;12.103;5.0;SELL
2016-03-24T00:51:42.000000;2016-03-24T00:51:42.277000;ce831392-9e6b-44cb-8b25-ea647e93a8c4;12.104;0.4;SELL
2016-03-24T00:51:42.000000;2016-03-24T00:51:42.283000;7fc078f7-79ff-4cff-a453-e2f0a3417b0b;12.103;2.0;SELL
2016-03-24T00:52:49.000000;2016-03-24T00:52:49.853000;f4b28ce0-c29f-4b84-b643-338a3c426af5;12.1;10.0;SELL
2016-03-24T00:53:30.000000;2016-03-24T00:53:30.587000;eb542dfd-c928-4779-bbc7-82424c03912d;12.103;3.2974975;BUY
2016-03-24T00:57:06.000000;2016-03-24T00:57:06.480000;e7074eae-0709-45bd-b5c5-b9a306393672;12.077;40.8471;SELL
2016-03-24T00:57:06.000000;2016-03-24T00:57:06.483000;dd594cd0-5434-4908-ac97-916b7d6c7cbb;12.051;45.0;SELL
2016-03-24T00:57:06.000000;2016-03-24T00:57:06.493000;4683b449-aa4c-4c79-8047-b26ef09e49ed;12.051;27.21172719;SELL
2016-03-24T00:57:06.000000;2016-03-24T00:57:06.520000;87c36c11-28c7-4004-9ed4-9d92a864b1c7;12.051;10.574364;SELL
2016-03-24T00:57:06.000000;2016-03-24T00:57:06.520000;e2e76a26-7d4d-4e86-82ab-481df77b6479;12.05;10.0;SELL
2016-03-24T00:57:06.000000;2016-03-24T00:57:06.520000;324dc508-cbbe-4714-b85c-a99054c3a019;12.03;2.236573;SELL
2016-03-24T00:57:06.000000;2016-03-24T00:57:06.520000;75205662-48ba-42b4-8d3e-2e19a1d1e051;12.022;0.55414222;SELL
2016-03-24T00:57:06.000000;2016-03-24T00:57:06.520000;7610aaed-68e0-435d-bcd6-84c041e66442;12.006;0.55414222;SELL
2016-03-24T00:57:16.000000;2016-03-24T00:57:16.943000;32fb1c77-7e97-4ea4-9a3f-e0b8d87a5a10;12.057;2.1;SELL
2016-03-24T00:57:16.000000;2016-03-24T00:57:16.950000;f4b1c3b1-fd61-4c23-b186-7b866b42543e;12.056;39.099;SELL
2016-03-24T01:02:49.000000;2016-03-24T01:02:49.870000;b89b2a42-4d2e-45f0-be3d-100f94d5d822;12.0;0.46172301;SELL
2016-03-24T01:02:50.000000;2016-03-24T01:02:50.430000;d7487b9c-7dec-4f5d-a678-cbacdfafe1c7;12.0;9.53827699;SELL
2016-03-24T01:02:50.000000;2016-03-24T01:02:50.440000;5badcfa5-2884-41bc-a9f3-695867b580b8;12.0;0.20568374;SELL
2016-03-24T01:02:50.000000;2016-03-24T01:02:50.450000;eaab999f-3ff2-431e-ac77-a2e75887f7e9;11.994;0.55414222;SELL
2016-03-24T01:02:50.000000;2016-03-24T01:02:50.477000;87e149cf-0204-4fda-9ce5-6a336711dd05;11.993;0.55029007;SELL
2016-03-24T01:03:51.000000;2016-03-24T01:03:51.100000;cf2c7cc4-d2d1-4c43-b332-44617815a971;11.993;0.00026993;SELL
2016-03-24T01:03:51.000000;2016-03-24T01:03:51.110000;b378d9bf-754f-4f46-bc80-970d2c8278e8;11.983;0.55387229;SELL
2016-03-24T01:03:51.000000;2016-03-24T01:03:51.717000;0fa94945-77bb-4003-b3e2-e66268ab92bd;11.983;0.00026993;SELL
2016-03-24T01:03:58.000000;2016-03-24T01:03:58.653000;d4d4e06a-a321-4f8a-be73-dbc4a6c8f662;11.973;0.55414222;SELL
2016-03-24T01:03:58.000000;2016-03-24T01:03:58.667000;ddf20957-17e0-42a9-8f23-3fd887c8079c;11.967;0.34585778;SELL
2016-03-24T01:04:06.000000;2016-03-24T01:04:07.047000;ec8eca33-a523-443c-af9c-1e1ddc7464f4;11.967;0.20828444;SELL
2016-03-24T01:04:06.000000;2016-03-24T01:04:07.053000;6ac49c18-be7f-44b4-90a0-86c5b1fcede8;11.948;0.55056;SELL
2016-03-24T01:04:06.000000;2016-03-24T01:04:07.063000;1dd20d3e-b526-4d24-9ef6-92085b1c7827;11.94;20.0;SELL
2016-03-24T01:04:06.000000;2016-03-24T01:04:07.090000;45a1b074-67f2-443e-8264-b60e17ebdd42;11.94;8.372608;SELL
2016-03-24T01:04:06.000000;2016-03-24T01:04:07.090000;810ae3c0-c564-49d2-aead-d8db1e75a2fb;11.929;0.55414222;SELL
2016-03-24T01:04:06.000000;2016-03-24T01:04:07.097000;8745f853-aec2-46ea-b771-1790e3e50812;11.919;0.55414222;SELL
2016-03-24T01:04:06.000000;2016-03-24T01:04:07.130000;97b91c71-ec4e-43ae-ae26-a87856d4577b;11.917;2.244461;SELL
2016-03-24T01:04:06.000000;2016-03-24T01:04:07.130000;85c3468a-8297-46a1-822e-60c9aef0a1e1;11.907;41.7477;SELL
2016-03-24T01:04:06.000000;2016-03-24T01:04:07.130000;f05cb74f-9957-49a6-8aac-6bf973aea2fd;11.9;10.0;SELL
2016-03-24T01:04:06.000000;2016-03-24T01:04:07.130000;f2dd8786-925b-43d3-9035-4a9bef01a68c;11.898;0.55056;SELL
2016-03-24T01:04:06.000000;2016-03-24T01:04:07.130000;38a34062-0547-47ae-932e-cf5bb9c6c605;11.893;0.55414222;SELL
2016-03-24T01:04:06.000000;2016-03-24T01:04:07.130000;b50f301a-9b3e-4847-8a28-00c0b43086f1;11.879;0.55414222;SELL
2016-03-24T01:04:06.000000;2016-03-24T01:04:07.167000;58e20dc6-1563-47e0-b2f3-354d3df97f97;11.867;2.5;SELL
2016-03-24T01:04:06.000000;2016-03-24T01:04:07.167000;e8f4f3aa-5071-4248-a23c-5fe171cb8568;11.857;0.55414222;SELL
2016-03-24T01:04:06.000000;2016-03-24T01:04:07.167000;4f090f7c-584f-4e6f-968f-ba2801ce770d;11.846;0.55414222;SELL
2016-03-24T01:04:06.000000;2016-03-24T01:04:07.197000;51e12abd-c5d5-48c3-97cc-e5515994d26a;11.838;0.55414222;SELL
2016-03-24T01:04:06.000000;2016-03-24T01:04:07.217000;2992281a-c68d-4e7b-ac0f-68101124b2b2;11.831;0.55414222;SELL
2016-03-24T01:04:06.000000;2016-03-24T01:04:07.220000;f4a97db5-d36c-450c-b75e-4d3f5457c548;11.83;2.4393;SELL
2016-03-24T01:04:06.000000;2016-03-24T01:04:07.257000;8c996389-dd5c-424f-be73-192aead9bace;11.825;6.9533888;SELL
2016-03-24T01:04:13.000000;2016-03-24T01:04:13.487000;e9984756-260e-4f1b-ac8e-3c9d90e490a5;11.87;19.82682069;SELL
2016-03-24T01:04:13.000000;2016-03-24T01:04:13.490000;8a5e3e41-4492-4fae-b9cb-87a54c683d50;11.87;41.2834;SELL
2016-03-24T01:04:13.000000;2016-03-24T01:04:13.493000;501c65af-5d71-44a9-a1ba-cc71877ab608;11.869;2.259555;SELL
2016-03-24T01:04:13.000000;2016-03-24T01:04:13.530000;62380af6-503c-47fe-a6b4-81ffba83289a;11.828;1.50762431;SELL
2016-03-24T01:04:31.000000;2016-03-24T01:04:31.230000;9eb57624-6f07-4539-a5df-22c87f0e4095;11.969;0.5;BUY
2016-03-24T01:05:31.000000;2016-03-24T01:05:31.087000;7ed99993-1c71-495d-a2d3-cb936678b4dd;11.963;0.5;BUY
2016-03-24T01:06:32.000000;2016-03-24T01:06:32.953000;29082fb5-5980-42ad-ba4c-17e0be355ae8;11.955;0.5;BUY
2016-03-24T01:07:31.000000;2016-03-24T01:07:31.113000;467b19a9-0793-4503-b7c4-3045d78802ef;11.955;0.5;BUY
2016-03-24T01:08:15.000000;2016-03-24T01:08:15.963000;80e29287-953d-4979-9050-23091e23ed35;11.954;11.5;BUY
2016-03-24T01:08:15.000000;2016-03-24T01:08:15.977000;6aca9411-ff5a-4090-906a-8c0eb459eeb1;11.955;40.7502;BUY
2016-03-24T01:08:15.000000;2016-03-24T01:08:15.983000;0d0103c6-529b-414e-8b40-dd7b1cc937c8;11.955;2.0;BUY
2016-03-24T01:08:15.000000;2016-03-24T01:08:16.017000;a3b66324-3c23-42c2-a7d5-c53ab8a0215b;11.955;25.7498;BUY
2016-03-24T01:08:30.000000;2016-03-24T01:08:30.840000;ee8c5d84-a724-4e5c-adf8-26afc182b59d;11.954;0.5;BUY
2016-03-24T01:08:39.000000;2016-03-24T01:08:39.527000;0510886b-bd86-4988-80de-51859603f7f8;11.954;40.0;BUY
2016-03-24T01:08:46.000000;2016-03-24T01:08:46.807000;bfebdd9b-cb6f-4855-ac10-badd7a4c104c;11.954;40.0;BUY
2016-03-24T01:08:57.000000;2016-03-24T01:08:57.357000;9bce7014-dc0b-43bd-80cc-462ef228172d;11.954;40.0;BUY
2016-03-24T01:09:09.000000;2016-03-24T01:09:09.613000;20bcf04e-9dcb-46f3-9ef5-e90df795eb5c;11.955;19.2502;BUY
2016-03-24T01:09:11.000000;2016-03-24T01:09:11.603000;a8698102-2a60-4b9a-b8c7-c5a510fa27ad;11.97;0.55414222;BUY
2016-03-24T01:09:11.000000;2016-03-24T01:09:11.610000;7b46cca7-f062-4595-9ba3-1d9d97d2122a;11.97;0.55441215;BUY
2016-03-24T01:09:11.000000;2016-03-24T01:09:11.627000;0962fbf1-fac8-4f71-adb8-dcaedfd3cc58;11.97;0.55441215;BUY
2016-03-24T01:09:11.000000;2016-03-24T01:09:11.647000;6bb4b181-76f7-4ce7-ac97-480295bb3315;11.97;0.55441215;BUY
2016-03-24T01:09:11.000000;2016-03-24T01:09:11.647000;0b3a46be-1726-49c2-a347-7f726583b5b4;11.97;0.55441215;BUY
2016-03-24T01:09:11.000000;2016-03-24T01:09:11.647000;f7c45ccd-4a00-459e-8a13-da2022a0b542;11.97;0.55441215;BUY
2016-03-24T01:09:11.000000;2016-03-24T01:09:11.650000;95b3ffaa-601f-487e-822e-c9df5eac5dc9;11.999;6.3578358;BUY
2016-03-24T01:09:23.000000;2016-03-24T01:09:23.133000;00a744e8-a6e5-4753-87cc-f176901c3e36;11.901;17.08013427;SELL
2016-03-24T01:20:06.000000;2016-03-24T01:20:07.023000;b4ebefad-0d33-440a-9732-82d1a452d36a;12.105;1.65306218;SELL
2016-03-24T01:20:06.000000;2016-03-24T01:20:07.043000;5cf10f02-59ce-4048-9281-947f83c7d8ec;12.104;2.270747;SELL
2016-03-24T01:20:22.000000;2016-03-24T01:20:22.663000;24b6278e-2fc7-4028-b267-c387f72536d8;12.096;0.55056;SELL
2016-03-24T01:20:22.000000;2016-03-24T01:20:22.680000;e8e02e37-2294-4985-9b7a-2d97011106b8;12.095;40.6333;SELL
2016-03-24T01:20:22.000000;2016-03-24T01:20:22.687000;dfc5bf02-1be2-46ee-afb3-075a079fe03f;12.095;9.2043;SELL
2016-03-24T01:23:14.000000;2016-03-24T01:23:14.307000;680dfbea-9c9a-4c26-9fda-069af3a64457;12.097;9.55435227;BUY
2016-03-24T01:23:15.000000;2016-03-24T01:23:15.763000;70c05574-dec0-46c6-8f22-05b7e289bd5f;12.097;0.34978946;BUY
2016-03-24T01:23:26.000000;2016-03-24T01:23:26.863000;daab912a-cbf7-4d2e-92fa-cf9f47ea5f93;12.097;0.09585827;BUY
2016-03-24T01:23:26.000000;2016-03-24T01:23:26.877000;4c02a54a-a76f-4c08-ad63-0c6dea0275ca;12.097;2.33757516;BUY
2016-03-24T01:23:27.000000;2016-03-24T01:23:27.220000;0a185f55-f4cb-4766-9224-c5388f251323;12.097;2.66266231;BUY
2016-03-24T01:23:29.000000;2016-03-24T01:23:29.313000;81650c58-2b9e-49d6-b812-0fb970ef2eb6;12.097;2.61261261;BUY
2016-03-24T01:23:31.000000;2016-03-24T01:23:31.090000;e4e262c0-b16c-4a7c-a401-cdc5c18d236e;12.097;0.5005005;BUY
2016-03-24T01:23:33.000000;2016-03-24T01:23:33.430000;fb7f94e4-7f84-4015-8e38-efd90dcaa7bb;12.097;1.88664942;BUY
2016-03-24T01:35:40.000000;2016-03-24T01:35:40.650000;cf3ae775-747c-45dd-b024-ba6784f13176;12.112;1.88664942;SELL
2016-03-24T01:36:28.000000;2016-03-24T01:36:28.383000;90d2b482-dca6-4249-809c-ac7ff1b5e98e;12.098;3.11311311;SELL
2016-03-24T01:36:32.000000;2016-03-24T01:36:32.820000;95fd5591-4ad5-4b47-8562-b82501e46660;12.075;3.92912526;SELL
2016-03-24T01:38:16.000000;2016-03-24T01:38:16.087000;a67a9f39-dc3c-491d-8274-e9aa84af1824;12.075;9.08615611;SELL
2016-03-24T01:38:16.000000;2016-03-24T01:38:16.097000;cdf3d803-1f2a-43c5-a396-54b0f4ad9de4;12.075;17.30259341;SELL
2016-03-24T01:46:31.000000;2016-03-24T01:46:31.173000;293d36ef-f820-41f6-b22f-6e0be5a3039c;11.979;1.0;BUY
2016-03-24T01:47:43.000000;2016-03-24T01:47:43.917000;6f1e0432-54a4-4754-bfc1-7ab906fd014b;11.919;0.99999332;SELL
2016-03-24T01:48:02.000000;2016-03-24T01:48:02.513000;0d2c1b96-ab82-4757-86aa-f9d02c007cb2;11.98;40.0;BUY
2016-03-24T01:48:32.000000;2016-03-24T01:48:32.590000;51bfca78-26b1-4cab-90a5-a4f16c45a05b;11.978;40.0;BUY
2016-03-24T01:48:37.000000;2016-03-24T01:48:37.433000;5910bb90-a08e-4a2b-83ad-b58551f45e40;11.976;40.0;BUY
2016-03-24T01:49:03.000000;2016-03-24T01:49:03.953000;37dd6077-3c32-4a73-93bc-e55be4eda4fa;11.979;40.0;BUY
2016-03-24T01:49:11.000000;2016-03-24T01:49:11.437000;4f15e286-cfb9-45eb-bc5d-64d58f6b0120;11.979;5.0;BUY
2016-03-24T01:49:11.000000;2016-03-24T01:49:11.443000;167873a2-0f36-4fb4-bcaa-8d9bced77eea;11.979;35.0;BUY
2016-03-24T01:50:16.000000;2016-03-24T01:50:16.727000;fc75ca78-ecdc-40be-9de6-0a3251f09278;11.984;1.0;SELL
2016-03-24T01:52:01.000000;2016-03-24T01:52:01.817000;01571967-114b-4b2f-8bc1-390a86c7b164;11.928;2.246885;SELL
2016-03-24T01:52:02.000000;2016-03-24T01:52:02.950000;8f0e0bc1-a232-432b-a7cf-6a8a76b54489;11.901;22.012235;SELL
2016-03-24T01:52:04.000000;2016-03-24T01:52:04.350000;d1ad21ae-b187-41a6-a7c4-a796fa32f8f5;11.901;22.987765;SELL
2016-03-24T01:52:04.000000;2016-03-24T01:52:04.353000;a4f351e9-0e97-466a-a16c-aba04255b296;11.901;5.34807326;SELL
2016-03-24T01:52:04.000000;2016-03-24T01:52:04.627000;614196ad-7f26-457f-9b8c-8ff5e9a59ce4;11.901;5.09296774;SELL
2016-03-24T01:52:04.000000;2016-03-24T01:52:05.160000;c7397dbf-cc61-49be-9c3c-475306224a8d;11.901;0.13036222;BUY
2016-03-24T01:52:07.000000;2016-03-24T01:52:07.817000;41cf788a-0327-43b3-b8f0-df657e4911e1;11.9;24.12875778;SELL
2016-03-24T01:52:08.000000;2016-03-24T01:52:08.423000;be70ac94-2b28-4633-b026-befd5ef12fb8;11.9;14.21749008;SELL
2016-03-24T01:52:08.000000;2016-03-24T01:52:08.440000;b82a88c6-a358-4c08-9f08-3d8fd5633eed;11.9;1.85445523;SELL
2016-03-24T01:52:08.000000;2016-03-24T01:52:08.830000;eb5435a1-d928-4475-a342-d0ffef19e736;11.901;29.44063164;BUY
2016-03-24T01:52:10.000000;2016-03-24T01:52:10.083000;fe6d8d0d-c4cd-49fc-bb60-64bf89f3e641;11.994;0.54756555;BUY
2016-03-24T01:52:10.000000;2016-03-24T01:52:10.097000;cdadca73-dbc3-435b-811d-a95281bfc0a1;11.995;7.95243445;BUY
2016-03-24T01:52:10.000000;2016-03-24T01:52:10.547000;731d9115-f086-42d1-8c38-999b6117041c;11.951;10.75936836;SELL
2016-03-24T01:52:20.000000;2016-03-24T01:52:20.727000;8c7ed9f4-211d-49ae-af33-8938dd2c694b;11.9;7.53363353;SELL
2016-03-24T01:52:24.000000;2016-03-24T01:52:25.003000;d55a3e3d-7783-423a-90e3-89f297d2ce6e;11.942;1.0;BUY
2016-03-24T01:52:25.000000;2016-03-24T01:52:25.400000;fdafd13c-d371-4939-b352-50aad80cc764;11.9;7.5411747;SELL
2016-03-24T01:52:25.000000;2016-03-24T01:52:25.460000;b41c7089-882b-485a-8aff-8a4b79ab4b05;11.9;1.29490523;SELL
2016-03-24T01:52:25.000000;2016-03-24T01:52:25.837000;274df7f0-55a1-4874-84f2-9373cb71ab43;11.9;10.60302936;SELL
2016-03-24T01:52:30.000000;2016-03-24T01:52:30.980000;58cf1694-8f6b-4ed9-9525-b906d3fdf1b5;11.936;1.0;BUY
2016-03-24T01:52:44.000000;2016-03-24T01:52:44.427000;bbea8818-0ff0-4570-aba6-09544f5a8957;11.9;8.44216722;SELL
2016-03-24T01:52:45.000000;2016-03-24T01:52:45.650000;a6f1bf08-075d-4323-b554-9b391f93d24e;11.9;6.97531497;SELL
2016-03-24T01:52:46.000000;2016-03-24T01:52:46.193000;d4bede00-866a-48f9-8692-5bb2e53a3a23;11.9;16.95335906;SELL
2016-03-24T01:52:46.000000;2016-03-24T01:52:46.923000;1b1f5982-64cd-4da6-b715-b1d01a169ed5;11.9;6.72329163;SELL
2016-03-24T01:52:46.000000;2016-03-24T01:52:46.943000;1c053b9f-8c6b-475d-8327-a49db93c64fc;11.9;0.87695126;SELL
2016-03-24T01:52:47.000000;2016-03-24T01:52:47.610000;d0df95b5-3fdd-4124-aaaa-d48dbf4e311b;11.9;7.22346752;SELL
2016-03-24T01:52:49.000000;2016-03-24T01:52:49.430000;49a047ae-8c5f-4d80-82b0-1a0662f19511;11.9;6.35014878;SELL
2016-03-24T01:52:49.000000;2016-03-24T01:52:50.027000;b2adaeef-8d95-45a4-8289-3cd9799ba950;11.9;12.19116178;SELL
2016-03-24T01:52:50.000000;2016-03-24T01:52:51.017000;ba601417-30da-46ff-824b-7ac36883ad4d;11.9;4.98472007;SELL
2016-03-24T01:52:52.000000;2016-03-24T01:52:52.707000;aa75e88b-2eb2-400d-b07a-fd306657087e;11.9;0.89873145;SELL
2016-03-24T01:52:52.000000;2016-03-24T01:52:52.887000;7fa609eb-1a20-45e1-aed1-a244c90b05e5;11.9;20.96750999;SELL
2016-03-24T01:52:52.000000;2016-03-24T01:52:52.907000;1043f7ed-b872-4dd4-b26a-1013be2a68c8;11.9;2.7348926;SELL
2016-03-24T01:52:52.000000;2016-03-24T01:52:52.970000;e0518f9a-e8b3-4db3-80c1-64e0d8dd7caa;11.9;6.89027445;SELL
2016-03-24T01:52:52.000000;2016-03-24T01:52:53.123000;7f14f937-b5e6-46ac-84da-80c507382775;11.9;0.35672512;SELL
2016-03-24T01:52:53.000000;2016-03-24T01:52:53.263000;adab8777-2e68-48fb-a5cc-5a625098d7ed;11.9;14.70404892;SELL
2016-03-24T01:52:54.000000;2016-03-24T01:52:54.680000;2ee0548a-dbe2-4d90-85d9-80b1104fea6d;11.9;3.92524247;SELL
2016-03-24T01:52:54.000000;2016-03-24T01:52:55.003000;a5a75924-29ce-4ca1-b0e7-0e2f042af20b;11.9;4.88018462;SELL
2016-03-24T01:52:55.000000;2016-03-24T01:52:55.263000;4b10c0e8-375a-4475-94ec-b9c64f9ecf83;11.9;0.63654582;SELL
2016-03-24T01:52:55.000000;2016-03-24T01:52:55.610000;baaefe43-523b-46d2-b635-590e2de176f8;11.9;2.78594527;SELL
2016-03-24T01:52:55.000000;2016-03-24T01:52:55.653000;2027ac37-56a0-4039-af14-41e18e51a4f8;11.9;4.34367109;SELL
2016-03-24T01:53:07.000000;2016-03-24T01:53:07.707000;c3c709a4-9eb1-4cda-8e11-2cfd92287cce;11.892;2.496;BUY
2016-03-24T01:53:24.000000;2016-03-24T01:53:24.640000;b5d07630-15ca-479a-90d4-a130f4720096;11.848;1.525;BUY
2016-03-24T01:53:30.000000;2016-03-24T01:53:30.107000;ed923dc2-dd10-4ae8-852a-ad3ca7cb55d6;11.848;40.45;BUY
2016-03-24T01:53:31.000000;2016-03-24T01:53:31.333000;b7d33c29-778a-47b5-b33c-3b7cbedd4ec0;11.848;1.0;BUY
2016-03-24T01:53:39.000000;2016-03-24T01:53:39.093000;8b4b9440-9019-4356-8e16-7e4fb15e6019;11.849;0.27442;BUY
2016-03-24T01:53:39.000000;2016-03-24T01:53:39.103000;727756e0-e3a0-47ec-a30b-9e7fecdc421d;11.878;29.37858;BUY
2016-03-24T01:53:53.000000;2016-03-24T01:53:53.747000;4395d90e-ec8b-4dea-90cb-346379900fcd;11.876;40.0;BUY
2016-03-24T01:54:23.000000;2016-03-24T01:54:24.003000;5f99f9d2-984d-4336-9bac-28c99a667ee5;11.848;40.0;BUY
2016-03-24T01:54:37.000000;2016-03-24T01:54:37.150000;12b83397-fe81-48e0-80c1-c387636c72e2;11.848;5.0;BUY
2016-03-24T01:54:37.000000;2016-03-24T01:54:37.157000;cd6c5ced-e548-49a1-8947-24cf79acf658;11.848;35.0;BUY
2016-03-24T01:54:50.000000;2016-03-24T01:54:50.233000;5ee106dc-d600-4808-bdf1-0fa205ff9fa2;11.866;40.0;BUY
2016-03-24T01:55:44.000000;2016-03-24T01:55:44.373000;229aefcc-94f4-42bb-b66d-bae37123904e;11.821;0.54759084;SELL
2016-03-24T01:55:44.000000;2016-03-24T01:55:44.470000;3517cf95-4cce-4a8d-9a9b-b284bc3cf9eb;11.821;0.00655138;SELL
2016-03-24T01:55:44.000000;2016-03-24T01:55:44.543000;8567fe29-a492-44f6-8f33-9ca563610eaf;11.82;14.41439244;SELL
2016-03-24T01:55:46.000000;2016-03-24T01:55:46.303000;9d84f5a8-5420-4bd8-ba89-312b9842a5b2;11.82;7.98399434;SELL
2016-03-24T01:55:54.000000;2016-03-24T01:55:54.427000;5f825a15-d136-4ce2-a4a9-e682f608e5a6;11.82;1.53776103;SELL
2016-03-24T01:55:55.000000;2016-03-24T01:55:55.937000;3fbf6bf0-01c3-4198-8c81-791a5b9d9cd0;11.82;0.35;SELL
2016-03-24T01:55:56.000000;2016-03-24T01:55:56.203000;59afde41-f034-4f19-86d5-c20eff97d40a;11.82;10.13806227;SELL
2016-03-24T01:55:56.000000;2016-03-24T01:55:56.967000;1f341428-b4a9-4f08-86ca-b4387ec71762;11.82;11.171063;SELL
2016-03-24T01:55:56.000000;2016-03-24T01:55:56.983000;2331e04f-0455-43ed-8e04-3ee4a5ef582e;11.82;10.0259;SELL
2016-03-24T01:55:57.000000;2016-03-24T01:55:57.373000;b3846fd4-b906-4c41-b77b-e11845a6ab76;11.82;4.37882692;SELL
2016-03-24T01:56:03.000000;2016-03-24T01:56:03.657000;8da41b84-b356-436b-958b-89a75701ab05;11.805;0.44385241;SELL
2016-03-24T01:56:03.000000;2016-03-24T01:56:03.847000;4f9e5d88-8565-4ff8-ad28-dd2531a332a1;11.805;0.11028981;SELL
2016-03-24T01:56:05.000000;2016-03-24T01:56:05.200000;6d8bf507-f8fd-4671-8e43-1a4f2bc844e7;11.8;0.89819437;SELL
2016-03-24T01:56:06.000000;2016-03-24T01:56:06.073000;9c858084-33d3-43a3-881b-776b60839751;11.8;19.16890563;SELL
2016-03-24T01:56:06.000000;2016-03-24T01:56:06.080000;c6fe80aa-6fbc-429b-a973-ae7e9f0b072e;11.792;0.55414222;SELL
2016-03-24T01:56:08.000000;2016-03-24T01:56:09.167000;0b168605-036e-4ca4-ae7b-51bacc18bf76;11.784;0.55414137;SELL
2016-03-24T01:56:08.000000;2016-03-24T01:56:09.210000;11266452-9cb9-4132-a340-457ad8d8ff73;11.777;0.55414159;SELL
2016-03-24T01:56:14.000000;2016-03-24T01:56:14.363000;af9ea9f8-ce23-4ffa-8074-bfca814f6b9f;11.76;1.54560259;SELL
2016-03-24T01:56:14.000000;2016-03-24T01:56:14.457000;2407bfe7-dc17-4c59-846c-89069fb93245;11.76;1.32619512;SELL
2016-03-24T01:56:20.000000;2016-03-24T01:56:20.660000;fac2751b-5fec-413b-8e3d-8759979610e3;11.76;1.54560259;SELL
2016-03-24T01:56:25.000000;2016-03-24T01:56:25.907000;2e4589ea-a270-4a12-aa03-9c202eb84c9c;11.76;1.54560259;SELL
2016-03-24T01:56:27.000000;2016-03-24T01:56:27.367000;8774bb79-55c3-4d34-b64c-f35ae3774cd8;11.785;42.145;BUY
2016-03-24T01:56:35.000000;2016-03-24T01:56:35.503000;a583ddcd-caae-4007-8cc8-1aab90e9ba23;11.76;54.03699711;SELL
2016-03-24T01:56:39.000000;2016-03-24T01:56:39.247000;f532806d-241e-4651-a2d6-d5a3519fd28c;11.758;42.0692;BUY
2016-03-24T01:56:39.000000;2016-03-24T01:56:39.253000;ad6b03f5-179b-4370-9fae-1143da0274f2;11.759;11.9668;BUY
2016-03-24T01:56:45.000000;2016-03-24T01:56:45.870000;d2d28d19-dcfc-4a6f-b388-cb422e6b053c;11.756;0.55414154;SELL
2016-03-24T01:56:45.000000;2016-03-24T01:56:45.947000;29b2908c-2f75-4020-a9ca-d354bcec6130;11.75;6.35025921;SELL
2016-03-24T01:56:51.000000;2016-03-24T01:56:51.307000;2939128f-3efc-4cbe-8890-5d66c3d70d54;11.75;16.96598899;SELL
2016-03-24T01:56:51.000000;2016-03-24T01:56:51.497000;b79100a9-20c9-4098-afe4-d14502620b81;11.75;1.85429849;SELL
2016-03-24T01:56:52.000000;2016-03-24T01:56:52.430000;a97ace05-27e1-4ad7-9823-a53b2b1bb5a6;11.75;69.82945331;SELL
2016-03-24T01:56:52.000000;2016-03-24T01:56:52.443000;b49a84b7-3322-4957-9e30-6416e67272d5;11.748;0.55414222;SELL
2016-03-24T01:56:54.000000;2016-03-24T01:56:54.987000;fd498711-4a3f-4c69-86cd-2f8725227523;11.7;3.70479148;SELL
2016-03-24T01:56:58.000000;2016-03-24T01:56:58.917000;d16c1291-fbda-4371-8cfb-f818eed96174;11.7;3.70452328;SELL
2016-03-24T01:57:07.000000;2016-03-24T01:57:07.233000;08181421-3524-44d0-9551-322a308426f3;11.733;2.094;BUY
2016-03-24T01:57:13.000000;2016-03-24T01:57:13.233000;5c0eb46b-68c9-4c8f-b986-3697ba7e4cba;11.7;2.59068524;SELL
2016-03-24T01:57:13.000000;2016-03-24T01:57:13.243000;33042ee1-1aab-467f-a698-f4754fe350b0;11.699;5.0;SELL
2016-03-24T01:57:18.000000;2016-03-24T01:57:18.470000;63e8d5ac-3655-4d0b-8717-41096aa81d5c;11.685;2.094;BUY
2016-03-24T01:57:23.000000;2016-03-24T01:57:24.057000;8c39392a-21e2-41f8-ad12-5165f6acf6f0;11.684;2.09480378;BUY
2016-03-24T01:57:23.000000;2016-03-24T01:57:24.063000;73f43528-e940-4619-8192-347712d96a70;11.684;42.42219622;BUY
2016-03-24T01:57:30.000000;2016-03-24T01:57:30.583000;adda863d-7f7e-42f6-b8b9-dcc4a9a91bf5;11.728;2.09645817;BUY
2016-03-24T01:57:30.000000;2016-03-24T01:57:30.593000;c9c3414b-04bc-4928-bccf-3b439a037622;11.729;42.42054183;BUY
2016-03-24T01:57:42.000000;2016-03-24T01:57:42.080000;9f71df1a-89cf-442e-853b-e31e8760596c;11.669;7.719;BUY
2016-03-24T01:57:53.000000;2016-03-24T01:57:53.177000;3d6a12ee-0967-4886-a2f1-4f982cecc76e;11.669;35.27;BUY
2016-03-24T01:57:57.000000;2016-03-24T01:57:57.567000;94d26446-33fe-4deb-b021-0d5dad3a680a;11.668;1.844;BUY
2016-03-24T01:58:07.000000;2016-03-24T01:58:07.317000;c59b787f-2ccd-43ef-9229-a0b4ab2f3442;11.668;41.097;BUY
2016-03-24T01:58:14.000000;2016-03-24T01:58:14.173000;ce36785d-e25d-48b0-b7c4-c6cc871403dd;11.666;1.5;BUY
2016-03-24T01:58:21.000000;2016-03-24T01:58:21.227000;8baba6f9-3047-4d47-81d4-8726a0374905;11.663;2.10673978;BUY
2016-03-24T01:58:21.000000;2016-03-24T01:58:21.237000;1e2b0746-f37d-4d10-83eb-023d1ac8fcec;11.663;2.89326022;BUY
2016-03-24T01:58:27.000000;2016-03-24T01:58:27.753000;c2e51a85-1357-4170-9caf-f4e4a4444f66;11.659;42.689;BUY
2016-03-24T01:58:40.000000;2016-03-24T01:58:40.413000;258b0e4e-f3ac-447c-a64a-f4c3a4ca3a4c;11.639;2.066;BUY
2016-03-24T01:58:46.000000;2016-03-24T01:58:46.067000;051505fc-25e0-4f7c-81c7-fea8b8df766a;11.639;0.68;BUY
2016-03-24T01:58:53.000000;2016-03-24T01:58:53.480000;49204b2e-e9d4-45c7-bd13-f9bf85b2062b;11.62;1.1852;BUY
2016-03-24T01:58:53.000000;2016-03-24T01:58:53.493000;f720c1b6-315d-4e08-b96d-66ab2d5abadd;11.639;8.3278;BUY
2016-03-24T01:59:00.000000;2016-03-24T01:59:00.270000;ab78bba6-1015-4e6f-ae5a-00d90266fea7;11.619;40.367;BUY
2016-03-24T01:59:06.000000;2016-03-24T01:59:06.820000;77c2ee54-4499-4059-8d67-c99ef9be5fe2;11.619;2.803;BUY
2016-03-24T01:59:13.000000;2016-03-24T01:59:13.570000;b874eb22-6cb8-4a60-a4f0-f96055c2f499;11.619;1.813;BUY
2016-03-24T01:59:22.000000;2016-03-24T01:59:22.353000;84231a62-369c-4792-97b5-e8687efc9209;11.619;0.031277;BUY
2016-03-24T01:59:22.000000;2016-03-24T01:59:22.367000;fee1390b-7ead-47ae-a267-946819fc32d1;11.62;1.184723;BUY
2016-03-24T01:59:38.000000;2016-03-24T01:59:38.810000;ae716b44-97be-4a72-b2aa-37a86fd4f7c8;11.62;0.000477;BUY
2016-03-24T01:59:38.000000;2016-03-24T01:59:38.820000;71db2ee6-8e69-4234-81e0-1fba15a4edf4;11.662;0.999523;BUY
2016-03-24T02:00:17.000000;2016-03-24T02:00:17.960000;6f458f5e-0737-4709-b57d-b24cf85ce2f9;11.659;40.0;BUY
2016-03-24T02:00:28.000000;2016-03-24T02:00:28.440000;1a8954ad-2ddf-4b20-a07a-13ee41c25859;11.657;40.0;BUY
2016-03-24T02:00:32.000000;2016-03-24T02:00:32.927000;ccc99a7f-29bf-4620-bfba-1be4f18cdde6;11.64;14.553;BUY
2016-03-24T02:00:35.000000;2016-03-24T02:00:35.817000;21c91875-0721-4d73-9cce-fc51087b0489;11.66;21.10974778;SELL
2016-03-24T02:01:11.000000;2016-03-24T02:01:11.767000;709167f0-60ec-42fb-b8dc-aa8541b4ee4a;11.64;13.75;BUY
2016-03-24T02:04:00.000000;2016-03-24T02:04:00.350000;ead1d88e-264d-41eb-8d0b-4bd59d77c899;11.589;45.0;BUY
2016-03-24T02:04:00.000000;2016-03-24T02:04:00.357000;401fa7e9-dec0-45e9-bc13-9f116fff4c84;11.59;8.7029;BUY
2016-03-24T02:04:06.000000;2016-03-24T02:04:06.417000;f119ce4b-d9ad-4c74-a0b5-ffd38f0daf71;11.643;2.330619;BUY
2016-03-24T02:05:49.000000;2016-03-24T02:05:49.717000;10dbd754-309a-4c4d-b9ca-c4d7d954ef44;11.748;1.0125;BUY
2016-03-24T02:08:43.000000;2016-03-24T02:08:43.953000;46040a24-49f7-44e0-abbb-71334ec83062;11.748;1.30396663;BUY
2016-03-24T02:12:57.000000;2016-03-24T02:12:57.803000;415722b0-866b-4673-8e69-78b9e1bd851f;11.744;8.75688312;SELL
2016-03-24T02:14:01.000000;2016-03-24T02:14:01.760000;30eb5532-9b89-42c2-a66a-79172a773cfb;11.748;0.00017937;BUY
2016-03-24T02:14:01.000000;2016-03-24T02:14:01.773000;2b24a526-05c3-455f-ba43-b405f21d7547;11.756;0.09982063;BUY
2016-03-24T02:14:05.000000;2016-03-24T02:14:05.647000;468082db-854b-4831-9639-a4efcf223dd3;11.74;4.99559;SELL
2016-03-24T02:14:05.000000;2016-03-24T02:14:05.657000;7393041e-ecd2-412c-b143-7ef551957f80;11.735;41.6887;SELL
2016-03-24T02:17:09.000000;2016-03-24T02:17:09.623000;40c06e1b-d0f8-404c-87bf-4d744cd8c225;11.7;80.6599;SELL
2016-03-24T02:17:11.000000;2016-03-24T02:17:11.473000;11a7bc07-a52d-4ecb-b3e7-3b0fda4b2519;11.7;1.30075938;SELL
2016-03-24T02:17:11.000000;2016-03-24T02:17:12.013000;12799d79-0cf0-4a96-aa82-1056e6449268;11.7;1.30075938;SELL
2016-03-24T02:17:13.000000;2016-03-24T02:17:13.783000;726f8d93-c38c-4d6a-8cf7-5023ae3e03a1;11.7;1.30075938;SELL
2016-03-24T02:17:13.000000;2016-03-24T02:17:13.850000;1a7ebba5-8e24-4e28-a866-d1f32973aa9e;11.7;5.99589232;SELL
2016-03-24T02:17:15.000000;2016-03-24T02:17:15.810000;7315406b-639b-4dbf-95db-a6b698c4355b;11.7;9.08182954;SELL
2016-03-24T02:17:18.000000;2016-03-24T02:17:19.067000;12274760-e545-4732-a061-dceec0044d45;11.679;3.45363558;SELL
2016-03-24T02:17:19.000000;2016-03-24T02:17:19.170000;99f53b0a-9a33-4692-b03c-ad6fd248a518;11.679;0.45047421;SELL
2016-03-24T02:17:21.000000;2016-03-24T02:17:21.647000;fe023c6c-7f56-4b50-bf21-386e477bc5dc;11.679;3.61765521;SELL
2016-03-24T02:17:59.000000;2016-03-24T02:17:59.467000;72a11df9-4392-4d8f-852a-0fead156161b;11.671;1.698;BUY
2016-03-24T02:18:30.000000;2016-03-24T02:18:30.907000;e1874fec-5101-490b-814d-a1661e7a5bef;11.65;17.87785487;SELL
2016-03-24T02:18:32.000000;2016-03-24T02:18:32.987000;2ef54b80-44de-4153-9008-d720472b306c;11.65;2.12214513;SELL
2016-03-24T02:21:17.000000;2016-03-24T02:21:17.167000;5b813a60-d193-4f9f-a1e9-b5acd6245272;11.6;11.60673047;SELL
2016-03-24T02:21:17.000000;2016-03-24T02:21:17.917000;37d62ce4-4499-43ba-9f6b-e6e36b870a35;11.6;4.8336036;SELL
2016-03-24T02:21:18.000000;2016-03-24T02:21:18.713000;83739dad-a057-4724-9760-4892c85f86f9;11.6;8.93370966;SELL
2016-03-24T02:21:19.000000;2016-03-24T02:21:19.547000;92e1402a-5334-4747-8b6b-7932e15fbd37;11.6;14.62595598;SELL
2016-03-24T02:22:30.000000;2016-03-24T02:22:30.790000;cf92ecad-4f9c-4618-a081-e27bca7e788c;11.596;1.0;BUY
2016-03-24T02:22:41.000000;2016-03-24T02:22:41.407000;e1f0f4c2-8922-4033-9535-d6a1d2b70c3b;11.596;5.79740279;BUY
2016-03-24T02:22:44.000000;2016-03-24T02:22:44.520000;f25aca57-ed7e-40d0-9fb1-986ad7342ad7;11.615;32.18006899;BUY
2016-03-24T02:23:30.000000;2016-03-24T02:23:30.980000;03d05986-70a7-42c7-9189-89f468de91a1;11.634;1.0;BUY
2016-03-24T02:24:32.000000;2016-03-24T02:24:32.220000;560603c2-e58d-4530-840e-4f652e8d4fb6;11.634;1.0;BUY
2016-03-24T02:24:34.000000;2016-03-24T02:24:34.617000;ed9ef49c-ca50-4f27-a7ae-d19d670b4eed;11.617;0.12214513;SELL
2016-03-24T02:25:29.000000;2016-03-24T02:25:29.603000;11065e7f-af4e-4a5f-98fa-b4eb886c96e7;11.634;40.0;BUY
2016-03-24T02:25:47.000000;2016-03-24T02:25:47.347000;4cc598c9-6439-464e-826a-6195b10e29bb;11.634;5.0;BUY
2016-03-24T02:25:53.000000;2016-03-24T02:25:54.020000;03ab44df-6d43-4674-a502-c1e02dbf0aa3;11.638;2.12214513;BUY
2016-03-24T02:25:56.000000;2016-03-24T02:25:56.763000;d0930b4a-a130-4d64-bce3-ec90b70ed044;11.657;1.35417224;BUY
2016-03-24T02:25:56.000000;2016-03-24T02:25:56.773000;705ed7c3-e154-43c2-b5d4-39097f95c780;11.657;4.24447946;BUY
2016-03-24T02:26:01.000000;2016-03-24T02:26:01.490000;986b04e8-1605-455c-b07b-bb03fc50d4b8;11.667;0.55000944;BUY
2016-03-24T02:26:05.000000;2016-03-24T02:26:05.393000;02e6070a-8025-427a-8a8a-b2aff77c0d72;11.682;0.38134248;BUY
2016-03-24T02:26:05.000000;2016-03-24T02:26:05.407000;caa3b5c7-69aa-4d4a-8290-e1b188bc5d9e;11.682;1.19935416;BUY
2016-03-24T02:26:18.000000;2016-03-24T02:26:18.130000;2b3f6882-109f-40d1-abad-98d33214bb3f;11.682;4.88577714;BUY
2016-03-24T02:26:23.000000;2016-03-24T02:26:23.640000;9584127c-76cb-4a65-890f-9d6e2f49c38e;11.682;2.99669824;BUY
2016-03-24T02:26:23.000000;2016-03-24T02:26:23.650000;ad5c4e90-cbcb-4657-9eec-372e232033e2;11.682;2.92362566;BUY
2016-03-24T02:27:19.000000;2016-03-24T02:27:19.257000;6faa5d8f-db19-4883-bd1e-18c66cb8922f;11.755;0.55000944;BUY
2016-03-24T02:27:19.000000;2016-03-24T02:27:19.270000;21343397-f88e-4a13-9318-8a0e487218d8;11.756;0.25017937;BUY
2016-03-24T02:27:19.000000;2016-03-24T02:27:19.280000;d10a8657-df5f-4859-8f24-1d0b2d71df8d;11.758;2.304998;BUY
2016-03-24T02:27:19.000000;2016-03-24T02:27:19.307000;c37d102c-afa7-4a96-9c14-3801affeb53a;11.799;1.44910944;BUY
2016-03-24T02:27:19.000000;2016-03-24T02:27:19.307000;d8b00ef4-78e7-4ff5-a196-f6488fde2535;11.8;1.5403674;BUY
2016-03-24T02:27:19.000000;2016-03-24T02:27:19.577000;7a928a5a-1b53-43e8-b1c9-0a3143c69efb;11.8;3.90533635;SELL
2016-03-24T02:28:33.000000;2016-03-24T02:28:33.473000;732dc3f7-56fc-4bac-b8eb-c116b1676995;11.799;9.61936273;BUY
2016-03-24T02:28:33.000000;2016-03-24T02:28:33.483000;ccd7e06a-fbfb-4c60-b747-4f2936584f0c;11.8;0.38063727;BUY
2016-03-24T02:51:11.000000;2016-03-24T02:51:11.820000;9dbf891d-9c0d-46bc-a6d2-5448ebc06240;11.76;1.0;SELL
2016-03-24T02:58:03.000000;2016-03-24T02:58:03.163000;ac171fbd-cc36-491c-b952-4a62e24f8f8d;11.633;0.5;SELL
2016-03-24T03:19:37.000000;2016-03-24T03:19:37.557000;71b1d4b8-e400-47e7-8cae-9715955210a8;11.703;33.04117483;SELL
2016-03-24T03:45:26.000000;2016-03-24T03:45:26.933000;d49abf8c-9475-4397-96d0-b1d142f27ff5;11.815;0.54992952;BUY
2016-03-24T03:45:26.000000;2016-03-24T03:45:26.947000;31ada0c4-3c97-4332-b6f8-f36d824eab68;11.816;2.300978;BUY
2016-03-24T03:45:26.000000;2016-03-24T03:45:26.950000;29a09482-559b-42ed-844f-f33468f8408e;11.82;1.14909248;BUY
2016-03-24T03:46:46.000000;2016-03-24T03:46:46.373000;a0951b78-3868-4a55-a0da-ca638ba57a71;11.82;0.38866855;BUY
2016-03-24T03:46:46.000000;2016-03-24T03:46:46.397000;4633c90c-25f0-46ef-a7cf-e858a866f7a4;11.821;0.55414222;BUY
2016-03-24T03:46:46.000000;2016-03-24T03:46:46.417000;bc46df7d-35cf-479f-99ad-e1c661cfc43e;11.854;1.70325862;BUY
2016-03-24T03:46:46.000000;2016-03-24T03:46:46.667000;e57c3eb5-dfc3-41bb-9385-b47950c0d4eb;11.855;2.293856;BUY
2016-03-24T03:46:46.000000;2016-03-24T03:46:46.677000;fcf99209-64c2-42dd-a01a-5e434a8d69fe;11.86;4.06007461;BUY
2016-03-24T03:46:57.000000;2016-03-24T03:46:57.700000;86d2119e-de47-4de8-a05f-ff110115567f;11.855;2.293953;BUY
2016-03-24T03:46:57.000000;2016-03-24T03:46:57.707000;b7617737-0d81-4023-8faa-3f73ade8ea83;11.86;0.906047;BUY
2016-03-24T03:49:00.000000;2016-03-24T03:49:00.390000;da38e195-91d2-4dd5-99ae-0f1dee55acfb;11.8;0.49735556;BUY
2016-03-24T03:49:00.000000;2016-03-24T03:49:00.397000;b99add1c-4e9f-4a5c-b1d4-3b0d389b6cf6;11.859;0.54992952;BUY
2016-03-24T03:49:00.000000;2016-03-24T03:49:00.413000;910a8c1e-d4cf-45f1-822e-bb7ef085e5b0;11.859;2.290166;BUY
2016-03-24T03:49:00.000000;2016-03-24T03:49:00.437000;f375d73c-42bf-4669-b207-f5eeb1d380b7;11.859;18.47409983;BUY
2016-03-24T03:53:57.000000;2016-03-24T03:53:57.733000;8629b153-62cd-42d4-b42b-c682c8645c6f;11.781;1.321;SELL
2016-03-24T03:54:04.000000;2016-03-24T03:54:04.933000;2b36b2b9-89f9-4617-8a1e-ca09d4b00fa0;11.784;1.654;SELL
2016-03-24T03:54:20.000000;2016-03-24T03:54:20.700000;8b0bccc2-ed00-40d9-96b0-1ab0afca92f3;11.786;2.268652;SELL
2016-03-24T03:54:20.000000;2016-03-24T03:54:20.713000;632e09d3-29ea-468b-9fcb-60e469e544d3;11.785;3.805348;SELL
2016-03-24T03:59:15.000000;2016-03-24T03:59:15.337000;2247c4a0-1965-4cf7-ae91-90a4003afe9b;11.801;0.55048;SELL
2016-03-24T03:59:15.000000;2016-03-24T03:59:15.350000;1651ec95-c5fa-429d-bca6-8b7b6ce05172;11.8;4.44952;SELL
2016-03-24T04:28:40.000000;2016-03-24T04:28:40.540000;81e7965c-8c8d-42ec-b47b-329b910ed1d4;11.78;2.3114;SELL
2016-03-24T05:14:43.000000;2016-03-24T05:14:44.023000;1d4c6207-2832-4804-a136-940eabae8bd8;11.7;3.5;SELL
2016-03-24T05:15:03.000000;2016-03-24T05:15:03.680000;ba630e87-560c-4154-84b1-6d2e828afec0;11.7;4.98;SELL
2016-03-24T05:27:33.000000;2016-03-24T05:27:33.937000;315921bf-9ac2-4197-866f-f2a32be4dbf1;11.724;21.28261058;BUY
2016-03-24T05:28:33.000000;2016-03-24T05:28:33.943000;0327e7b8-8ad9-4e75-bdac-ff2e8f005df9;11.724;22.09825949;BUY
2016-03-24T05:30:23.000000;2016-03-24T05:30:23.957000;452158b6-8e6f-4fdf-a43f-35460039539b;11.765;5.0;BUY
2016-03-24T05:34:24.000000;2016-03-24T05:34:24.547000;c8d52bef-15d3-41a6-bc4f-f168aecc89f1;11.71;2.287647;SELL
2016-03-24T05:34:24.000000;2016-03-24T05:34:24.560000;f5730213-9331-4015-bdcd-661d72f5e00e;11.7;3.96774;SELL
2016-03-24T05:34:24.000000;2016-03-24T05:34:24.563000;fbf97f28-9e72-4f38-a7fc-e6234c454e63;11.695;1.786613;SELL
2016-03-24T05:39:34.000000;2016-03-24T05:39:34.363000;10258037-bbd0-46af-af5a-49d1933a4d7f;11.673;9.5;SELL
2016-03-24T05:39:34.000000;2016-03-24T05:39:34.383000;35126675-b478-4367-970e-95042ca85fdc;11.651;9.11296972;SELL
2016-03-24T05:46:28.000000;2016-03-24T05:46:28.817000;a70c0d19-30e6-4da9-8cd2-96e73f43121d;11.65;20.0;SELL
2016-03-24T05:46:34.000000;2016-03-24T05:46:34.503000;0f3b0f2f-2e80-47cc-a635-25e89085943a;11.614;4.5703158;SELL
2016-03-24T05:46:35.000000;2016-03-24T05:46:35.457000;9181bb26-95c3-4254-8685-0fa7362c55ed;11.614;4.7393102;SELL
2016-03-24T05:46:35.000000;2016-03-24T05:46:35.463000;118819f7-e7cd-49d9-bcd9-f7a677f2e126;11.614;45.0;SELL
2016-03-24T05:46:36.000000;2016-03-24T05:46:36.397000;ba3507ba-578e-41c5-bd44-f4af7a3f0340;11.613;2.305981;SELL
2016-03-24T05:46:39.000000;2016-03-24T05:46:39.243000;9bf895e9-cebf-4971-aac2-f9722ed2d1ac;11.611;5.0;SELL
2016-03-24T05:46:39.000000;2016-03-24T05:46:39.250000;60aee890-0a90-45f2-85db-134944adff9c;11.601;30.66274778;SELL
2016-03-24T05:48:01.000000;2016-03-24T05:48:01.627000;93b829a1-d93c-4cf2-a8e8-0578bf38eed0;11.601;4.22090321;SELL
2016-03-24T05:48:02.000000;2016-03-24T05:48:02.363000;0984663c-7258-4656-b3ae-599a1c13beed;11.601;14.38848921;SELL
2016-03-24T05:48:03.000000;2016-03-24T05:48:03.627000;7f6d2bda-fb11-4b3b-b9a6-b332b2644792;11.601;23.3578598;SELL
2016-03-24T05:48:05.000000;2016-03-24T05:48:05.687000;2c63eb9d-3c45-4510-a89e-91722d7fb423;11.58;4.22090321;SELL
2016-03-24T05:48:07.000000;2016-03-24T05:48:08.033000;b9655e1e-6054-49f2-9b34-0999abd25cf0;11.58;29.96748308;SELL
2016-03-24T05:48:34.000000;2016-03-24T05:48:34.223000;bc5edb92-08ea-48d4-a0e8-8c9ba93a43f2;11.58;27.49763321;SELL
2016-03-24T05:48:37.000000;2016-03-24T05:48:37.107000;1f727564-48e2-4eb1-af29-1c4b689245d0;11.58;1.11206114;SELL
2016-03-24T05:48:40.000000;2016-03-24T05:48:40.213000;a8b230ce-4190-453a-a479-c61188be4548;11.58;27.49763321;SELL
2016-03-24T05:48:41.000000;2016-03-24T05:48:41.777000;d909026d-8133-47d1-bc1b-1b1bcd158bec;11.58;5.91243016;SELL
2016-03-24T05:48:42.000000;2016-03-24T05:48:43.023000;1b53affc-6ae3-4147-b21b-40731d9a41a4;11.58;21.58520337;SELL
2016-03-24T05:48:46.000000;2016-03-24T05:48:46.853000;e97119f4-98d6-4134-ac9a-42a4e45a21cd;11.58;32.3447246;SELL
2016-03-24T05:48:48.000000;2016-03-24T05:48:48.717000;ae36cbff-ba80-4a2e-86c5-389fad570838;11.58;32.34355489;SELL
2016-03-24T05:48:51.000000;2016-03-24T05:48:51.767000;cc5a9ee5-91e5-4d15-958f-bf99b8c66442;11.58;1.11206114;SELL
2016-03-24T05:48:52.000000;2016-03-24T05:48:52.080000;ef1873fa-53ba-409e-a67c-b53640bfe2c0;11.58;16.40631199;SELL
2016-03-24T05:48:53.000000;2016-03-24T05:48:53.790000;6956c3cc-e197-4f23-9eaa-febfe7751090;11.56;0.194;SELL
2016-03-24T05:48:55.000000;2016-03-24T05:48:55.723000;e44e3df0-6117-470f-b2c0-506c1f0f6019;11.523;1.11206114;SELL
2016-03-24T05:50:14.000000;2016-03-24T05:50:14.360000;706f9a21-a4a0-4484-8b7a-35937876d00c;11.53;11.361;BUY
2016-03-24T05:50:54.000000;2016-03-24T05:50:54.563000;b4a7b867-44b1-4d2e-ba8d-78244212d92e;11.527;2.472;BUY
2016-03-24T05:54:56.000000;2016-03-24T05:54:56.957000;8a12439f-1f94-41a7-865d-f6679bada670;11.5;10.0;SELL
2016-03-24T05:56:59.000000;2016-03-24T05:56:59.427000;8e721355-290a-4e58-830e-8d44f720dac8;11.5;5.0;SELL
2016-03-24T05:56:59.000000;2016-03-24T05:56:59.433000;833fd383-f616-4ddc-be8f-dbdd7b7c0098;11.5;10.0;SELL
2016-03-24T05:56:59.000000;2016-03-24T05:56:59.580000;ee79ae05-fb5f-45e8-b240-064b49d10561;11.451;43.2953;SELL
2016-03-24T05:56:59.000000;2016-03-24T05:56:59.587000;61795dd8-972d-4eeb-bb35-9a7e738eb578;11.45;16.71190604;SELL
2016-03-24T06:01:08.000000;2016-03-24T06:01:08.390000;ceb7c4ca-e527-44f0-b822-3cecfeea5ac0;11.45;10.0;SELL
2016-03-24T06:01:10.000000;2016-03-24T06:01:10.300000;4d577867-fb70-4c38-94f0-647c59be4caa;11.45;10.0;SELL
2016-03-24T06:01:26.000000;2016-03-24T06:01:26.070000;8fd42894-4ef5-4c26-98c8-c1de2e322cc0;11.45;10.0;SELL
2016-03-24T06:01:28.000000;2016-03-24T06:01:29.027000;34c918dd-de13-4975-a511-70dd209ef5e2;11.45;49.52218375;SELL
2016-03-24T06:01:30.000000;2016-03-24T06:01:30.213000;de9b707f-4c3a-4020-9da4-6ed489edd7e3;11.45;3.76591021;SELL
2016-03-24T06:01:30.000000;2016-03-24T06:01:30.297000;06f3ec11-5491-4755-81bc-4af47bfec738;11.45;6.23408979;SELL
2016-03-24T06:04:06.000000;2016-03-24T06:04:06.410000;79f9207a-962b-46c8-81bc-c915f36d69cc;11.401;4.72169868;SELL
2016-03-24T06:04:06.000000;2016-03-24T06:04:06.423000;493f3198-a5b4-4be1-8ad6-c74c82dafa11;11.4;14.65649746;SELL
2016-03-24T06:04:07.000000;2016-03-24T06:04:07.197000;ae9dd702-c6f3-4fd0-8e50-cf3b4694c3c6;11.4;16.92410254;SELL
2016-03-24T06:04:09.000000;2016-03-24T06:04:09.570000;27305063-f887-4353-abf6-fdeae84e298c;11.384;2.4540936;SELL
2016-03-24T06:04:09.000000;2016-03-24T06:04:10.057000;56c5a4a4-45c0-4418-a7b0-9a2d9a0d2e78;11.4;2.086;BUY
2016-03-24T06:04:11.000000;2016-03-24T06:04:11.383000;950a8650-4343-4da4-aa7e-f669e0707d0b;11.384;4.4236324;SELL
2016-03-24T06:04:11.000000;2016-03-24T06:04:11.887000;72e782ed-6251-4be7-9c2e-44f3e844639a;11.384;10.3;BUY
2016-03-24T06:04:12.000000;2016-03-24T06:04:12.620000;e14eb90a-4c1b-41d9-bf9d-d4f0c7d6be86;11.372;2.56856374;SELL
2016-03-24T06:14:06.000000;2016-03-24T06:14:06.097000;c5778fb3-61cf-468f-a0f5-33ba3500d9e5;11.344;10.0;SELL
2016-03-24T06:15:47.000000;2016-03-24T06:15:47.487000;377dc76c-92d0-4617-84b4-4800d4eb48a6;11.398;1.001001;BUY
2016-03-24T06:15:47.000000;2016-03-24T06:15:47.900000;b0df378b-a0d8-434f-8201-08fe97cca8bf;11.398;1.001001;BUY
2016-03-24T06:15:48.000000;2016-03-24T06:15:48.583000;e3f91659-3577-4a83-bdbb-fce46dccdb0f;11.398;1.001001;BUY
2016-03-24T06:15:49.000000;2016-03-24T06:15:49.570000;5bcac84e-2a28-4811-9666-bf0c11ce5481;11.398;1.001001;BUY
2016-03-24T06:15:49.000000;2016-03-24T06:15:50.023000;f8f948a6-b8ae-4223-bc58-8d14a4ca84e8;11.398;1.001001;BUY
2016-03-24T06:15:53.000000;2016-03-24T06:15:53.110000;85e97e43-9294-41e5-8769-f451106621b8;11.398;38.338595;BUY
2016-03-24T06:15:57.000000;2016-03-24T06:15:57.453000;eaca776e-8ce7-460d-b332-e31344389aa9;11.4;1.001;SELL
2016-03-24T06:16:40.000000;2016-03-24T06:16:40.410000;f9b57a77-f786-4251-afb9-8f4fe777d826;11.444;43.2884;BUY
2016-03-24T06:16:40.000000;2016-03-24T06:16:40.427000;cb64b3bc-9de9-4c5c-9b66-b509b40950c9;11.468;2.290166;BUY
2016-03-24T06:16:40.000000;2016-03-24T06:16:40.427000;5a7ccf25-5d2a-468f-b1f9-31193823c000;11.579;4.421434;BUY
2016-03-24T06:27:56.000000;2016-03-24T06:27:56.850000;9bf9d11f-5792-49df-824f-776efb25dded;11.4;60.0;SELL
2016-03-24T06:27:56.000000;2016-03-24T06:27:56.860000;622c80d8-3dfc-4f5e-af42-27aa1747a821;11.4;45.0;SELL
2016-03-24T06:27:58.000000;2016-03-24T06:27:58.327000;43a65ed9-add8-49de-8392-d52690bb173f;11.39;5.1107;BUY
2016-03-24T06:28:11.000000;2016-03-24T06:28:11.837000;ff806406-d804-48c1-b6f5-aca932e61dd7;11.39;2.0443;BUY
2016-03-24T06:28:33.000000;2016-03-24T06:28:33.200000;de0b7aa8-ed7b-4550-a7e0-529efef9d2fd;11.39;0.8177;BUY
2016-03-24T06:28:53.000000;2016-03-24T06:28:53.923000;016a3cdd-c879-400f-bfdc-6f667e5bd6e6;11.39;0.3271;BUY
2016-03-24T06:29:07.000000;2016-03-24T06:29:07.680000;44df687d-b7a5-4dfc-aa55-63cf6f9648ab;11.39;0.1309;BUY
2016-03-24T06:45:39.000000;2016-03-24T06:45:39.947000;6e24cdfa-93d4-47f2-97d4-1e85d9cc5ba8;11.389;0.55116;BUY
2016-03-24T06:46:32.000000;2016-03-24T06:46:32.427000;bfb0c46f-3dd8-4a51-a09d-2994d83f2586;11.37;1.0;SELL
2016-03-24T06:47:40.000000;2016-03-24T06:47:40.717000;477c123c-9443-47bc-96c4-fa73f268e304;11.37;10.29336112;SELL
2016-03-24T06:48:20.000000;2016-03-24T06:48:20.213000;6d052e4e-8053-492b-8ef0-a85ab1e5cc05;11.37;7.66353888;SELL
2016-03-24T06:50:25.000000;2016-03-24T06:50:25.580000;39764c66-4fae-44a8-9f78-bfc1dae8846f;11.38;7.0;SELL
2016-03-24T06:53:48.000000;2016-03-24T06:53:48.637000;9516935a-9e8b-4068-a16d-10288934153f;11.361;1.05322099;SELL
2016-03-24T06:54:27.000000;2016-03-24T06:54:27.427000;19712eb0-817b-4e7c-bb1b-aef11faaee6b;11.38;7.0;BUY
2016-03-24T06:54:27.000000;2016-03-24T06:54:27.437000;4d72ada8-cf2f-45df-b234-1231e4f7a039;11.38;29.19332454;BUY
2016-03-24T06:54:31.000000;2016-03-24T06:54:31.837000;1bd2ca7f-ff6f-48c6-bb48-5504f8fe5144;11.379;29.19589013;BUY
2016-03-24T06:54:36.000000;2016-03-24T06:54:36.603000;df68309f-445d-43b6-81bc-6dab15eaf33e;11.38;29.1933246;BUY
2016-03-24T06:54:44.000000;2016-03-24T06:54:44.467000;ea74e37d-0f4b-44a2-8acf-6dda938ac44c;11.378;29.19845609;BUY
2016-03-24T06:54:44.000000;2016-03-24T06:54:44.473000;d02ca5aa-413b-4896-b7c9-c2cf7377a10e;11.379;2.371695;BUY
2016-03-24T06:56:08.000000;2016-03-24T06:56:08.687000;7f484f85-09b6-4eac-82ec-262fcfdc9b8c;11.361;58.293;SELL
2016-03-24T06:56:20.000000;2016-03-24T06:56:20.957000;29cd3962-a330-4484-985f-e853e83a6cc1;11.361;2.188;SELL
2016-03-24T06:56:27.000000;2016-03-24T06:56:27.367000;c2735575-b5c2-40cb-8cfb-5ced5dfca02a;11.361;2.188;SELL
2016-03-24T06:56:34.000000;2016-03-24T06:56:35.010000;1f983d85-a67e-4f66-ab7a-43d038b34dea;11.361;2.188;SELL
2016-03-24T06:56:45.000000;2016-03-24T06:56:45.363000;2046a359-d5de-4c4c-8e24-d360094b4094;11.361;2.188;SELL
2016-03-24T06:56:54.000000;2016-03-24T06:56:54.530000;c60af06c-125e-4abf-ab2c-4509081a2d88;11.361;2.188;SELL
2016-03-24T06:57:04.000000;2016-03-24T06:57:04.467000;4d283d84-1083-40da-bb00-5b8fe9f8c0f5;11.361;2.188;SELL
2016-03-24T06:57:12.000000;2016-03-24T06:57:12.163000;3bef988d-024b-4fa4-baf0-8ab244c5bd18;11.361;2.188;SELL
2016-03-24T06:57:26.000000;2016-03-24T06:57:26.300000;1b83d327-34cb-45b7-8a3b-0648056a6f87;11.361;2.188;SELL
2016-03-24T06:57:36.000000;2016-03-24T06:57:36.703000;23dcadfa-b129-4abb-bb6a-9740d3d92114;11.361;2.188;SELL
2016-03-24T06:57:50.000000;2016-03-24T06:57:51.003000;79a9065f-970b-4610-98ba-cb7dee6b54dd;11.361;2.188;SELL
2016-03-24T06:58:00.000000;2016-03-24T06:58:00.243000;ee8fda36-ce23-48b1-8334-50ac87a62bdd;11.361;2.188;SELL
2016-03-24T06:58:08.000000;2016-03-24T06:58:08.523000;6c0296d8-bd2d-4a3f-bf57-8966e53b10b6;11.361;2.188;SELL
2016-03-24T06:58:22.000000;2016-03-24T06:58:22.693000;576dafa3-73cb-49b5-81f1-5998afc11567;11.361;2.188;SELL
2016-03-24T06:58:31.000000;2016-03-24T06:58:31.433000;c4da105e-7a63-4436-b218-49d17a02a8e5;11.361;1.3647268;SELL
2016-03-24T06:58:34.000000;2016-03-24T06:58:34.333000;24c0f16d-2502-4e81-a496-00a989a280a0;11.361;1.714;SELL
2016-03-24T06:58:48.000000;2016-03-24T06:58:48.883000;7b61f043-8a7f-4f71-85c4-773861744146;11.361;15.07605221;SELL
2016-03-24T06:58:48.000000;2016-03-24T06:58:48.893000;98a3effd-c759-4eec-bc4c-a20aadf922d7;11.36;4.43861754;SELL
2016-03-24T06:58:51.000000;2016-03-24T06:58:51.947000;3ef7b901-3369-4075-889f-fe5885527d84;11.36;19.51466975;SELL
2016-03-24T07:00:02.000000;2016-03-24T07:00:02.520000;76b78efb-f916-4268-9f23-c4f52b9f73aa;11.36;5.0991406;SELL
2016-03-24T07:00:44.000000;2016-03-24T07:00:44.970000;bdfe8ca4-625e-4db9-aa0d-cf8f821a53e2;11.36;18.534;SELL
2016-03-24T07:05:25.000000;2016-03-24T07:05:25.487000;19af5798-4ee0-4d73-8b82-0367bde58149;11.36;1.753;SELL
2016-03-24T07:05:38.000000;2016-03-24T07:05:38.533000;25eb9579-93e9-41a5-b918-9f0a4689d8d8;11.36;14.93;SELL
2016-03-24T07:05:44.000000;2016-03-24T07:05:44.800000;4c3eec27-1003-4bba-af46-5d5ad67b0d4f;11.36;1.753;SELL
2016-03-24T07:05:56.000000;2016-03-24T07:05:56.747000;05ff52cc-4123-498a-9a50-32f8c7d5f75e;11.36;1.753;SELL
2016-03-24T07:06:08.000000;2016-03-24T07:06:08.330000;0cbc60b1-7dfd-4577-a417-0d03a033d727;11.36;1.753;SELL
2016-03-24T07:06:17.000000;2016-03-24T07:06:17.353000;2dc5f0e5-2358-4273-9692-910df123925c;11.36;1.753;SELL
2016-03-24T07:06:24.000000;2016-03-24T07:06:24.850000;403e1744-7e75-4c6d-b367-b86638fe081c;11.36;72.936;SELL
2016-03-24T07:06:33.000000;2016-03-24T07:06:33.527000;96232be6-377c-45d4-9458-3ebd8f9affaf;11.36;72.922;SELL
2016-03-24T07:06:38.000000;2016-03-24T07:06:38.940000;314be714-ee8b-472f-922b-8a0cb621e18a;11.36;14.379;SELL
2016-03-24T07:06:44.000000;2016-03-24T07:06:44.857000;9480ab3c-a14d-4eaf-9486-fff9a94a6089;11.36;1.753;SELL
2016-03-24T07:06:51.000000;2016-03-24T07:06:51.767000;071ed578-45dc-414f-a80a-5675d056fdf3;11.36;3.506;SELL
2016-03-24T07:16:34.000000;2016-03-24T07:16:34.423000;0e30cf93-9b19-413a-a7b6-b9c0f20b6839;11.39;8.5643;BUY
2016-03-24T07:16:34.000000;2016-03-24T07:16:34.433000;e0f6d69b-2296-4f69-8300-be459c530b23;11.39;22.3357;BUY
2016-03-24T07:19:05.000000;2016-03-24T07:19:05.053000;95c4ca3a-814a-4956-a587-bc2ff8cb4f8c;11.443;10.0;BUY
2016-03-24T07:29:51.000000;2016-03-24T07:29:52.040000;243c3621-80a5-45b2-babb-2fcfe010a5bb;11.443;29.0325996;BUY
2016-03-24T07:29:52.000000;2016-03-24T07:29:52.907000;6d24c2ac-cdfa-4003-9787-12cef0f7e7cf;11.443;3.9232004;BUY
2016-03-24T07:31:10.000000;2016-03-24T07:31:10.230000;bec587d1-0c99-4c3a-bcec-49c1fa70b353;11.406;25.1093992;SELL
2016-03-24T07:31:10.000000;2016-03-24T07:31:10.240000;4bf31e59-9f49-4e0d-a3a5-ade8d496bcfc;11.406;19.4176008;SELL
2016-03-24T07:31:18.000000;2016-03-24T07:31:18.927000;eb73ebfd-a85f-4f4c-a5ce-8037f71b4812;11.408;2.330519;SELL
2016-03-24T07:31:18.000000;2016-03-24T07:31:18.933000;db531945-d591-48f3-9fe5-7d89d2928f15;11.406;0.1;SELL
2016-03-24T07:31:18.000000;2016-03-24T07:31:18.937000;d56b7454-78d6-449d-a0e5-8e36465ab15d;11.406;16.983481;SELL
2016-03-24T07:31:27.000000;2016-03-24T07:31:27.587000;f0a3eb26-acf1-495a-b232-7d19957a2597;11.4;2.011;SELL
2016-03-24T07:31:38.000000;2016-03-24T07:31:38.907000;138693f7-dd42-4a56-a763-2af1e81d632a;11.4;1.561;SELL
2016-03-24T07:34:23.000000;2016-03-24T07:34:23.663000;e0483209-2758-4578-bc78-b17b35e7a946;11.416;2.822;SELL
2016-03-24T07:34:57.000000;2016-03-24T07:34:57.043000;af38b277-adfb-41b2-a075-f37e66e2dd4a;11.416;19.4;SELL
2016-03-24T07:35:03.000000;2016-03-24T07:35:03.343000;c61f8ef5-1064-47a8-b442-10bd4cf0e60c;11.416;5.297;SELL
2016-03-24T07:35:17.000000;2016-03-24T07:35:17.120000;3398b2b0-ad00-4b85-9f31-48a725067430;11.416;14.411;SELL
2016-03-24T07:35:29.000000;2016-03-24T07:35:29.663000;76133ace-0404-42cc-8988-b47dac9aa506;11.416;1.62;SELL
2016-03-24T07:35:46.000000;2016-03-24T07:35:46.090000;1dd191a6-5d9c-4d45-9f11-20815f1aae46;11.416;1.043;SELL
2016-03-24T07:37:28.000000;2016-03-24T07:37:28.313000;c45b1864-b72a-4036-94e6-5a17a240b758;11.478;0.1;BUY
2016-03-24T07:37:28.000000;2016-03-24T07:37:28.323000;b8ee8975-3f33-4a58-976f-d768efbd8d30;11.479;0.9;BUY
2016-03-24T07:49:53.000000;2016-03-24T07:49:54.410000;2cc67c77-65ee-4b80-b5a7-a2756cf8b733;11.383;19.457;SELL
2016-03-24T07:50:02.000000;2016-03-24T07:50:02.147000;2fba7f3e-b280-4bc3-b1e5-454a992e5181;11.382;2.362168;SELL
2016-03-24T07:50:02.000000;2016-03-24T07:50:02.163000;fea2cfe3-ae1b-4c9d-bf6e-0c7d8b82c915;11.381;10.0;SELL
2016-03-24T07:50:02.000000;2016-03-24T07:50:02.250000;04c672f1-a62a-436a-b3f7-df422242d75f;11.368;6.275832;SELL
2016-03-24T08:14:04.000000;2016-03-24T08:14:04.857000;53d6c773-925c-480a-b39b-c946b0f0c3c2;11.429;43.5528;BUY
2016-03-24T08:14:11.000000;2016-03-24T08:14:11.183000;3a3f4389-5cc8-42eb-854a-f9915a822d15;11.429;7.79;SELL
2016-03-24T08:14:19.000000;2016-03-24T08:14:19.213000;190e629d-833a-483f-a89b-226a1a059a40;11.429;18.343;SELL
2016-03-24T08:15:03.000000;2016-03-24T08:15:03.673000;3a8edf08-58a0-44a5-a21b-0c45f4b85c20;11.452;43.453;BUY
2016-03-24T08:15:07.000000;2016-03-24T08:15:07.163000;32dd8625-dfb7-485f-a3e6-bf83e00194ea;11.455;10.14984;SELL
2016-03-24T08:15:07.000000;2016-03-24T08:15:07.613000;0f837d7e-3d13-4421-9970-0bfae68b9700;11.455;16.39716;SELL
2016-03-24T08:15:07.000000;2016-03-24T08:15:07.623000;30b90852-cc67-4bb0-bbad-9b169ce4b839;11.429;12.70010043;SELL
2016-03-24T08:15:07.000000;2016-03-24T08:15:07.870000;c767945a-b90c-4c82-85a9-18a4cee70cf6;11.429;27.69068632;SELL
2016-03-24T08:15:07.000000;2016-03-24T08:15:07.953000;fda11969-d95e-44b3-a9fb-26f5ca200aad;11.429;29.09726043;SELL
2016-03-24T08:15:11.000000;2016-03-24T08:15:11.777000;33b72202-fbae-4d81-b72c-3a64d0f630e3;11.429;10.14984;SELL
2016-03-24T08:15:15.000000;2016-03-24T08:15:15.527000;0c8ffe5e-83bd-48d5-9e0e-58ba593fb171;11.429;27.69068632;SELL
2016-03-24T08:15:15.000000;2016-03-24T08:15:15.873000;52255694-453c-4fbd-9cdb-b64ca21a6518;11.429;22.9856265;SELL
2016-03-24T08:15:15.000000;2016-03-24T08:15:15.883000;8813b1ad-6d85-48a6-b2d4-6ec2b5b2e2ce;11.373;4.70505982;SELL
2016-03-24T08:15:24.000000;2016-03-24T08:15:24.540000;59567e55-c8cf-4ac0-ac35-f958b6b93480;11.457;1.63384087;BUY
2016-03-24T08:24:31.000000;2016-03-24T08:24:31.440000;468b8094-61d0-45af-92a4-21d53cf3daf0;11.434;1.0;BUY
2016-03-24T08:39:18.000000;2016-03-24T08:39:18.410000;29bccbf4-e4da-4641-9816-1a1e7ab416a0;11.361;5.0;SELL
2016-03-24T09:03:52.000000;2016-03-24T09:03:52.773000;adcc2c9c-96c6-4ee7-9677-3f1e4767fe7c;11.361;0.13752;BUY
2016-03-24T09:10:41.000000;2016-03-24T09:10:41.677000;22f1fa83-6895-43a2-b1f8-d30374d9ae28;11.361;0.50059039;BUY
2016-03-24T09:13:06.000000;2016-03-24T09:13:06.197000;2886f95b-a51c-4bc4-9584-95fd77d67b91;11.361;0.9009009;BUY
2016-03-24T09:16:18.000000;2016-03-24T09:16:18.097000;b7b689fe-6e12-46fd-a918-501e9e57c1ba;11.361;0.38033928;BUY
2016-03-24T09:16:25.000000;2016-03-24T09:16:25.570000;464358b9-b353-43b6-9073-cb940771e111;11.361;0.1;BUY
2016-03-24T09:16:35.000000;2016-03-24T09:16:35.637000;de0b0144-ccd7-44d0-9fb5-bef6b29ffb5a;11.36;0.1;SELL
2016-03-24T09:16:38.000000;2016-03-24T09:16:38.720000;7f3d85f6-d563-46c9-81bb-86c94ebbdc4d;11.361;18.34736183;BUY
2016-03-24T09:16:38.000000;2016-03-24T09:16:38.727000;8aa75824-bd9b-48ae-8de4-7b4d63680130;11.361;0.37689897;BUY
2016-03-24T09:16:39.000000;2016-03-24T09:16:39.533000;990a7a66-c6a5-4b28-9315-3018f1337c5b;11.361;0.018743;BUY
2016-03-24T09:20:03.000000;2016-03-24T09:20:03.863000;4607343b-1c38-4c00-81a8-787b9cad90c9;11.415;0.54747;BUY
2016-03-24T09:20:28.000000;2016-03-24T09:20:28.470000;a1b97696-868d-4518-aadd-80b3e441f3ea;11.415;20.0;BUY
2016-03-24T09:21:00.000000;2016-03-24T09:21:00.200000;3f738ff9-d8f1-43b0-b156-3b4fba66a17b;11.415;10.374;BUY
2016-03-24T09:30:43.000000;2016-03-24T09:30:43.713000;60020ba7-066b-4c84-8fc6-d1593a99c7fe;11.502;40.6868;BUY
2016-03-24T09:32:40.000000;2016-03-24T09:32:40.643000;d96fb182-8de9-49dd-8e76-a6a85ffaafb7;11.554;1.35506382;BUY
2016-03-24T09:32:40.000000;2016-03-24T09:32:40.650000;681f11a7-cfac-4d43-8c5e-8c4cf8cd20c0;11.556;2.378683;BUY
2016-03-24T09:32:40.000000;2016-03-24T09:32:40.657000;036c844a-f502-4d58-82e0-34fb0f0ee275;11.556;13.57374042;BUY
2016-03-24T09:32:40.000000;2016-03-24T09:32:40.787000;64dac8a5-345c-4eeb-a721-9303495d3236;11.556;17.30736955;BUY
2016-03-24T09:33:35.000000;2016-03-24T09:33:36.000000;311387e9-8b0d-4ab0-9c74-e6ccd1f49c51;11.555;45.0;BUY
2016-03-24T09:33:35.000000;2016-03-24T09:33:36.007000;8e64a2b6-2f85-4d34-8ed6-bd8361b73aae;11.56;5.0;BUY
2016-03-24T09:33:39.000000;2016-03-24T09:33:39.170000;dd793271-24ed-4868-af63-189f7d617247;11.56;3.00900901;BUY
2016-03-24T09:33:39.000000;2016-03-24T09:33:40.027000;c9b9e5e5-1fa4-4c79-a66c-4cc1af0f9229;11.56;1.97099099;BUY
2016-03-24T09:34:02.000000;2016-03-24T09:34:02.553000;3da13e92-1e55-4fc2-9d01-8f321fc085c3;11.58;0.64002903;BUY
2016-03-24T09:34:17.000000;2016-03-24T09:34:17.083000;6373e350-6509-4455-a082-31ac67435b72;11.58;2.4024024;BUY
2016-03-24T09:34:18.000000;2016-03-24T09:34:18.810000;0514141e-d027-4823-b477-9b72b624e7b9;11.58;1.44242477;BUY
2016-03-24T09:34:18.000000;2016-03-24T09:34:18.817000;4532eb82-5761-497d-a43b-ea5d956f573b;11.58;0.95997763;BUY
2016-03-24T09:34:20.000000;2016-03-24T09:34:20.457000;003f3415-c419-46db-ac37-7c4bc94f3bf1;11.58;2.4024024;BUY
2016-03-24T09:34:20.000000;2016-03-24T09:34:20.837000;c4aea4dd-41a0-4877-904e-b44a46a7a190;11.58;2.4024024;BUY
2016-03-24T09:34:25.000000;2016-03-24T09:34:25.173000;79c1e711-4049-4913-8d69-a5e9e4a88e5b;11.58;14.23521756;BUY
2016-03-24T09:34:35.000000;2016-03-24T09:34:35.757000;fed7e0bb-0d6a-4e2c-84dc-7cccf95c8bd4;11.65;1.0;BUY
2016-03-24T09:34:35.000000;2016-03-24T09:34:35.760000;57799551-8051-4604-be18-2351ba9776b1;11.666;9.0;BUY
2016-03-24T09:35:09.000000;2016-03-24T09:35:09.063000;d348b3c8-0169-4f21-95f0-c8fbb945fcb4;11.65;30.0;BUY
2016-03-24T09:35:09.000000;2016-03-24T09:35:09.070000;325eefa1-5e74-4bcf-89b1-c809bf09d087;11.65;42.1974;BUY
2016-03-24T09:35:09.000000;2016-03-24T09:35:09.090000;4bf6ac03-9d9d-4635-a0d7-949875e8221a;11.673;2.347204;BUY
2016-03-24T09:35:10.000000;2016-03-24T09:35:10.807000;8c8c1886-77a8-4fc8-a2f8-5e8411d31ee4;11.65;2.56856374;SELL
2016-03-24T09:44:02.000000;2016-03-24T09:44:02.980000;9da57b78-9413-4c0f-8ddc-37b1293d9d17;11.603;0.5;SELL
2016-03-24T09:44:37.000000;2016-03-24T09:44:37.980000;07dce594-f0c7-41cd-a1d9-7dce294dd7ce;11.603;5.0;SELL
2016-03-24T09:45:49.000000;2016-03-24T09:45:49.297000;37869801-8d2b-47c3-af5c-6bcd34a879f2;11.603;10.0;SELL
2016-03-24T09:46:14.000000;2016-03-24T09:46:14.303000;cf2f563b-835c-4bf3-a238-af4c4283cc79;11.603;10.0;SELL
2016-03-24T10:14:26.000000;2016-03-24T10:14:26.140000;d5d7f3e9-423e-4894-b5d1-3278768c239e;11.536;10.353;SELL
2016-03-24T10:17:29.000000;2016-03-24T10:17:29.397000;cfaea5c3-72c9-4ce7-bc49-1b28f8b5e801;11.549;34.0;BUY
2016-03-24T10:47:41.000000;2016-03-24T10:47:41.113000;4250538d-2804-431a-858f-033398af99e6;11.481;43.3548;BUY
2016-03-24T10:50:42.000000;2016-03-24T10:50:43.030000;829f9976-67b5-4741-917c-f00d84ebe9f8;11.483;0.49948;SELL
2016-03-24T10:55:16.000000;2016-03-24T10:55:16.310000;8017ed02-8cad-4cc8-9f30-a8d8f204c243;11.483;8.39322;SELL
2016-03-24T10:55:19.000000;2016-03-24T10:55:19.883000;c4256135-e115-49dd-ae51-891d10c0fb6f;11.483;10.96821036;SELL
2016-03-24T10:55:22.000000;2016-03-24T10:55:22.663000;0ff69450-9840-4a1b-a457-0a2bf65e0ca3;11.483;14.12;SELL
2016-03-24T10:55:23.000000;2016-03-24T10:55:23.170000;8d6e9339-7efb-4514-bc5f-41b17751b88c;11.483;0.59252049;SELL
2016-03-24T10:55:24.000000;2016-03-24T10:55:24.140000;0f322680-d2ac-4cf9-80a8-64872a3b74b7;11.483;1.0;SELL
2016-03-24T10:55:24.000000;2016-03-24T10:55:24.300000;53da9ddf-d614-412d-b43e-d840dce9baa6;11.483;1.0;SELL
2016-03-24T10:55:26.000000;2016-03-24T10:55:26.100000;0c8831b0-e667-4166-a6ec-49ab43777ac3;11.483;26.82233536;SELL
2016-03-24T10:55:26.000000;2016-03-24T10:55:26.133000;2544f306-25fe-4027-ab68-9446b28f4860;11.483;1.55405264;SELL
2016-03-24T10:55:29.000000;2016-03-24T10:55:29.460000;da1c17e1-1d64-433e-9ec6-d40d38b6e494;11.483;8.46863073;SELL
2016-03-24T10:55:38.000000;2016-03-24T10:55:38.297000;9fc5cfa3-d0e1-442b-8ae2-2e6a8730b7b9;11.483;26.82233536;SELL
2016-03-24T10:55:38.000000;2016-03-24T10:55:38.827000;2896c39e-22cd-434d-baf2-4daf80612d3a;11.483;16.72596464;SELL
2016-03-24T10:55:39.000000;2016-03-24T10:55:39.737000;1c47f0fd-8cc5-43ba-87b1-ab3e3e2e5eef;11.483;26.82233536;SELL
2016-03-24T10:55:42.000000;2016-03-24T10:55:42.053000;441728cc-b2c2-4c63-a63f-13d70385e672;11.483;7.18351106;SELL
2016-03-24T10:55:47.000000;2016-03-24T10:55:47.393000;feeb85e4-c15b-48a9-b3bf-3158847f1b86;11.483;3.0;SELL
2016-03-24T10:55:47.000000;2016-03-24T10:55:47.563000;f7813756-f8e8-4c93-ad4e-61af0dbb8992;11.483;1.15912412;SELL
2016-03-24T10:55:50.000000;2016-03-24T10:55:50.947000;e3c86231-7dfb-4f6d-bf51-6df0d16272ed;11.483;26.82233536;SELL
2016-03-24T10:55:51.000000;2016-03-24T10:55:51.463000;967cd46e-79f9-4763-b299-a0837d743a87;11.483;1.0;SELL
2016-03-24T10:55:51.000000;2016-03-24T10:55:51.797000;d69d4533-5a35-478a-b9b4-baa612ea5463;11.483;26.82233536;SELL
2016-03-24T10:55:51.000000;2016-03-24T10:55:52.143000;8bb49a03-7ef8-4085-8f46-f7b07ad83ab0;11.483;9.74551911;SELL
2016-03-24T10:55:53.000000;2016-03-24T10:55:53.777000;b166214d-1f23-49cb-98df-7ebbbc75bee5;11.483;26.82233536;SELL
2016-03-24T10:55:54.000000;2016-03-24T10:55:54.340000;8cd6a892-65d9-4357-a0d6-9bbb6811543d;11.483;26.82233536;SELL
2016-03-24T10:55:54.000000;2016-03-24T10:55:55.040000;b7f3a1ba-a450-4b31-a65b-86ef3c87a466;11.483;26.82233536;SELL
2016-03-24T10:55:55.000000;2016-03-24T10:55:55.503000;4cc5582e-417c-4bf2-85e0-ac53cd135312;11.483;26.82233536;SELL
2016-03-24T10:55:58.000000;2016-03-24T10:55:58.180000;aedf8699-37db-4f95-9862-1eeee7360bbd;11.483;26.82233536;SELL
2016-03-24T10:55:59.000000;2016-03-24T10:55:59.143000;2cab2149-a0b5-4eda-b58e-20aec6d87c39;11.483;21.83511325;SELL
2016-03-24T10:56:00.000000;2016-03-24T10:56:00.947000;9aa46b56-938b-40f0-8629-60809139f4c0;11.424;4.98722211;BUY
2016-03-24T10:57:40.000000;2016-03-24T10:57:40.817000;e3d9a207-b911-4ebc-87dc-0159583f3f1e;11.361;26.0366;SELL
2016-03-24T10:57:40.000000;2016-03-24T10:57:40.847000;a2ae94aa-a941-46ab-b134-43e8ac84c903;11.36;0.78573536;SELL
2016-03-24T10:57:48.000000;2016-03-24T10:57:48.773000;8cf70179-2bec-4a0c-859e-64d1100edb58;11.36;2.32681;SELL
2016-03-24T10:57:48.000000;2016-03-24T10:57:49.040000;56c4d46c-0e34-493c-acbf-d67a501ad45d;11.36;10.01002675;SELL
2016-03-24T10:59:11.000000;2016-03-24T10:59:11.073000;b87ab141-7cb1-4e26-a813-855de142a7d9;11.311;5.0;SELL
2016-03-24T10:59:11.000000;2016-03-24T10:59:11.090000;ac6115c8-2c50-4741-ab1a-585c8543f8cd;11.31;9.68715583;SELL
2016-03-24T10:59:14.000000;2016-03-24T10:59:14.093000;f6c8989a-35f1-4db8-85c3-4673f0e0b1f3;11.31;26.82233536;SELL
2016-03-24T10:59:14.000000;2016-03-24T10:59:14.483000;4b4e0d51-8286-4603-9e47-6570f1f1bbc5;11.31;6.31;SELL
2016-03-24T10:59:15.000000;2016-03-24T10:59:15.143000;a1d6b3ea-dc9a-487c-ae1f-179b7dc83bd3;11.31;6.31;SELL
2016-03-24T10:59:18.000000;2016-03-24T10:59:18.907000;67b18116-7c07-44a0-8450-4d00335a0029;11.31;0.87050881;SELL
2016-03-24T10:59:18.000000;2016-03-24T10:59:18.913000;582610d9-831b-49dd-8b98-53d1f44c88f0;11.3;10.0;SELL
2016-03-24T10:59:47.000000;2016-03-24T10:59:47.173000;3f29cde6-294c-439b-939c-ee904178cd2d;11.24;11.44881317;SELL
2016-03-24T10:59:48.000000;2016-03-24T10:59:48.563000;c050702d-93c5-4ba6-a5af-7facbf62818c;11.24;3.92470902;SELL
2016-03-24T10:59:48.000000;2016-03-24T10:59:48.730000;97234f30-bb14-421a-b644-4252292c73d0;11.24;22.81037781;SELL
2016-03-24T10:59:51.000000;2016-03-24T10:59:51.540000;6dfc3c58-c59a-47bd-98b3-d3bed1f99dea;11.314;4.8414;BUY
2016-03-24T11:03:33.000000;2016-03-24T11:03:33.230000;2927675f-00e3-483a-bcd5-9883af2b2c5a;11.218;8.00800801;BUY
2016-03-24T11:04:07.000000;2016-03-24T11:04:07.373000;22406be4-bc21-4741-b22f-9ba624197bbf;11.218;36.15789199;BUY
2016-03-24T11:04:27.000000;2016-03-24T11:04:27.293000;227080f0-c8c0-456d-8baf-23298151595e;11.292;44.0181;BUY
2016-03-24T11:04:27.000000;2016-03-24T11:04:27.307000;027edeb0-9c67-45d6-96c9-22b0fd196068;11.309;10.85913;BUY
2016-03-24T11:04:27.000000;2016-03-24T11:04:27.323000;803f5052-aa12-479d-b040-8eff19c287f6;11.311;2.32681;BUY
2016-03-24T11:04:31.000000;2016-03-24T11:04:31.320000;a21acaa3-f6bc-4419-b079-a40cac883ab6;11.455;1.8753;BUY
2016-03-24T11:13:04.000000;2016-03-24T11:13:04.120000;d76ad2a6-4689-4e82-9217-87fa1e403dea;11.284;45.0;SELL
2016-03-24T11:13:04.000000;2016-03-24T11:13:04.133000;64880a82-d664-4298-8535-a2753fd27e63;11.281;2.32681;SELL
2016-03-24T11:13:27.000000;2016-03-24T11:13:27.090000;1543019b-8193-4a71-af88-89f1541dd4c7;11.198;1.325;SELL
2016-03-24T11:13:28.000000;2016-03-24T11:13:28.290000;21681627-1d9f-4315-a555-42f6b4712d1d;11.177;2.5;SELL
2016-03-24T11:13:28.000000;2016-03-24T11:13:28.597000;b1e33375-6b1a-4a45-b3e2-461b39c313d1;11.177;0.3001;BUY
2016-03-24T11:13:30.000000;2016-03-24T11:13:30.287000;3a43d96e-a78d-45f0-b7fb-cfdbd6266d65;11.174;2.5;SELL
2016-03-24T11:13:30.000000;2016-03-24T11:13:30.713000;60ef4f09-d1a5-41fa-b504-8a80d6cd4f48;11.142;0.37188586;SELL
2016-03-24T11:13:31.000000;2016-03-24T11:13:31.993000;e534b01e-e69a-412e-a3ab-5888daea3746;11.141;0.37191924;BUY
2016-03-24T11:13:33.000000;2016-03-24T11:13:33.803000;eb2090a5-5894-4a24-ba1d-30ec22e178bf;11.14;0.37191924;BUY
2016-03-24T11:13:34.000000;2016-03-24T11:13:34.073000;4701c443-9cfd-41f0-8b07-d0191153ac2d;11.138;0.7138589;SELL
2016-03-24T11:14:52.000000;2016-03-24T11:14:52.443000;02abaa3a-3d54-4b16-bb5a-fc4b1753b41e;11.215;0.12;BUY
2016-03-24T11:15:42.000000;2016-03-24T11:15:42.370000;bded0a7c-a241-4a49-929a-d322aeb4c1dd;11.147;0.7138589;SELL
2016-03-24T11:15:42.000000;2016-03-24T11:15:42.377000;178a13fd-53d2-4699-acaa-cef214dca66b;11.147;1.08577814;SELL
2016-03-24T11:15:42.000000;2016-03-24T11:15:42.380000;8c8401a7-f1ce-42e5-9e7a-21eb41665b84;11.147;1.08577814;SELL
2016-03-24T11:15:42.000000;2016-03-24T11:15:42.417000;cc79a95b-451b-42de-85ee-3e354cd73398;11.147;0.18346072;SELL
2016-03-24T11:18:41.000000;2016-03-24T11:18:41.383000;13af5cf6-59ec-4026-888d-2b39657abfdd;11.147;0.53039818;SELL
2016-03-24T11:18:41.000000;2016-03-24T11:18:41.393000;950ec30f-523a-4bb9-bdcf-ec56d961a3c0;11.137;2.5;SELL
2016-03-24T11:19:20.000000;2016-03-24T11:19:20.597000;4507a4a7-48fd-4020-aa06-b1f199017629;11.082;2.418888;SELL
2016-03-24T11:19:20.000000;2016-03-24T11:19:20.607000;ceef1ed0-dffb-4cc4-a929-dbaadba56e61;11.05;10.0;SELL
2016-03-24T11:19:20.000000;2016-03-24T11:19:20.613000;7ffae4b9-db87-4dd4-be3f-3f864773dc24;11.05;3.0;SELL
2016-03-24T11:19:20.000000;2016-03-24T11:19:20.643000;4a316d51-d1f7-4b53-804b-bf25e9ae1d89;11.05;4.13779022;SELL
2016-03-24T11:22:55.000000;2016-03-24T11:22:55.543000;e29a4c6a-738e-4c88-8c4b-770e583194b4;11.136;26.84918454;BUY
2016-03-24T11:22:56.000000;2016-03-24T11:22:56.623000;2dccc900-05c4-44bb-ad7c-9015d2dd3bb4;11.136;17.28951546;BUY
2016-03-24T11:22:57.000000;2016-03-24T11:22:57.410000;e61d0c7d-2b5d-47d0-b6ff-1ea4bd5718a8;11.179;2.376279;BUY
2016-03-24T11:28:32.000000;2016-03-24T11:28:32.413000;922de058-02c0-452d-bb58-2a10221e4b74;11.155;5.40540541;BUY
2016-03-24T11:28:52.000000;2016-03-24T11:28:52.337000;c6418fe4-d8b3-4b17-9ea4-11dbb5b3e157;11.155;8.30830831;BUY
2016-03-24T11:29:03.000000;2016-03-24T11:29:03.693000;6cd5b749-cd96-4250-8a6c-cc52d150ee56;11.215;20.0;BUY
2016-03-24T11:32:15.000000;2016-03-24T11:32:15.077000;bbd6c008-769f-46dc-bfee-ce7a6d4f84f8;11.166;20.0;BUY
2016-03-24T11:33:02.000000;2016-03-24T11:33:02.300000;78cb0b99-8c0e-4163-bd4a-0109967135af;11.144;2.3462009;SELL
2016-03-24T11:33:02.000000;2016-03-24T11:33:02.310000;a1a860a2-eef8-415c-af6c-7aa1f93bfc95;11.144;2.3462009;SELL
2016-03-24T11:33:02.000000;2016-03-24T11:33:02.317000;24dffcb4-6d65-4c87-bcb3-b96c81071e4d;11.144;2.3462009;SELL
2016-03-24T11:33:02.000000;2016-03-24T11:33:02.347000;f4fe026c-aecc-4341-974b-c1305ba6d861;11.14;3.0;SELL
2016-03-24T11:33:02.000000;2016-03-24T11:33:02.347000;fe3a819a-8a54-4b17-9bdf-83824100268b;11.14;0.65580874;SELL
2016-03-24T11:33:05.000000;2016-03-24T11:33:05.883000;8166204c-b8b3-4640-955e-aa5504eca21d;11.14;0.75726239;SELL
2016-03-24T11:33:06.000000;2016-03-24T11:33:06.913000;1a24fe52-5bc0-4af2-afef-2fbcfc2fbc72;11.14;3.58692887;SELL
2016-03-24T11:33:06.000000;2016-03-24T11:33:06.920000;59ccdaec-c6c4-4441-8e3d-6857911bdfd8;11.14;9.87740981;SELL
2016-03-24T11:33:06.000000;2016-03-24T11:33:06.933000;8cab8b8d-9460-4fa9-aeda-d619dbfc5792;11.14;10.12259019;SELL
2016-03-24T11:37:26.000000;2016-03-24T11:37:26.417000;4f79eeb1-9211-4bce-8988-9582b5a4070e;11.098;0.48118048;SELL
2016-03-24T11:37:54.000000;2016-03-24T11:37:54.300000;7a265958-5b5b-4268-9d1c-296ecfb34d3f;11.09;20.0;SELL
2016-03-24T11:37:57.000000;2016-03-24T11:37:57.353000;3a71b01a-9208-47bd-ad71-eeb236c6bc2e;11.09;12.3603;SELL
2016-03-24T11:38:27.000000;2016-03-24T11:38:27.703000;37bca15b-dc0c-4e9b-8b4c-cfc9467e43ff;11.023;44.2824;SELL
2016-03-24T11:38:27.000000;2016-03-24T11:38:27.717000;a9698b4e-e102-4e72-99a5-56925dcc7263;11.022;2.432046;SELL
2016-03-24T11:38:27.000000;2016-03-24T11:38:27.737000;815c45ae-232e-4e51-b64c-e2441f5ce1a9;11.01;100.0;SELL
2016-03-24T11:38:27.000000;2016-03-24T11:38:27.763000;ceb02d04-14dd-4750-995e-58ae2ef1884f;11.01;43.434;SELL
2016-03-24T11:38:27.000000;2016-03-24T11:38:27.770000;459569ed-d0e9-4ab9-b09c-63e056a8e918;11.0;3.2;SELL
2016-03-24T11:38:27.000000;2016-03-24T11:38:27.803000;cab37e40-61c0-43d1-95a5-b4603561e75b;11.0;28.3886;SELL
2016-03-24T11:38:27.000000;2016-03-24T11:38:27.803000;e6b49898-0bb1-45bf-9e73-1618cd402ae9;11.0;0.8;SELL
2016-03-24T11:38:27.000000;2016-03-24T11:38:27.810000;b0234463-d376-4e3e-9669-0d97e81b2606;11.0;15.0;SELL
2016-03-24T11:38:27.000000;2016-03-24T11:38:27.840000;af354e0d-f90f-4df0-9c44-221ecaf6a7b6;11.0;345.645655;SELL
2016-03-24T11:38:27.000000;2016-03-24T11:38:27.840000;5ff75719-5a01-41c7-becc-d255f348261b;10.95;2.6913;SELL
2016-03-24T11:38:27.000000;2016-03-24T11:38:27.840000;df58fc60-0ea2-4181-8675-675b439996b6;10.95;11.92103536;SELL
2016-03-24T11:38:28.000000;2016-03-24T11:38:28.633000;f63ed282-7825-4587-9c0c-5e94874a1d71;11.024;44.7982;SELL
2016-03-24T11:38:28.000000;2016-03-24T11:38:28.637000;298d9294-20c5-4304-814c-12db1641b6f2;10.95;0.36329164;SELL
2016-03-24T11:38:33.000000;2016-03-24T11:38:33.287000;5b6c498a-0ace-42e1-a4b9-c7d4f3406023;10.947;0.36329164;BUY
2016-03-24T11:38:33.000000;2016-03-24T11:38:33.297000;42193d59-fab0-4b6d-8ace-46e0a85f3bb1;10.948;0.71270836;BUY
2016-03-24T11:38:35.000000;2016-03-24T11:38:35.993000;1f0209c0-22c6-4493-bcc6-bb07a5cfa664;10.904;1.0;SELL
2016-03-24T11:38:36.000000;2016-03-24T11:38:36.917000;791932ec-0d7a-49e7-9404-ef8781e74646;10.945;26.82233536;BUY
2016-03-24T11:38:36.000000;2016-03-24T11:38:36.927000;b458a5e3-a207-4268-8f60-6aacfee47916;10.946;26.82233536;BUY
2016-03-24T11:38:36.000000;2016-03-24T11:38:36.927000;f05f00fe-2f86-4ecd-9527-b7a3acac0ec9;10.946;65.3385289;BUY
2016-03-24T11:38:36.000000;2016-03-24T11:38:36.963000;524c603a-f843-4291-a9a7-cf2230c898c8;10.95;161.43539138;BUY
2016-03-24T11:38:44.000000;2016-03-24T11:38:44.473000;1eafd84c-0e41-4d99-ae43-25ad1e89c17c;10.95;1.0;BUY
2016-03-24T11:38:54.000000;2016-03-24T11:38:54.560000;1fa02988-9faa-4174-91ac-989146e56d87;10.949;2.0;BUY
2016-03-24T11:38:57.000000;2016-03-24T11:38:57.433000;e1ac8d85-5ba1-463b-9e13-a8e18f90f063;10.95;1.926;BUY
2016-03-24T11:39:08.000000;2016-03-24T11:39:08.620000;79384fd8-e112-4e7e-af16-e97a5fc7c86e;10.95;34.478;BUY
2016-03-24T11:39:14.000000;2016-03-24T11:39:14.393000;7d6ad8d9-6aed-4b1e-ba52-5affd1ed2405;10.95;0.27559;BUY
2016-03-24T11:39:15.000000;2016-03-24T11:39:15.347000;2f421a62-9e5c-430d-8f0d-fc3e58666542;10.95;42.87;BUY
2016-03-24T11:39:20.000000;2016-03-24T11:39:20.770000;1add321c-4c16-44b8-a599-17cf25898bc7;10.95;19.01901902;BUY
2016-03-24T11:39:20.000000;2016-03-24T11:39:20.950000;2049c02c-4d9e-451a-be32-98269654fa2e;10.95;20.0;BUY
2016-03-24T11:39:25.000000;2016-03-24T11:39:25.120000;0b9050b5-79b6-4109-b87a-90c518b9162e;10.95;2.0;BUY
2016-03-24T11:39:54.000000;2016-03-24T11:39:54.150000;e2686d37-aa2f-412a-b8c7-08ac4fc21b79;10.95;2.0;BUY
2016-03-24T11:39:59.000000;2016-03-24T11:39:59.660000;2b96dd0b-3eac-4a77-8f7c-6f278723a65d;10.95;8.00800801;BUY
2016-03-24T11:39:59.000000;2016-03-24T11:39:59.663000;4c421033-25e9-4404-a933-1b381a5898a6;10.95;18.84117654;BUY
2016-03-24T11:40:00.000000;2016-03-24T11:40:00.100000;101e0881-ce41-4c7d-8e2c-3570a391b910;10.95;11.23928153;BUY
2016-03-24T11:40:01.000000;2016-03-24T11:40:01.270000;58b2a707-3697-4246-92ab-43c693b14439;10.95;43.5147876;BUY
2016-03-24T11:40:28.000000;2016-03-24T11:40:28.110000;173ca55b-c099-4582-8c52-3d5c0508d448;10.95;26.84918454;BUY
2016-03-24T11:41:19.000000;2016-03-24T11:41:19.317000;c0be9f5c-ac71-4e57-b300-25060efc7ed3;10.95;10.0;BUY
2016-03-24T11:43:16.000000;2016-03-24T11:43:16.113000;088a7fec-cde2-41dd-91e7-597e02870092;10.903;2.4;SELL
2016-03-24T11:43:16.000000;2016-03-24T11:43:16.127000;5debdf14-abf0-4783-9e38-23f9c694112a;10.902;21.60115099;SELL
2016-03-24T11:43:16.000000;2016-03-24T11:43:16.130000;9327965a-b49b-46b3-8b8a-43d7823e9757;10.9;7.6;SELL
2016-03-24T11:45:27.000000;2016-03-24T11:45:27.457000;6261f7b9-270a-4108-8db9-11879b4860fa;10.901;0.4;SELL
2016-03-24T11:45:27.000000;2016-03-24T11:45:27.470000;9abcd08c-f805-45eb-b216-f48b3833d8f9;10.9;2.4;SELL
2016-03-24T11:45:27.000000;2016-03-24T11:45:27.473000;cb47c0a6-50db-48af-b9ba-e3679339cc18;10.9;78.39;SELL
2016-03-24T11:46:01.000000;2016-03-24T11:46:01.730000;a50e081d-71f6-412a-8c96-4d17e21513ee;10.949;2.8;BUY
2016-03-24T11:46:01.000000;2016-03-24T11:46:01.740000;1533bd4d-ef62-49bf-9ede-6304f5328341;10.95;2.7565243;BUY
2016-03-24T11:46:02.000000;2016-03-24T11:46:02.103000;fa8f27e6-5b57-4a99-b384-1cc4c8cc328d;10.95;2.14744745;BUY
2016-03-24T11:48:05.000000;2016-03-24T11:48:05.480000;92b794b8-2d6c-4488-9563-aad59bcb8ae4;10.95;0.82648402;BUY
2016-03-24T11:49:53.000000;2016-03-24T11:49:53.850000;0f3550e0-85fd-41ec-990b-d526ae2d3012;10.95;2.0;BUY
2016-03-24T11:52:53.000000;2016-03-24T11:52:53.963000;1c8b2db7-ba16-466c-a639-1a599b5fedaf;10.9;0.83687768;SELL
2016-03-24T11:52:55.000000;2016-03-24T11:52:55.837000;b1e39446-e748-4801-983b-5a783df4e6b5;10.9;16.18;SELL
2016-03-24T11:52:56.000000;2016-03-24T11:52:56.770000;5f18574a-8f3e-4dcb-b277-9f0a131a2c45;10.9;4.59312232;SELL
2016-03-24T11:53:02.000000;2016-03-24T11:53:02.413000;5fc188c0-ab55-4708-8ab2-c65008e4a812;10.899;10.27;BUY
2016-03-24T11:53:03.000000;2016-03-24T11:53:03.573000;e4219da1-6f0b-4081-8101-cbe7970649d2;10.801;45.7376;SELL
2016-03-24T11:53:03.000000;2016-03-24T11:53:03.583000;ca9eac8e-97bb-4dc1-a77d-09d16fc3a245;10.798;249.496891;SELL
2016-03-24T11:53:03.000000;2016-03-24T11:53:03.597000;13bfab57-684d-4006-815d-6ec4c90dca53;10.798;6.834077;SELL
2016-03-24T11:53:03.000000;2016-03-24T11:53:03.620000;c67f0871-1899-430f-aaef-a3432782f402;10.79;45.0;SELL
2016-03-24T11:53:03.000000;2016-03-24T11:53:03.620000;ac01cc22-ace3-4597-b1ec-1449cd45786f;10.78;269.1725;SELL
2016-03-24T11:53:03.000000;2016-03-24T11:53:03.620000;73df4378-6f67-43df-ab04-971c451f72ea;10.711;3.18;SELL
2016-03-24T11:53:03.000000;2016-03-24T11:53:03.620000;7bdc477e-cf41-4f72-9d9b-6efda690cd73;10.7;10.0;SELL
2016-03-24T11:53:03.000000;2016-03-24T11:53:03.640000;3eddcd8d-9e49-4d4d-bf27-2030aa41f0e8;10.69;25.0;SELL
2016-03-24T11:53:03.000000;2016-03-24T11:53:03.660000;498ea421-2bab-4490-adc4-482d19d2cf69;10.68;10.139;SELL
2016-03-24T11:53:03.000000;2016-03-24T11:53:03.660000;00c5a2b5-fa37-4136-b1d0-09877a9d8339;10.679;535.439932;SELL
2016-03-24T11:53:13.000000;2016-03-24T11:53:13.640000;e52c99b6-2ad0-4f14-ac24-b454f8dd01ef;10.865;4.87794313;BUY
2016-03-24T11:53:15.000000;2016-03-24T11:53:15.067000;da4db194-42bb-4489-9c06-7b38f6d0694f;10.865;2.0;BUY
2016-03-24T11:53:26.000000;2016-03-24T11:53:26.313000;89f6da9e-eac6-4f0a-80ff-c1959c598e32;10.861;4.825;BUY
2016-03-24T11:55:19.000000;2016-03-24T11:55:20.017000;9730130c-5e13-4a9f-9e69-237589ef9a01;10.693;2.0;SELL
2016-03-24T11:58:08.000000;2016-03-24T11:58:09.047000;4db24117-b6aa-4734-8665-2c56603cc782;10.746;3.064;SELL
2016-03-24T11:58:20.000000;2016-03-24T11:58:20.943000;718df567-da0f-49bf-ac35-98df9c67d633;10.699;1.2;BUY
2016-03-24T11:58:20.000000;2016-03-24T11:58:20.967000;c0ba1ba8-767e-4631-b5c6-758cbd4ddaaf;10.699;12.817;BUY
2016-03-24T11:58:45.000000;2016-03-24T11:58:45.887000;50763264-d538-47b1-833e-473243af1bb3;10.833;1.1844144;BUY
2016-03-24T11:58:45.000000;2016-03-24T11:58:45.897000;1e0ece51-c1a9-44de-95b1-53cca0f1abe0;10.833;1.2;BUY
2016-03-24T11:58:45.000000;2016-03-24T11:58:45.903000;03dbad4a-3b78-4f2e-bdd7-e519d4e6ea2e;10.834;7.93407701;BUY
2016-03-24T12:00:47.000000;2016-03-24T12:00:47.847000;42fbee53-cc92-4410-9399-c31c997c32dd;10.84;0.28946;BUY
2016-03-24T12:01:40.000000;2016-03-24T12:01:41.057000;6b7f8f71-8fd8-4501-94f1-69f24f442318;10.84;20.0;BUY
2016-03-24T12:02:23.000000;2016-03-24T12:02:23.137000;56bbf73d-8527-4222-a1f4-c0b8004061cb;10.84;0.1;BUY
2016-03-24T12:02:25.000000;2016-03-24T12:02:25.703000;c4a7b571-2432-4703-b893-2854a012a610;10.84;0.7099;BUY
2016-03-24T12:03:57.000000;2016-03-24T12:03:57.670000;2d52156e-e5f5-442f-abd2-b49de825c1a3;10.84;15.0;BUY
2016-03-24T12:04:23.000000;2016-03-24T12:04:23.607000;19287fc0-1685-476c-9ce2-f5f84b165f84;10.875;0.32274732;BUY
2016-03-24T12:06:10.000000;2016-03-24T12:06:10.953000;b3aec9f1-fbb2-41de-8ab6-d91653f41b46;10.892;0.92193185;BUY
2016-03-24T12:07:01.000000;2016-03-24T12:07:01.860000;ca918b0d-8f65-4e1e-bee1-2bfb24239f8f;10.95;0.57072;BUY
2016-03-24T12:07:12.000000;2016-03-24T12:07:12.337000;4dcd80d0-de5d-459f-adb3-a7bed77692bb;10.95;5.60560561;BUY
2016-03-24T12:07:45.000000;2016-03-24T12:07:45.630000;0f07b49d-75f6-4be8-b37e-51db1bf9df15;10.95;1.0;BUY
2016-03-24T12:07:51.000000;2016-03-24T12:07:51.207000;e80c2f01-b5ca-4f89-ae20-b4c9a1c4f400;10.95;1.001001;BUY
2016-03-24T12:07:52.000000;2016-03-24T12:07:52.180000;cd2d1ece-3ee0-49b2-89cb-0794104332b8;10.95;22.56256256;BUY
2016-03-24T12:07:53.000000;2016-03-24T12:07:53.100000;18f8d616-5f7c-4e1b-ad93-38925fb56d3f;10.95;10.01001001;BUY
2016-03-24T12:08:06.000000;2016-03-24T12:08:06.127000;10dba63f-bcd6-4c51-b45b-95e6b8e654fd;10.95;3.003003;BUY
2016-03-24T12:08:06.000000;2016-03-24T12:08:06.763000;a7d3f7aa-d7f9-42c5-b2b3-36fb7044bc75;10.95;1.106;BUY
2016-03-24T12:08:09.000000;2016-03-24T12:08:09.350000;4bd26c93-051a-43c1-95e5-0b5c9f3d5afe;10.95;4.4994995;BUY
2016-03-24T12:08:11.000000;2016-03-24T12:08:11.897000;31bfe8e4-c6f3-4bc6-8a2b-1b6ed98e6ec5;10.95;26.55169998;BUY
2016-03-24T12:08:12.000000;2016-03-24T12:08:12.440000;cb04a2bf-c4e1-40e7-9139-11f9f8a6f140;10.95;18.62037198;BUY
2016-03-24T12:08:12.000000;2016-03-24T12:08:12.997000;42c789f9-51c0-4df3-abbd-844bfaeb7bb1;10.95;11.584;BUY
2016-03-24T12:08:13.000000;2016-03-24T12:08:13.577000;24f2004c-7fb1-4b67-aed8-8853879f33ad;10.95;10.01001001;BUY
2016-03-24T12:08:13.000000;2016-03-24T12:08:13.763000;11218e55-b706-4ad8-a0b3-08f78a7d4516;10.95;25.32216668;BUY
2016-03-24T12:08:15.000000;2016-03-24T12:08:15.147000;4fe200bc-2a4a-4194-ad1b-f0f54d13e604;11.007;1.2295333;BUY
2016-03-24T12:10:21.000000;2016-03-24T12:10:21.103000;1bf3408f-61bd-4b25-8f21-b91ea5197b78;11.036;20.02002002;BUY
2016-03-24T12:11:25.000000;2016-03-24T12:11:25.347000;f42fb460-0074-490f-bb3f-7f74d9f3ac58;11.036;0.91282382;BUY
2016-03-24T12:14:31.000000;2016-03-24T12:14:31.163000;a0c4f05a-f222-41d7-baa4-da4644b60afb;11.002;1.935;SELL
2016-03-24T12:14:37.000000;2016-03-24T12:14:37.130000;a29cd6fb-00be-47f5-9865-26abeca86970;11.036;0.1;BUY
2016-03-24T12:14:47.000000;2016-03-24T12:14:47.450000;6cd43bf2-3175-4bef-9750-5148c2b2c7fc;11.002;0.35;SELL
2016-03-24T12:14:47.000000;2016-03-24T12:14:47.700000;92516976-746b-42a8-aadb-458235baa04a;11.002;42.715;SELL
2016-03-24T12:14:47.000000;2016-03-24T12:14:47.710000;e9c913eb-a600-4813-ad7d-e3260d853acc;10.99;5.3382;SELL
2016-03-24T12:14:47.000000;2016-03-24T12:14:47.737000;02cca3ab-24db-492d-9519-262d33a84b9e;10.974;11.58685;SELL
2016-03-24T12:14:47.000000;2016-03-24T12:14:47.740000;e72de029-873e-4a74-adda-e13e49ea9743;10.972;2.475903;SELL
2016-03-24T12:14:47.000000;2016-03-24T12:14:47.747000;fa9ad2ee-3eb4-4607-a751-f97cdb9b4a40;10.908;0.92193185;SELL
2016-03-24T12:14:49.000000;2016-03-24T12:14:49.507000;ed0c626e-45a1-4752-8a9d-ab7ca5f77dc6;10.908;8.74623;BUY
2016-03-24T12:14:49.000000;2016-03-24T12:14:49.697000;57a232c5-8c25-440e-8550-f0206b009434;10.701;0.35;SELL
2016-03-24T12:14:59.000000;2016-03-24T12:14:59.863000;a3ec6727-11ec-470b-bd33-8657171cd1b7;10.907;3.84646628;BUY
2016-03-24T12:14:59.000000;2016-03-24T12:14:59.867000;cff11d14-acb0-4c1a-9259-774ed007e6ef;10.907;20.72410983;BUY
2016-03-24T12:15:02.000000;2016-03-24T12:15:02.900000;901c347b-ed77-481d-84aa-3d4e37f2c85c;10.907;0.5005005;BUY
2016-03-24T12:15:05.000000;2016-03-24T12:15:05.713000;30049b9a-7051-482a-a336-158bbc5a4d76;10.907;26.65637809;BUY
2016-03-24T12:15:08.000000;2016-03-24T12:15:08.347000;8da8a1c0-f663-4ac5-a0c6-5f810a4e6802;10.907;0.5005005;BUY
2016-03-24T12:15:09.000000;2016-03-24T12:15:09.193000;559dd1ce-1052-4f25-8916-24196428552a;10.907;3.7358063;BUY
2016-03-24T12:15:09.000000;2016-03-24T12:15:09.780000;a892de56-110c-4b6f-a153-72f2312e1d99;10.715;2.17435963;SELL
2016-03-24T12:15:14.000000;2016-03-24T12:15:14.083000;918388a0-713b-4b76-a2df-fb3b4ea274a1;10.907;21.78718087;BUY
2016-03-24T12:15:15.000000;2016-03-24T12:15:15.530000;550e2d5c-5595-4070-b44d-d80dabc95a95;10.907;7.70239395;BUY
2016-03-24T12:15:15.000000;2016-03-24T12:15:15.550000;af9f8a71-7ca0-40b5-a4ae-3f4b7b180ad0;10.907;0.52394329;BUY
2016-03-24T12:15:15.000000;2016-03-24T12:15:15.557000;d839d3ce-31e1-4887-8f4f-b8a452db2d68;10.907;4.01689856;BUY
2016-03-24T12:15:17.000000;2016-03-24T12:15:17.707000;f1d6050b-6295-4d37-8ebb-b788e4012fe8;10.999;14.41314229;BUY
2016-03-24T12:15:17.000000;2016-03-24T12:15:18.010000;ff46f6e0-a736-425a-b293-e1c3ee735b36;10.999;14.41314229;BUY
2016-03-24T12:15:35.000000;2016-03-24T12:15:35.233000;d12cb21c-3680-4aac-9a7c-9ce0ccc1ae59;10.922;34.03041667;SELL
2016-03-24T12:15:35.000000;2016-03-24T12:15:35.250000;5595ef59-a4a8-453f-bb3e-be164aa3b5d7;10.922;12.2432358;SELL
2016-03-24T12:15:35.000000;2016-03-24T12:15:35.257000;ef4588e8-cd3f-4b70-8f13-a16377591146;10.922;1.4830574;SELL
2016-03-24T12:15:35.000000;2016-03-24T12:15:35.337000;c369d85c-8fa4-4091-bc69-2d05c02f6d98;10.922;6.22913607;SELL
2016-03-24T12:15:35.000000;2016-03-24T12:15:35.913000;c3ad812e-0dfa-42bb-a111-fb5ba6241182;10.924;17.76753005;SELL
2016-03-24T12:15:35.000000;2016-03-24T12:15:36.013000;153d1458-bf2c-46ac-a76f-f85d0f1fc379;10.924;9.31901688;SELL
2016-03-24T12:15:35.000000;2016-03-24T12:15:36.037000;6c9e78df-5abc-4db9-a244-3854b16e751d;10.924;1.21552394;SELL
2016-03-24T12:15:36.000000;2016-03-24T12:15:36.360000;3f9e9a44-29ba-4013-ad25-77c0f8b85a8c;10.999;4.53104233;BUY
2016-03-24T12:15:36.000000;2016-03-24T12:15:36.970000;8e584d48-1161-4005-99bd-d9c6a86b5e9b;10.999;2.64140667;BUY
2016-03-24T12:15:36.000000;2016-03-24T12:15:36.980000;91b2e799-a201-41a2-8658-9d4d25ee7255;11.002;1.88963566;BUY
2016-03-24T12:15:37.000000;2016-03-24T12:15:37.237000;4c1bf8ce-f8f6-4ad4-9283-7dcb3d6904df;11.002;4.53104233;BUY
2016-03-24T12:15:39.000000;2016-03-24T12:15:39.667000;fec2fbda-b30a-430c-8d7d-736babb7925c;10.922;12.2432358;SELL
2016-03-24T12:16:16.000000;2016-03-24T12:16:16.747000;5369f774-30b2-4064-86fb-52c47a9fbd57;10.91;0.2393;BUY
2016-03-24T12:16:23.000000;2016-03-24T12:16:23.677000;88811f9c-59b2-4fed-a552-17d400fda787;10.908;1.10710711;BUY
2016-03-24T12:18:20.000000;2016-03-24T12:18:20.887000;0de51966-e334-47e3-9712-eb34e6d71615;10.841;2.44959853;SELL
2016-03-24T12:18:20.000000;2016-03-24T12:18:20.937000;ad3b7c0e-a85f-4526-b3ba-0d989ad6fe62;10.841;18.78025539;SELL
2016-03-24T12:18:21.000000;2016-03-24T12:18:21.507000;a855cdae-cff7-4bca-b67c-f7162f9d4cd0;10.841;17.90030712;SELL
2016-03-24T12:18:21.000000;2016-03-24T12:18:21.793000;69330ca5-e085-4b6c-b638-f080a79f906f;10.841;5.84463896;SELL
2016-03-24T12:18:22.000000;2016-03-24T12:18:22.747000;048cdfd2-0dda-4d82-96ec-da4f79d2b8f5;10.836;2.27842706;SELL
2016-03-24T12:18:22.000000;2016-03-24T12:18:22.803000;0b1f1969-b141-49d0-b36c-8d87798d6b0d;10.836;6.62157294;SELL
2016-03-24T12:18:22.000000;2016-03-24T12:18:22.810000;9faf6cc1-f78c-4f82-8b97-47edc9042e4e;10.83;29.3124;SELL
2016-03-24T12:18:23.000000;2016-03-24T12:18:23.147000;55298e18-3cad-436f-ac9b-b755e3c075d4;10.837;8.3;BUY
2016-03-24T12:18:24.000000;2016-03-24T12:18:24.490000;00fb1a93-0529-4936-a092-b9167c6456f6;10.831;14.57067103;SELL
2016-03-24T12:18:24.000000;2016-03-24T12:18:24.517000;e016aaa0-4e5b-4a99-b2f9-e9d341065c32;10.831;2.66301691;SELL
2016-03-24T12:18:24.000000;2016-03-24T12:18:24.723000;e34e6790-ecac-490f-bd58-f1a9f7a95f70;10.831;14.57067103;SELL
2016-03-24T12:18:25.000000;2016-03-24T12:18:25.163000;929a22f9-f9bf-48c7-862b-d0eaed03b5fc;10.831;13.93004103;SELL
2016-03-24T12:18:25.000000;2016-03-24T12:18:25.667000;4b9e89ac-7a59-4f5a-a711-9a04491ef913;10.83;0.64063;SELL
2016-03-24T12:18:31.000000;2016-03-24T12:18:31.690000;585415fa-500c-4dd8-aecc-23abb497344f;10.83;8.25937;SELL
2016-03-24T12:18:40.000000;2016-03-24T12:18:40.643000;b379dbd7-406f-47cc-9863-61adab069f8c;10.809;8.25937;BUY
2016-03-24T12:18:40.000000;2016-03-24T12:18:40.643000;c783f383-5cff-49f3-90c5-60f0613f0630;10.809;3.91784816;BUY
2016-03-24T12:18:48.000000;2016-03-24T12:18:48.347000;2ce2b31c-ba66-4552-9156-3288fa32169c;10.808;0.40667537;BUY
2016-03-24T12:18:48.000000;2016-03-24T12:18:48.360000;45cca2a9-a4a9-41d3-825f-68d97241964b;10.808;1.64160463;BUY
2016-03-24T12:18:48.000000;2016-03-24T12:18:48.367000;22896352-238b-4a2a-9016-0e59e2026e03;10.809;4.34152184;BUY
2016-03-24T12:18:48.000000;2016-03-24T12:18:48.397000;314cfd5c-2e42-4421-9acb-8979b879fe39;10.809;3.11784456;BUY
2016-03-24T12:18:48.000000;2016-03-24T12:18:48.397000;0d18721b-455a-4b6f-898e-fe1fda929d0f;10.892;10.89682869;BUY
2016-03-24T12:18:48.000000;2016-03-24T12:18:48.403000;bb700a54-77e9-4c1f-9397-d8468f40ea09;10.893;5.62425233;BUY
2016-03-24T12:18:48.000000;2016-03-24T12:18:48.437000;1591a26b-574f-439f-b328-09f5fd8046b9;10.893;26.69063765;BUY
2016-03-24T12:18:50.000000;2016-03-24T12:18:50.787000;1dd736df-d5d4-4a3b-a634-f2ddebea7f5e;10.893;3.91784816;BUY
2016-03-24T12:21:11.000000;2016-03-24T12:21:11.563000;b732fc83-90c1-478b-8e9b-453c8cfaa913;10.81;1.07615;SELL
2016-03-24T12:21:11.000000;2016-03-24T12:21:11.573000;fdba732e-84f7-4f8a-9519-2641ba78cc0a;10.81;16.87217839;SELL
2016-03-24T12:21:15.000000;2016-03-24T12:21:15.310000;aead2439-41a9-45dc-99c9-bb79fe071901;10.81;17.94832839;SELL
2016-03-24T12:21:18.000000;2016-03-24T12:21:19.013000;6624e150-1c31-4c24-b112-b29afeeb91c5;10.81;3.46439322;SELL
2016-03-24T12:21:18.000000;2016-03-24T12:21:19.017000;128b2d3f-1f6e-41d3-ab48-b94bb145449d;10.81;6.35699519;SELL
2016-03-24T12:21:18.000000;2016-03-24T12:21:19.050000;85202ce1-7684-4675-852a-8eeb173b740f;10.809;2.04828;SELL
2016-03-24T12:21:18.000000;2016-03-24T12:21:19.050000;5ecd8b09-34a4-4f5f-a59e-20d3995a4791;10.808;6.07997462;SELL
2016-03-24T12:21:22.000000;2016-03-24T12:21:22.897000;8633f61e-7326-4a56-865e-23346e780733;10.808;1.37939178;SELL
2016-03-24T12:21:25.000000;2016-03-24T12:21:25.547000;720cac55-7e53-445d-93ff-ab8d45a3002c;10.808;1.37939165;BUY
2016-03-24T12:24:34.000000;2016-03-24T12:24:34.773000;74afb8fc-2522-441b-919e-ae64a0fd4c1f;10.8;26.94742101;SELL
2016-03-24T12:24:36.000000;2016-03-24T12:24:36.680000;20915a62-ade6-4842-a563-d0bc8562174b;10.8;0.90977899;SELL
2016-03-24T12:25:05.000000;2016-03-24T12:25:05.767000;cc71bd3c-72a6-437e-b313-6dcbffc640e6;10.792;0.90977899;BUY
2016-03-24T12:25:05.000000;2016-03-24T12:25:05.773000;f0d97aa3-6c4a-4ff2-bd0a-337d792efadd;10.792;0.65422101;BUY
2016-03-24T12:25:33.000000;2016-03-24T12:25:33.533000;7043d959-04c0-4d62-b481-4a3bddbc1084;10.738;18.05060631;SELL
2016-03-24T12:25:33.000000;2016-03-24T12:25:33.540000;7735ed26-9768-40b3-9163-745418209b4f;10.737;15.10989169;SELL
2016-03-24T12:25:33.000000;2016-03-24T12:25:34.043000;e5ecbb1c-e83b-41e3-a7e2-cccf2b47ce66;10.737;2.45981886;SELL
2016-03-24T12:25:33.000000;2016-03-24T12:25:34.067000;de76a951-7c82-45f4-87b8-e5404836cd89;10.737;0.32084593;SELL
2016-03-24T12:25:37.000000;2016-03-24T12:25:37.283000;2c1a2e36-f5a9-46da-9f56-4569f3a1ab65;10.737;0.35;SELL
2016-03-24T12:25:37.000000;2016-03-24T12:25:37.883000;9d926613-4ce9-40ff-99e3-efc9106f50d8;10.737;4.26313313;SELL
2016-03-24T12:25:38.000000;2016-03-24T12:25:38.297000;10320976-8428-4d8d-bc3f-3a925e9ad216;10.737;23.43961039;SELL
2016-03-24T12:25:41.000000;2016-03-24T12:25:41.527000;36c9fefd-a181-4b0f-a517-3d711c50cae9;10.738;0.35;BUY
2016-03-24T12:25:42.000000;2016-03-24T12:25:42.660000;e46be7c5-a134-41d9-a4ca-87a53b7295c1;10.738;4.17441302;SELL
2016-03-24T12:25:42.000000;2016-03-24T12:25:42.893000;886f5c86-2845-4405-b48e-baaa19a9cac8;10.712;19.85968173;SELL
2016-03-24T12:25:47.000000;2016-03-24T12:25:48.013000;9df1def2-7cc1-4b2b-bf83-014c58da2cb3;10.72;1.0762;BUY
2016-03-24T12:25:47.000000;2016-03-24T12:25:48.017000;a2ee9eb4-ab05-41e7-b6aa-b5e619f21a22;10.737;12.42558698;BUY
2016-03-24T12:25:47.000000;2016-03-24T12:25:48.033000;823382cc-4aa5-4921-a375-7f7e3f5931f4;10.823;9.25927759;BUY
2016-03-24T12:26:55.000000;2016-03-24T12:26:55.153000;eac67ce8-3f04-48c5-a5e7-e52bcdff7d10;10.85;1.0;BUY
2016-03-24T12:27:54.000000;2016-03-24T12:27:54.333000;aba6808e-e023-4346-b415-7098ede89bd8;10.874;7.79132804;BUY
2016-03-24T12:27:54.000000;2016-03-24T12:27:54.353000;244b5f03-30d5-42a0-a7b3-4a082ba34b3e;10.874;6.67067196;BUY
2016-03-24T12:28:52.000000;2016-03-24T12:28:52.093000;a2fb1030-b1d9-4153-aab7-de65ae6c4441;10.874;3.281;BUY
2016-03-24T12:33:49.000000;2016-03-24T12:33:49.073000;e055693d-44e0-4a73-b6d2-a5a754bba767;10.833;25.16164806;SELL
2016-03-24T12:39:58.000000;2016-03-24T12:39:58.323000;fd3e7fd4-8ac1-4b06-abfa-411c862d09f8;10.908;10.08928929;BUY
2016-03-24T12:40:21.000000;2016-03-24T12:40:21.947000;5354f397-4125-4d6f-9237-cd0377f86b77;10.908;2.153;BUY
2016-03-24T12:45:19.000000;2016-03-24T12:45:19.847000;cc45eab1-8039-4622-831b-31eeca05fb3b;10.973;3.18;SELL
2016-03-24T12:46:17.000000;2016-03-24T12:46:17.297000;d30c7cb9-c9d9-4b24-ab75-ac64cc6a9cc7;11.0;2.08;BUY
2016-03-24T12:47:05.000000;2016-03-24T12:47:05.990000;2fe5f2be-1543-4356-95ff-c04e4077c787;11.0;2.92;BUY
2016-03-24T12:47:05.000000;2016-03-24T12:47:06.003000;44f2ad06-621b-4c36-874e-87be83899c99;11.0;0.79;BUY
2016-03-24T12:47:13.000000;2016-03-24T12:47:13.563000;1ffa0c47-3506-4fd6-8c71-22ffdd93de46;11.0;1.048;BUY
2016-03-24T12:47:25.000000;2016-03-24T12:47:26.010000;3c41551e-0c72-4e69-99a4-d65c0fe64a1c;11.0;3.162;BUY
2016-03-24T12:52:16.000000;2016-03-24T12:52:17.230000;807ea9bb-54f1-4fbd-831c-358fd9863ad5;11.05;0.9009009;BUY
2016-03-24T12:52:18.000000;2016-03-24T12:52:18.333000;b2503dd8-5f4e-4d20-83e6-39623722531d;11.05;9.2380991;BUY
2016-03-24T12:52:18.000000;2016-03-24T12:52:18.343000;c0ae32d8-40a8-4d66-ad6c-0fc34cc120ce;11.05;10.0;BUY
2016-03-24T12:52:20.000000;2016-03-24T12:52:20.677000;461e470d-ffa9-4f31-9ac3-49511430d93a;11.06;0.9009009;BUY
2016-03-24T12:54:17.000000;2016-03-24T12:54:17.247000;9dca9220-6503-4001-b5e1-8914c2210483;11.06;6.14918016;BUY
2016-03-24T12:54:19.000000;2016-03-24T12:54:19.530000;977502b5-d1cb-427a-8b82-886c4c75b129;11.06;22.9499189;BUY
2016-03-24T12:54:51.000000;2016-03-24T12:54:51.483000;a1903126-ce5d-41fd-b1a7-1459ca67bf76;11.109;1.9627;BUY
2016-03-24T12:58:43.000000;2016-03-24T12:58:43.883000;4bd30a01-20ea-4d05-8f53-7011207be17e;11.07;26.891;SELL
2016-03-24T12:58:49.000000;2016-03-24T12:58:49.527000;95b86651-a232-4c3b-8447-9b3ea56d4a56;11.07;16.237;SELL
2016-03-24T13:03:58.000000;2016-03-24T13:03:58.990000;947395eb-4b99-4a7e-9959-0ea33aabbd29;11.099;37.2023;BUY
2016-03-24T13:46:33.000000;2016-03-24T13:46:33.263000;5fd2d96b-ca42-4804-a39f-828642cd71eb;11.06;5.0;BUY
2016-03-24T13:59:01.000000;2016-03-24T13:59:01.147000;18310c8e-f255-46a3-a133-1b2baf785617;10.959;0.49093;SELL
2016-03-24T14:02:26.000000;2016-03-24T14:02:26.710000;f65e0eeb-49a3-4b86-a725-571582e46085;10.959;1.990083;SELL
2016-03-24T14:03:48.000000;2016-03-24T14:03:48.977000;5086e50e-4d09-49a4-9b15-64245def6210;10.963;0.36112;BUY
2016-03-24T14:04:05.000000;2016-03-24T14:04:05.583000;0a18046f-4a30-4ac6-9e2d-e77bcf1fc362;10.955;0.24074;SELL
2016-03-24T14:06:46.000000;2016-03-24T14:06:47.007000;08b3e9a5-89cc-4308-9d90-9623e0cce384;10.955;2.0;BUY
2016-03-24T14:16:09.000000;2016-03-24T14:16:10.000000;0c2f0cc9-e0d4-4e64-8f85-a1d6e9f6ba69;11.006;2.376279;BUY
2016-03-24T14:16:19.000000;2016-03-24T14:16:19.903000;cd16be91-1791-4fe9-97b3-e415de016fb2;11.006;0.923721;SELL
2016-03-24T14:17:01.000000;2016-03-24T14:17:02.017000;e6849cc1-986c-4c16-b416-111b70da76c2;10.94;7.0;SELL
2016-03-24T14:29:55.000000;2016-03-24T14:29:55.217000;1ffbc57a-9b6e-48a5-898c-c1652e37897e;10.981;26.47674274;BUY
2016-03-24T14:51:29.000000;2016-03-24T14:51:29.407000;a637dcf9-c960-4e57-8e57-41081fcafc4d;11.0;102.017;BUY
2016-03-24T14:52:46.000000;2016-03-24T14:52:46.813000;0e99b503-fc8a-4fe6-b40d-7126f6183fc1;11.0;4.038;BUY
2016-03-24T14:52:49.000000;2016-03-24T14:52:49.300000;537ba78a-c839-4fad-a560-fea7776aeee7;11.0;0.4101;BUY
2016-03-24T14:53:11.000000;2016-03-24T14:53:11.100000;434eab8e-8716-4647-b86b-c7d906bdd511;11.0;0.164;BUY
2016-03-24T14:53:46.000000;2016-03-24T14:53:46.667000;161d3368-062f-44b0-b0f2-970c1e74e906;11.0;119.161;BUY
2016-03-24T14:53:56.000000;2016-03-24T14:53:56.573000;42b35dc1-c977-4d32-a6e1-6a5c4a077738;11.0;2.579;BUY
2016-03-24T14:54:05.000000;2016-03-24T14:54:05.260000;ad2d7a3b-ddbe-482a-bb39-0ab6051f53c6;11.0;2.021;BUY
2016-03-24T14:56:10.000000;2016-03-24T14:56:10.550000;f439f42c-45d1-4f09-8cd8-3af7ab0c1bde;11.0;0.5;BUY
2016-03-24T14:56:18.000000;2016-03-24T14:56:18.457000;5fcb20db-b4fd-47c5-9a23-ccb36f430c72;11.0;17.62067369;BUY
2016-03-24T14:56:18.000000;2016-03-24T14:56:18.997000;81158918-88d1-47ac-9782-42fcddf9c8df;11.0;17.62067369;BUY
2016-03-24T14:56:19.000000;2016-03-24T14:56:19.633000;9be25433-ac07-495f-86a9-19ba23f2d859;10.999;0.5;SELL
2016-03-24T14:56:21.000000;2016-03-24T14:56:21.813000;93a94884-c657-438b-9f54-700a6e9dc99f;11.0;17.62067369;BUY
2016-03-24T14:56:22.000000;2016-03-24T14:56:22.503000;39260179-7ad7-4c97-aca0-9b65e8a981c5;11.0;5.80488465;BUY
2016-03-24T14:58:39.000000;2016-03-24T14:58:39.993000;deaa25fd-99b7-4aab-a5ec-e9d01ade8b32;11.07;3.00900901;BUY
2016-03-24T14:58:51.000000;2016-03-24T14:58:51.483000;f3e01e1a-80c1-4c58-8bd3-8c3f4b728bec;11.07;2.16099099;BUY
2016-03-24T15:00:04.000000;2016-03-24T15:00:04.257000;1b83f13b-711b-448f-9c0c-1b4d318df987;11.1;2.163;BUY
2016-03-24T15:00:12.000000;2016-03-24T15:00:12.330000;8cdda92e-3978-495a-8d4e-4c2f6634a2b6;11.1;7.837;BUY
2016-03-24T15:00:45.000000;2016-03-24T15:00:45.937000;4edc240a-4a89-4cbe-8a4d-e992cce02995;11.138;0.47671542;BUY
2016-03-24T15:00:45.000000;2016-03-24T15:00:45.943000;40d50e00-d670-441d-bc81-2933c1f500ee;11.139;2.45928458;BUY
2016-03-24T15:01:35.000000;2016-03-24T15:01:35.090000;b9b01275-2e79-4979-91e6-abae1817d994;11.139;7.142e-05;BUY
2016-03-24T15:01:35.000000;2016-03-24T15:01:35.097000;56c50dd0-bb75-45dc-a3e3-34f461c7afa5;11.165;0.4806993;BUY
2016-03-24T15:01:35.000000;2016-03-24T15:01:35.123000;4036bb49-e8ea-4db2-acae-a07c53da33c5;11.17;29.99922928;BUY
2016-03-24T15:03:48.000000;2016-03-24T15:03:48.307000;a69683ec-798a-4047-8490-d7aa7b683280;11.17;0.00077072;BUY
2016-03-24T15:03:50.000000;2016-03-24T15:03:50.977000;7346fb60-74f3-416a-84e8-a629b19521c5;11.2;2.76424282;BUY
2016-03-24T15:04:14.000000;2016-03-24T15:04:14.337000;40900f29-2c26-4d35-99f7-af2755662786;11.172;0.72637373;SELL
2016-03-24T15:05:04.000000;2016-03-24T15:05:04.777000;f4eaff41-5aaf-49ff-85cb-58a5037c7336;11.2;7.23575718;BUY
2016-03-24T15:13:21.000000;2016-03-24T15:13:21.867000;0d3864c2-fbbe-4006-9639-e6a44c44553d;11.249;2.5;BUY
2016-03-24T15:13:21.000000;2016-03-24T15:13:21.880000;4d914108-d835-42f2-b54f-918ab4beb258;11.25;10.0;BUY
2016-03-24T15:14:32.000000;2016-03-24T15:14:32.157000;4ebe3945-eb3c-4918-bc20-3787ce4661ea;11.297;5.26418796;BUY
2016-03-24T15:15:18.000000;2016-03-24T15:15:18.477000;b80352c8-0ebc-42df-8d66-b597177a0413;11.287;3.13113901;SELL
2016-03-24T15:15:31.000000;2016-03-24T15:15:31.997000;b0e8cb0a-51bb-4a47-b432-e5b143c5f952;11.297;1.06161257;BUY
2016-03-24T15:15:31.000000;2016-03-24T15:15:32.003000;6f619814-4ca9-46fd-bf2e-9e8c64c21eb8;11.3;10.0;BUY
2016-03-24T15:16:20.000000;2016-03-24T15:16:20.577000;9e7c9053-8c83-4ce9-84af-6dc805129c11;11.279;17.7629195;SELL
2016-03-24T15:17:12.000000;2016-03-24T15:17:12.283000;1274b518-8e85-4505-b7e3-e1a8d2424a10;11.289;3.3;SELL
2016-03-24T15:17:29.000000;2016-03-24T15:17:29.850000;8b7eedb8-a7b9-4b29-81d2-d8e3403b23b0;11.294;0.891869;SELL
2016-03-24T15:17:29.000000;2016-03-24T15:17:29.857000;a1994cc9-876a-4578-a755-4a0ca25e2046;11.293;3.324131;SELL
2016-03-24T15:22:31.000000;2016-03-24T15:22:31.603000;3abd53ad-dc05-40f8-9141-860c02f60e7e;11.34;1.71640941;BUY
2016-03-24T15:22:32.000000;2016-03-24T15:22:32.663000;7938ec4e-09dd-4881-811c-370af7e04b02;11.34;1.714693;BUY
2016-03-24T15:22:44.000000;2016-03-24T15:22:44.647000;70749e35-b0a7-4c0d-bf6c-9337ac16c2d5;11.339;14.258;SELL
2016-03-24T15:22:55.000000;2016-03-24T15:22:55.647000;8d77c021-2b23-4637-a3af-bbacbd7ae8aa;11.34;16.56889759;BUY
2016-03-24T15:23:53.000000;2016-03-24T15:23:53.100000;9e26afd5-edc6-43b5-802c-8574dc8121a9;11.35;0.36700707;BUY
2016-03-24T15:23:54.000000;2016-03-24T15:23:54.327000;b78ac90d-1fe3-4bb3-8236-4fa739de21a3;11.35;0.36700707;BUY
2016-03-24T15:23:55.000000;2016-03-24T15:23:55.497000;a352f20b-635d-4458-861d-f82e11e1ae09;11.35;0.36700707;BUY
2016-03-24T15:24:09.000000;2016-03-24T15:24:09.463000;80a36ae4-2814-4d16-bf65-e2455587e6d3;11.35;8.89897851;BUY
