time_exchange;time_coinpai;guid;price;base_amount;taker_side
2016-03-24T00:00:31.413000;2016-03-24T00:00:31.427000;4d7c356e-d461-4f5f-a5ae-3739fc735538;417.53;0.20782;BUY
2016-03-24T00:00:31.413000;2016-03-24T00:00:31.460000;a207012c-8a2e-4e00-a0c6-cb867e9c5c97;417.53;0.238;BUY
2016-03-24T00:00:31.413000;2016-03-24T00:00:31.460000;b9058647-a3d1-477e-912d-e0a51ec9574d;417.53;0.239;BUY
2016-03-24T00:00:31.413000;2016-03-24T00:00:31.460000;46751c88-fbb8-4dca-be7b-7fd36435a965;417.53;0.47;BUY
2016-03-24T00:00:31.413000;2016-03-24T00:00:31.460000;3124d762-e51e-46d8-a965-0fbd0970efba;417.53;0.2081;BUY
2016-03-24T00:01:01.367000;2016-03-24T00:01:01.380000;4c13939a-0add-4e50-a147-fcafd7110846;417.53;0.1949;BUY
2016-03-24T00:01:01.367000;2016-03-24T00:01:01.397000;a6364f57-c1cf-4499-ad60-73e0d72f8815;417.53;0.0801;BUY
2016-03-24T00:01:31.400000;2016-03-24T00:01:31.413000;020792ef-250f-4fe6-bb7b-f4a72ba5eb30;417.52;0.01;SELL
2016-03-24T00:01:31.400000;2016-03-24T00:01:31.443000;5ba10c0a-4771-48d7-a06b-ecff19dee6bc;417.52;0.05;SELL
2016-03-24T00:01:31.400000;2016-03-24T00:01:31.443000;2bb2f934-c095-40f3-8ec2-099f16966b20;417.5;1.09248;SELL
2016-03-24T00:02:01.560000;2016-03-24T00:02:01.570000;631d9eb3-616d-4f9d-8336-a64a8661d86a;417.53;0.75896;BUY
2016-03-24T00:02:31.453000;2016-03-24T00:02:31.460000;b6b04820-6d67-425a-8882-1e3224602c81;417.51;0.25;BUY
2016-03-24T00:02:31.453000;2016-03-24T00:02:31.477000;dea04b9f-1ce1-4ba1-ba0b-8471278b876a;417.51;0.239;BUY
2016-03-24T00:02:31.453000;2016-03-24T00:02:31.477000;aaf93669-a91b-4491-83b9-606d67ff0c4b;417.51;0.238;BUY
2016-03-24T00:02:31.453000;2016-03-24T00:02:31.477000;d321f375-c2af-4f97-8965-28b894aeb971;417.51;0.239;BUY
2016-03-24T00:02:31.453000;2016-03-24T00:02:31.507000;c3a8f664-e702-448e-98ed-a061d5d06c7c;417.52;0.27896;BUY
2016-03-24T00:03:01.473000;2016-03-24T00:03:01.490000;f501d81e-5c47-4e82-8201-1296ea1076c2;417.51;0.23682;BUY
2016-03-24T00:03:31.520000;2016-03-24T00:03:31.523000;fbaafbf8-ce17-4b09-9f89-75a128d64720;417.51;0.00118;BUY
2016-03-24T00:03:31.520000;2016-03-24T00:03:31.537000;90c58a8c-b854-4d7d-8fc1-a1611d014dee;417.51;0.238;BUY
2016-03-24T00:03:31.520000;2016-03-24T00:03:31.537000;81c36e9d-dfa1-4c4b-805c-04a25bdc926e;417.51;0.238;BUY
2016-03-24T00:03:31.520000;2016-03-24T00:03:31.537000;cdceb3dc-62b2-42af-ba49-2b8d60c3040b;417.51;0.02282;BUY
2016-03-24T00:04:01.483000;2016-03-24T00:04:01.507000;436b38dc-0f59-4885-a265-47fedbe99457;417.51;0.14938;BUY
2016-03-24T00:04:31.467000;2016-03-24T00:04:31.477000;531e858c-dad5-4d8f-a586-644aad7c354d;417.51;0.0658;BUY
2016-03-24T00:04:31.467000;2016-03-24T00:04:31.490000;fb57ff8d-9068-455a-ba74-6702461749b6;417.51;0.238;BUY
2016-03-24T00:04:31.467000;2016-03-24T00:04:31.490000;5d7f60a7-a235-4121-8cf4-c0a24190affd;417.51;0.238;BUY
2016-03-24T00:04:31.467000;2016-03-24T00:04:31.537000;b46bc361-3aae-42bf-823d-e0788008eec9;417.51;0.238;BUY
2016-03-24T00:04:31.467000;2016-03-24T00:04:31.537000;1c99a4d3-7e12-4408-94d3-c64e808b0ae0;417.51;0.239;BUY
2016-03-24T00:04:31.467000;2016-03-24T00:04:31.537000;224aa7ba-dd90-4144-8c75-29c314c0d145;417.51;0.238;BUY
2016-03-24T00:04:31.467000;2016-03-24T00:04:31.570000;e4caadc7-314e-4094-9870-d2f0b7d1fa0f;417.51;0.239;BUY
2016-03-24T00:04:31.467000;2016-03-24T00:04:31.600000;948cf44d-a12a-43ea-92d2-826cfd6a62bb;417.51;0.238;BUY
2016-03-24T00:04:31.467000;2016-03-24T00:04:31.600000;16dc8837-027e-430b-a694-73531ae1556c;417.51;0.239;BUY
2016-03-24T00:04:31.470000;2016-03-24T00:04:31.600000;16b0ffc2-16b8-4853-bbc6-a86570ae193e;417.51;0.238;BUY
2016-03-24T00:04:31.470000;2016-03-24T00:04:31.600000;26c695fd-f015-47a2-9c69-dfaa01e908c5;417.51;0.239;BUY
2016-03-24T00:04:31.470000;2016-03-24T00:04:31.600000;3a53152c-bd9d-4079-834d-6ba2dfef311e;417.51;0.15876;BUY
2016-03-24T00:04:59.427000;2016-03-24T00:04:59.487000;bdfd63a4-3369-4bc2-8156-64fd2b107178;417.51;0.07924;BUY
2016-03-24T00:04:59.427000;2016-03-24T00:04:59.517000;68b9e6cd-a180-45fb-8844-bc04232079d2;417.51;0.238;BUY
2016-03-24T00:04:59.427000;2016-03-24T00:04:59.517000;68a15bb6-9276-4ea8-a771-dee9fafadca6;417.51;0.238;BUY
2016-03-24T00:04:59.427000;2016-03-24T00:04:59.517000;b3e2e27c-d311-4f75-8896-6e102c4d47df;417.51;0.238;BUY
2016-03-24T00:04:59.427000;2016-03-24T00:04:59.517000;b26463a1-f25e-46f2-b656-39152daa4871;417.51;0.238;BUY
2016-03-24T00:04:59.427000;2016-03-24T00:04:59.597000;2cb6a0c9-03ad-43ab-873f-9894cef44fd5;417.51;0.238;BUY
2016-03-24T00:04:59.427000;2016-03-24T00:04:59.597000;99558e34-e9ea-4dce-ac0c-226403336da3;417.51;0.238;BUY
2016-03-24T00:04:59.430000;2016-03-24T00:04:59.597000;151f8456-6132-4af4-8ab3-84414d5bc73b;417.51;0.238;BUY
2016-03-24T00:04:59.430000;2016-03-24T00:04:59.597000;abe071c4-89fb-4144-a061-3f45c7b2128d;417.51;0.15889999;BUY
2016-03-24T00:04:59.430000;2016-03-24T00:04:59.597000;4cf4f27c-58b4-49da-8516-981cb9aedd97;417.51;0.238;BUY
2016-03-24T00:04:59.430000;2016-03-24T00:04:59.597000;3c6f0e22-c075-4af0-a9d2-ac5d43b5d04b;417.51;0.238;BUY
2016-03-24T00:04:59.430000;2016-03-24T00:04:59.597000;a36c074f-d858-43a3-b9bf-c3c19c350b00;417.51;0.238;BUY
2016-03-24T00:04:59.430000;2016-03-24T00:04:59.597000;9526f0c1-ec77-45fc-ba33-8d0809186ddd;417.51;0.239;BUY
2016-03-24T00:04:59.430000;2016-03-24T00:04:59.597000;28e19ad8-2a78-4607-b282-d0a89d08d440;417.51;0.239;BUY
2016-03-24T00:04:59.430000;2016-03-24T00:04:59.597000;d40b5a8a-46ce-4a16-adcb-c7db3711beb9;417.51;1.68221853;BUY
2016-03-24T00:05:01.453000;2016-03-24T00:05:01.517000;11b38396-a6d3-457c-a59a-c6ec23f9b03a;417.51;0.03557;BUY
2016-03-24T00:05:07.493000;2016-03-24T00:05:07.550000;f6d4a5fe-d808-4157-ac23-e85fa04d06f7;417.51;0.6588;BUY
2016-03-24T00:05:07.533000;2016-03-24T00:05:07.597000;6852c2dc-cc7f-49f6-bf40-c79d5cb8d7aa;417.51;0.46035;BUY
2016-03-24T00:05:07.647000;2016-03-24T00:05:07.707000;6a95cfeb-0c7e-4846-966d-6696dc075b77;417.51;0.04668;BUY
2016-03-24T00:05:07.727000;2016-03-24T00:05:07.800000;66c4c3ff-64fc-4485-a3eb-4aaaa20207e7;417.51;0.05715;BUY
2016-03-24T00:05:07.827000;2016-03-24T00:05:07.893000;b70104af-71d5-4fdd-ac8d-e11f1bd53641;417.51;0.08464003;BUY
2016-03-24T00:05:31.457000;2016-03-24T00:05:31.517000;45d44a33-a7bf-434c-8989-12d7458b256b;417.51;0.52669;BUY
2016-03-24T00:06:00.907000;2016-03-24T00:06:00.970000;47d91912-3a9a-48bf-8abe-d68bf639c468;417.51;2.38917926;BUY
2016-03-24T00:06:01.973000;2016-03-24T00:06:02.033000;f539cd81-c7dd-41ce-9817-36ccda754155;417.51;0.23715;BUY
2016-03-24T00:06:22.100000;2016-03-24T00:06:22.160000;3b82bd3c-56b4-4f29-b5c1-09dfc2ac5963;417.5;0.03212;SELL
2016-03-24T00:06:22.117000;2016-03-24T00:06:22.173000;a62b1344-4da6-4240-adfb-eeee75611ae8;417.5;0.03432;SELL
2016-03-24T00:06:31.460000;2016-03-24T00:06:31.517000;4d40eade-ab99-4846-880e-76edb09e4f6f;417.51;0.57679;BUY
2016-03-24T00:07:01.460000;2016-03-24T00:07:01.533000;ea8cb3c2-330e-47e3-9d61-4221199024a9;417.5;0.16849;SELL
2016-03-24T00:07:33.927000;2016-03-24T00:07:33.987000;0f19a5c2-61f3-4ff3-abd2-323d2477ffc6;417.51;0.98772;BUY
2016-03-24T00:08:01.557000;2016-03-24T00:08:01.613000;6ab1c047-94b4-4511-b7cc-b0e9c03248bb;417.51;0.47429;BUY
2016-03-24T00:08:32.230000;2016-03-24T00:08:32.283000;8c226979-d959-4faf-9581-329b3bdbf28a;417.5;0.16;SELL
2016-03-24T00:09:01.540000;2016-03-24T00:09:01.597000;1d6d7925-9455-4e54-b23a-88980400694e;417.5;0.1121;SELL
2016-03-24T00:09:36.043000;2016-03-24T00:09:36.097000;b92b85cf-eab9-4ef9-a7c3-4841e951baa2;417.51;1.24548;BUY
2016-03-24T00:10:01.557000;2016-03-24T00:10:01.613000;9b97d775-b0e7-4b5b-b498-09bcdf0d6fad;417.51;0.41501;BUY
2016-03-24T00:10:40.677000;2016-03-24T00:10:40.720000;4ae04ec3-e114-40b5-ac7a-478ddf7bd159;417.5;0.13519;SELL
2016-03-24T00:11:14.970000;2016-03-24T00:11:15.033000;e17463b9-955a-4fb0-95d6-3c9ed1fdbee3;417.51;0.23777112;BUY
2016-03-24T00:11:32.333000;2016-03-24T00:11:32.377000;d9040c6f-39d7-49d2-a99c-258560143f68;417.5;2.0;SELL
2016-03-24T00:12:31.570000;2016-03-24T00:12:31.613000;c0becee5-f35f-4352-813c-e844fe767a60;417.51;0.5778;BUY
2016-03-24T00:13:02.130000;2016-03-24T00:13:02.173000;54602ca3-3ccd-43ff-86da-46fee2093743;417.5;5.63286;SELL
2016-03-24T00:13:39.637000;2016-03-24T00:13:39.673000;ec644953-3d52-4de5-8754-fd8f68566878;417.51;0.16203;BUY
2016-03-24T00:13:41.437000;2016-03-24T00:13:41.487000;b7a1ee8f-cd65-4bab-9a9c-9b9b23d0267c;417.51;0.05334;BUY
2016-03-24T00:13:41.467000;2016-03-24T00:13:41.503000;28f5b60e-c1e1-4e47-ae32-4ac88ef13ec0;417.51;0.21666;BUY
2016-03-24T00:14:03.463000;2016-03-24T00:14:03.503000;1c36f266-7d6b-41b2-bda9-307c3c9e37de;417.51;0.82678;BUY
2016-03-24T00:14:34.030000;2016-03-24T00:14:34.067000;ffc7a344-5099-43b1-a49d-2bd3fd0f7e75;417.51;0.20876;BUY
2016-03-24T00:15:02.113000;2016-03-24T00:15:02.160000;864c8f0b-e315-4d75-861f-99210d87ded4;417.51;1.74070977;BUY
2016-03-24T00:15:02.113000;2016-03-24T00:15:02.173000;041cafcb-07c3-4ccf-81f8-743e6bdafaca;417.51;0.05;BUY
2016-03-24T00:15:02.113000;2016-03-24T00:15:02.173000;a5d7353a-83e2-4cb3-a4c7-a3b99fe97fd8;417.51;0.57072023;BUY
2016-03-24T00:15:31.680000;2016-03-24T00:15:31.737000;f208b012-bc84-4954-ac49-abb8b45f0e9f;417.51;0.14941;BUY
2016-03-24T00:16:01.533000;2016-03-24T00:16:01.567000;10565ffd-54ea-4951-a4ce-ffa3791d29fd;417.5;0.2607;SELL
2016-03-24T00:16:31.570000;2016-03-24T00:16:31.613000;c1e652dd-0d81-42c9-8177-1f1a3de02891;417.5;0.04778;SELL
2016-03-24T00:16:33.187000;2016-03-24T00:16:33.220000;6d0d1f7a-581a-4a06-9b8d-166548e98ea2;417.51;0.181;BUY
2016-03-24T00:16:33.243000;2016-03-24T00:16:33.283000;6101c2ae-73c5-425f-a545-f014e108d19a;417.51;0.15243977;BUY
2016-03-24T00:16:33.243000;2016-03-24T00:16:33.283000;cb9c8ce5-1430-420e-aac7-547faaeb57c9;417.51;0.16406023;BUY
2016-03-24T00:17:01.600000;2016-03-24T00:17:01.643000;1a6a760a-11ff-4759-8047-0ef1c07379b9;417.51;0.23893977;BUY
2016-03-24T00:17:01.603000;2016-03-24T00:17:01.660000;8624d299-09bd-4ab4-a7c3-89bb81b87097;417.51;0.239;BUY
2016-03-24T00:17:01.603000;2016-03-24T00:17:01.660000;df47dff5-f26a-4784-b280-1c737c558ee8;417.51;0.238;BUY
2016-03-24T00:17:01.603000;2016-03-24T00:17:01.660000;1458876a-398f-457c-a244-733d0ebe1bff;417.51;0.239;BUY
2016-03-24T00:17:01.603000;2016-03-24T00:17:01.673000;2e42eeaa-9005-4fe3-a607-f11a6dbc8776;417.51;0.239;BUY
2016-03-24T00:17:01.603000;2016-03-24T00:17:01.673000;2cea929f-36ef-408a-b00f-36ef3ec42ff1;417.51;0.238;BUY
2016-03-24T00:17:01.603000;2016-03-24T00:17:01.673000;400e5222-6757-48ad-9897-aded6e11c232;417.51;0.238;BUY
2016-03-24T00:17:01.603000;2016-03-24T00:17:01.720000;a8dd1010-611c-48af-9282-c97524b51da4;417.51;0.101;BUY
2016-03-24T00:17:01.603000;2016-03-24T00:17:01.753000;7e41a9cc-acd4-465b-a1dd-1c10518f85f1;417.51;0.239;BUY
2016-03-24T00:17:01.603000;2016-03-24T00:17:01.753000;8a49146b-c7cd-4be3-8f02-c09551d1b408;417.51;0.238;BUY
2016-03-24T00:17:01.603000;2016-03-24T00:17:01.753000;abee0a91-195c-4269-ac78-40e81c9d557e;417.51;0.238;BUY
2016-03-24T00:17:01.603000;2016-03-24T00:17:01.753000;6c902a45-95f0-4010-93c5-2625b0169fb4;417.51;0.238;BUY
2016-03-24T00:17:01.603000;2016-03-24T00:17:01.753000;b10ae32a-4854-463c-a7e2-971abb4b35a2;417.51;0.238;BUY
2016-03-24T00:17:01.603000;2016-03-24T00:17:01.753000;9ad3b78b-1566-45fd-b840-0c1e0662e04b;417.51;0.238;BUY
2016-03-24T00:17:01.603000;2016-03-24T00:17:01.753000;4372c649-5023-4d23-9ba4-93419fe324b2;417.51;0.239;BUY
2016-03-24T00:17:01.603000;2016-03-24T00:17:01.753000;a6fcca5d-3994-45ee-a2a2-53f7fd6bf292;417.51;0.239;BUY
2016-03-24T00:17:01.603000;2016-03-24T00:17:01.753000;17419a80-793b-427a-ac00-51c4a5c1611c;417.51;0.238;BUY
2016-03-24T00:17:01.603000;2016-03-24T00:17:01.753000;4bf1f064-2e37-4d92-b496-10d0e8ae279d;417.51;0.238;BUY
2016-03-24T00:17:01.603000;2016-03-24T00:17:01.753000;b2a8e950-8a5d-4890-9f4c-422802b2f7e6;417.51;0.238;BUY
2016-03-24T00:17:01.603000;2016-03-24T00:17:01.753000;f9bd67b5-3c4f-4925-84bd-f69a0b8c24fb;417.51;0.239;BUY
2016-03-24T00:17:01.603000;2016-03-24T00:17:01.753000;120f0ce5-b7d2-46b3-9c7e-d0af9d00d0bb;417.51;0.20499023;BUY
2016-03-24T00:17:34.447000;2016-03-24T00:17:34.520000;95c5adac-92be-4304-9362-f13b8b712d48;417.51;0.03300977;BUY
2016-03-24T00:17:34.447000;2016-03-24T00:17:34.520000;d253beca-93e2-4676-9448-49c3fff539cf;417.51;0.238;BUY
2016-03-24T00:17:34.447000;2016-03-24T00:17:34.520000;77c60b07-fc28-4433-9e19-a5781c7e311e;417.51;0.20899023;BUY
2016-03-24T00:18:01.807000;2016-03-24T00:18:01.830000;0ffd63d2-dfe8-49ec-90b1-610bdec121e1;417.51;0.02900977;BUY
2016-03-24T00:18:01.807000;2016-03-24T00:18:01.847000;f6cb84ee-021b-4ad4-9a1e-fffc3b032870;417.51;0.238;BUY
2016-03-24T00:18:01.807000;2016-03-24T00:18:01.847000;5e7bd6f7-d504-48bc-ad42-2f02b5d017a4;417.51;0.07209023;BUY
2016-03-24T00:18:14.583000;2016-03-24T00:18:14.613000;e148081b-4351-4a58-bd14-7a35baeaf846;417.51;0.048028;BUY
2016-03-24T00:18:31.447000;2016-03-24T00:18:31.470000;766f8b0b-fddc-4b34-a8b4-04b30ad938ac;417.51;0.11888177;BUY
2016-03-24T00:18:31.447000;2016-03-24T00:18:31.487000;86e5ab02-6b1a-4ccd-90fa-50a2d77bfcc4;417.51;0.238;BUY
2016-03-24T00:18:31.447000;2016-03-24T00:18:31.487000;4b960947-fd20-495d-a2c0-db513b3bd536;417.51;0.238;BUY
2016-03-24T00:18:31.447000;2016-03-24T00:18:31.487000;0cf34a28-33b1-45b0-b04d-6acf5af08d11;417.51;0.239;BUY
2016-03-24T00:18:31.447000;2016-03-24T00:18:31.520000;493025d2-0b28-42ca-9035-02ef62dfdf29;417.51;0.239;BUY
2016-03-24T00:18:31.447000;2016-03-24T00:18:31.580000;c0d3fae4-28fa-41d9-960d-923cc4a2f06f;417.51;0.11972823;BUY
2016-03-24T00:19:03.930000;2016-03-24T00:19:03.957000;958d2921-641d-4e5a-b494-ea714804f0a9;417.51;0.11827177;BUY
2016-03-24T00:19:03.930000;2016-03-24T00:19:03.970000;7fc199e2-636f-4201-9553-4c11b7f8e15c;417.51;0.238;BUY
2016-03-24T00:19:03.930000;2016-03-24T00:19:03.970000;67aac4b8-4110-4bc0-a0f6-291c05e23ade;417.51;0.238;BUY
2016-03-24T00:19:03.930000;2016-03-24T00:19:04.020000;b05fd7f3-6cab-448c-a314-c3d753d5f75a;417.51;0.0123;BUY
2016-03-24T00:19:03.930000;2016-03-24T00:19:04.033000;5b2e18b4-caaa-443a-aca6-8668ee41dee9;417.51;0.407;BUY
2016-03-24T00:19:03.930000;2016-03-24T00:19:04.033000;dd358216-f525-4035-9de6-46caf7e04784;417.51;0.00922823;BUY
2016-03-24T00:19:31.553000;2016-03-24T00:19:31.580000;be642fe5-c3e8-43b9-a481-1d3ca7adb943;417.51;0.11856;BUY
2016-03-24T00:20:01.707000;2016-03-24T00:20:01.737000;83c0dd55-a291-4815-a5fe-a4c45ffc7c53;417.51;0.11121177;BUY
2016-03-24T00:20:01.707000;2016-03-24T00:20:01.753000;6f3de9e2-535a-4345-9019-8e29a05c7bef;417.51;0.239;BUY
2016-03-24T00:20:01.707000;2016-03-24T00:20:01.753000;06e5fb72-a9b5-4ab4-93c1-04dfcc3806d4;417.51;0.12;BUY
2016-03-24T00:20:01.707000;2016-03-24T00:20:01.783000;c7d1c580-486b-4a43-85a6-4e056d7ebc4d;417.55;0.01;BUY
2016-03-24T00:20:01.707000;2016-03-24T00:20:01.800000;fba5da7e-5267-4107-93db-b7001f968998;417.55;0.01;BUY
2016-03-24T00:20:01.707000;2016-03-24T00:20:01.800000;ce0aa6a9-0f39-4067-9184-91236448fa54;417.56;0.149;BUY
2016-03-24T00:20:01.707000;2016-03-24T00:20:01.800000;8386dc45-0de0-43b5-9ac4-8128a727ef26;417.57;0.01;BUY
2016-03-24T00:20:01.710000;2016-03-24T00:20:01.800000;12ba6ac9-c398-4bf5-9f4c-a4087f017050;417.57;0.25;BUY
2016-03-24T00:20:01.710000;2016-03-24T00:20:01.800000;1be3189f-e593-4802-932e-7144e3c6b02a;417.59;0.01;BUY
2016-03-24T00:20:01.710000;2016-03-24T00:20:01.800000;31db4898-7e34-4094-8e7f-3c0f6a6596de;417.59;0.19767823;BUY
2016-03-24T00:20:31.853000;2016-03-24T00:20:31.903000;44b4f039-66b2-4f09-811b-a243677a3d96;417.56;0.25;BUY
2016-03-24T00:20:31.853000;2016-03-24T00:20:31.920000;3187c49e-42ad-4b4e-b23f-e0e034708eb3;417.56;0.106;BUY
2016-03-24T00:20:31.853000;2016-03-24T00:20:31.920000;2ce41fb4-98b6-4031-83b2-f68049b4bde0;417.56;0.05;BUY
2016-03-24T00:20:31.853000;2016-03-24T00:20:31.920000;6b4c9eca-b8ac-4492-86ec-ddabb773434b;417.58;0.09152;BUY
2016-03-24T00:21:14.660000;2016-03-24T00:21:14.717000;cebbc833-8ec5-4d00-b6fd-e472fe21e323;417.57;0.25;BUY
2016-03-24T00:21:14.660000;2016-03-24T00:21:14.733000;8902505a-72dc-4441-8ca0-f4366d091ff2;417.57;0.097;BUY
2016-03-24T00:21:14.660000;2016-03-24T00:21:14.733000;d79b5185-ad16-45f0-8ab0-edebee63ba2d;417.6;0.01;BUY
2016-03-24T00:21:14.660000;2016-03-24T00:21:14.733000;83cf3b4f-2f2e-4d6e-8bce-ec98eaa66458;417.6;0.1;BUY
2016-03-24T00:21:14.660000;2016-03-24T00:21:14.733000;c381df8b-6b24-42bd-87df-8a8651caad7c;417.62;0.07366;BUY
2016-03-24T00:22:01.753000;2016-03-24T00:22:01.793000;b58dface-f4bb-4f81-88fa-e4d67d66c3f5;417.59;0.24253;BUY
2016-03-24T00:23:01.630000;2016-03-24T00:23:01.717000;12d90d6e-f59f-449d-8c53-97c1a5459bd3;417.59;0.00747;BUY
2016-03-24T00:23:01.630000;2016-03-24T00:23:01.717000;d93f6712-d6ae-4a52-9440-a606067f8088;417.59;0.127;BUY
2016-03-24T00:23:01.630000;2016-03-24T00:23:01.717000;475efe40-16c9-466c-8366-5f2240ac8107;417.62;0.17634;BUY
2016-03-24T00:23:01.633000;2016-03-24T00:23:01.717000;69097b8c-6695-4f4c-88d5-eb81c01afae3;417.63;0.25;BUY
2016-03-24T00:23:01.633000;2016-03-24T00:23:01.733000;9dbec700-c4c1-48d3-99d9-ce8f2b1ae4bc;417.63;0.25;BUY
2016-03-24T00:23:01.633000;2016-03-24T00:23:01.780000;22f0f8fc-6ee1-4f2c-afd9-32d72e16cde5;417.63;0.25;BUY
2016-03-24T00:23:01.633000;2016-03-24T00:23:01.780000;bb2f3ccd-481b-4747-be13-079d381e22cd;417.63;0.20033;BUY
2016-03-24T00:24:01.730000;2016-03-24T00:24:01.780000;d10f277b-e9c0-43aa-a432-387f76b8f37c;417.59;0.01;SELL
2016-03-24T00:24:01.733000;2016-03-24T00:24:01.793000;3389a3db-fe02-49d6-84d3-01b4eac51e07;417.58;0.01;SELL
2016-03-24T00:24:01.733000;2016-03-24T00:24:01.810000;9be4aa03-309e-4b02-a81c-85f0ba838b33;417.55;0.101;SELL
2016-03-24T00:24:01.733000;2016-03-24T00:24:01.810000;99482795-4d1c-4d11-b3bb-2f1eaeecc8cc;417.55;0.05;SELL
2016-03-24T00:24:01.733000;2016-03-24T00:24:01.810000;4030d555-45c6-4578-a3dc-c7827f981a2a;417.5;0.13694;SELL
2016-03-24T00:25:05.253000;2016-03-24T00:25:05.310000;8ab63c22-9943-4778-8f7c-143f449e7ce6;417.63;0.04967;BUY
2016-03-24T00:25:05.253000;2016-03-24T00:25:05.327000;b0d4e9b1-85cd-410e-a481-fbfcd117a9b5;417.63;0.1874;BUY
2016-03-24T00:25:17.080000;2016-03-24T00:25:17.123000;87e0e64b-dbf0-4645-920c-33d6bfd0c17b;417.63;0.0626;BUY
2016-03-24T00:25:17.080000;2016-03-24T00:25:17.140000;1e4e2532-fbcd-46d5-bdd2-29d12cf3aebd;417.63;0.17624927;BUY
2016-03-24T00:25:33.337000;2016-03-24T00:25:33.373000;31ced4ff-8968-44dc-8e33-f0712669789a;417.61;1.24604;SELL
2016-03-24T00:26:01.040000;2016-03-24T00:26:01.090000;3d31b320-abeb-499f-9ee6-90128200692e;417.65;0.01;BUY
2016-03-24T00:26:01.040000;2016-03-24T00:26:01.090000;e7201d7e-0106-4120-be47-0d178b724fec;417.65;0.25;BUY
2016-03-24T00:26:01.043000;2016-03-24T00:26:01.107000;69983678-af70-4784-ae3d-3ddf66e11ef4;417.65;0.01;BUY
2016-03-24T00:26:01.043000;2016-03-24T00:26:01.107000;9a1f71fc-2dbc-4dab-bfb7-c7658faf135e;417.65;0.08;BUY
2016-03-24T00:26:01.043000;2016-03-24T00:26:01.123000;51a47f9a-5517-47c2-9493-f48828526005;417.65;0.05;BUY
2016-03-24T00:26:01.043000;2016-03-24T00:26:01.123000;b3303734-cf6b-4045-8281-8b6926f8308f;417.66;0.01;BUY
2016-03-24T00:26:01.043000;2016-03-24T00:26:01.140000;e4d1ddf7-f941-4bcc-9328-e6e2574126b9;417.68;0.28912;BUY
2016-03-24T00:26:31.047000;2016-03-24T00:26:31.077000;5f792185-f88e-47a9-bc84-094bc5a5f26a;417.66;0.01;SELL
2016-03-24T00:26:31.047000;2016-03-24T00:26:31.090000;65df1d38-eec1-4450-980d-87dfbb0bf4c3;417.65;0.01;SELL
2016-03-24T00:26:31.047000;2016-03-24T00:26:31.090000;4afa47cd-8619-4dc6-9a62-f8f230b37b32;417.61;0.101;SELL
2016-03-24T00:26:31.047000;2016-03-24T00:26:31.090000;de0a5ace-0978-4b64-8fe9-ae54f2849e40;417.56;0.085;SELL
2016-03-24T00:26:31.047000;2016-03-24T00:26:31.107000;2769fd69-30e6-4a72-93c5-2ae4eeb5343d;417.53;0.01;SELL
2016-03-24T00:26:31.047000;2016-03-24T00:26:31.170000;cbd0b8a8-3894-4d2e-af16-02846de92556;417.53;0.05;SELL
2016-03-24T00:26:31.047000;2016-03-24T00:26:31.187000;e048ff0f-5568-4fe7-8c7e-025989b7c5c0;417.51;0.073;SELL
2016-03-24T00:26:31.047000;2016-03-24T00:26:31.187000;baa753c2-1239-4c87-bbac-d3b26d5218f4;417.51;0.15;SELL
2016-03-24T00:26:31.047000;2016-03-24T00:26:31.187000;05f703b5-0098-4a13-bf12-c5c55ebfc63e;417.5;0.67356;SELL
2016-03-24T00:26:33.913000;2016-03-24T00:26:33.950000;87d228cb-1452-4be9-80cc-733448d4c1b8;417.66;0.362;BUY
2016-03-24T00:27:01.407000;2016-03-24T00:27:01.450000;c00012a8-7691-44e4-81d4-0658b726542e;417.66;0.138;SELL
2016-03-24T00:27:01.407000;2016-03-24T00:27:01.483000;88c71387-8323-4f89-abf5-a0365f5f8be8;417.62;0.118;SELL
2016-03-24T00:27:01.407000;2016-03-24T00:27:01.483000;a0c02eec-e8b6-4a54-ba59-69808ad364a9;417.56;0.076;SELL
2016-03-24T00:27:01.407000;2016-03-24T00:27:01.483000;c6015f0c-d5ab-4992-aa0d-6c5fbff64379;417.52;0.01;SELL
2016-03-24T00:27:01.407000;2016-03-24T00:27:01.483000;344847f7-7f0a-4299-b63b-33b416baae27;417.51;0.01;SELL
2016-03-24T00:27:01.407000;2016-03-24T00:27:01.483000;b8cdcf5b-a37a-42f0-83b9-9e028947d939;417.51;0.119;SELL
2016-03-24T00:27:01.407000;2016-03-24T00:27:01.483000;48406093-7e2e-4489-a177-ca08eb84666e;417.51;0.59078;SELL
2016-03-24T00:27:43.613000;2016-03-24T00:27:43.640000;6ebbb783-03cd-4138-b841-29cf5d1ef3ba;417.63;0.343;BUY
2016-03-24T00:27:43.613000;2016-03-24T00:27:43.670000;8b8fed70-891a-42b3-acf0-a5e1f1752b68;417.63;0.0654;BUY
2016-03-24T00:28:02.427000;2016-03-24T00:28:02.450000;a238bbfd-268a-481e-85e3-c536d80a2f88;417.6;0.304;BUY
2016-03-24T00:28:02.427000;2016-03-24T00:28:02.483000;964988ff-9f12-41f5-a3c2-19d6e513e451;417.6;0.05;BUY
2016-03-24T00:28:02.427000;2016-03-24T00:28:02.483000;9cdb2be1-3f82-479a-ba18-15bb81e72dfd;417.61;0.1652;BUY
2016-03-24T00:28:31.400000;2016-03-24T00:28:31.450000;17ab6e39-1da6-401a-a56a-64f2b50b9799;417.6;0.0738;BUY
2016-03-24T00:28:31.400000;2016-03-24T00:28:31.450000;e833d1b2-a41c-4880-84d1-9f010449272c;417.6;0.239;BUY
2016-03-24T00:28:31.400000;2016-03-24T00:28:31.450000;9161c961-b73f-4893-8105-696d320ccf47;417.6;0.238;BUY
2016-03-24T00:28:31.400000;2016-03-24T00:28:31.467000;accace9a-67ee-496e-a689-9636a2b0ed1b;417.6;0.239;BUY
2016-03-24T00:28:31.400000;2016-03-24T00:28:31.483000;7448bd82-86a4-40d2-a7ca-412f5354caba;417.6;0.239;BUY
2016-03-24T00:28:31.400000;2016-03-24T00:28:31.483000;e4134cac-6d83-404a-a1c1-1366b65af32d;417.6;0.06275072;BUY
2016-03-24T00:28:31.400000;2016-03-24T00:28:31.483000;fa6688ed-bf8c-4530-8661-9bb7e3218f98;417.6;0.238;BUY
2016-03-24T00:28:31.400000;2016-03-24T00:28:31.497000;abd531bd-6e28-4701-b9f3-b0b1b670efd2;417.6;0.14463928;BUY
2016-03-24T00:29:02.800000;2016-03-24T00:29:02.827000;eee1c3fa-2c27-44a9-81b4-a43cae3e14d0;417.51;0.01;SELL
2016-03-24T00:29:02.800000;2016-03-24T00:29:02.840000;8ce355a6-d5cb-46a1-8d77-f9a3a3292e91;417.5;0.78346;SELL
2016-03-24T00:29:02.800000;2016-03-24T00:29:02.840000;279b53e2-6998-42b4-aef0-2213fd76a1a2;417.5;0.0115;SELL
2016-03-24T00:29:02.800000;2016-03-24T00:29:02.873000;4072e445-74b0-4148-944c-4edd7aba07c0;417.49;0.25;SELL
2016-03-24T00:29:02.800000;2016-03-24T00:29:02.873000;3453b893-38b3-4804-88c3-543c14372307;417.48;0.25;SELL
2016-03-24T00:29:02.803000;2016-03-24T00:29:02.873000;06824db7-d42d-4a74-9c20-ac0377ec1225;417.47;0.25;SELL
2016-03-24T00:29:02.803000;2016-03-24T00:29:02.873000;90c20d0b-d4bc-4745-a2b6-9d20f48cfbfe;417.47;0.229;SELL
2016-03-24T00:29:02.803000;2016-03-24T00:29:02.873000;764e3008-13d3-47ee-be4c-f9f77e0f6afa;417.46;0.05;SELL
2016-03-24T00:29:02.803000;2016-03-24T00:29:02.873000;e317eefd-d217-48ae-9f47-5643e174c631;417.45;0.12767;SELL
2016-03-24T00:29:31.647000;2016-03-24T00:29:31.687000;3f1a3e6b-07b1-4fd0-8217-ef6132899bf6;417.51;0.309;BUY
2016-03-24T00:29:31.647000;2016-03-24T00:29:31.700000;a28c9d55-a5a8-4382-be31-5a403fc76329;417.52;0.171;BUY
2016-03-24T00:29:31.647000;2016-03-24T00:29:31.700000;294df694-4fa4-4e3d-9781-091063b0eb33;417.52;0.239;BUY
2016-03-24T00:29:31.647000;2016-03-24T00:29:31.700000;83740415-b5ff-4647-a9c2-2054eb63ad1a;417.52;0.238;BUY
2016-03-24T00:29:31.647000;2016-03-24T00:29:31.717000;5ad597c3-cd3c-461c-9ed8-79a22bc40354;417.52;0.238;BUY
2016-03-24T00:29:31.647000;2016-03-24T00:29:31.717000;0922c090-5b6e-4c8a-ad2b-3c78a00dc8aa;417.52;0.1234;BUY
2016-03-24T00:29:32.180000;2016-03-24T00:29:32.233000;3388426a-f89e-4d78-9825-162d32c4b98f;417.51;0.0148902;BUY
2016-03-24T00:29:32.183000;2016-03-24T00:29:32.233000;faa84683-fd72-471f-a022-dcf448f8c730;417.51;0.035;BUY
2016-03-24T00:29:32.183000;2016-03-24T00:29:32.247000;a0f1c0e1-0496-4590-bfd0-e513a887203d;417.51;0.03531;BUY
2016-03-24T00:29:32.447000;2016-03-24T00:29:32.483000;46c994fb-0104-4ac6-9650-be8707bc4e20;417.52;0.1156;BUY
2016-03-24T00:29:32.447000;2016-03-24T00:29:32.497000;e5c4cf4d-737e-4b56-92c1-a81e66263cba;417.52;0.0691998;BUY
2016-03-24T00:30:01.410000;2016-03-24T00:30:01.437000;d932925c-ce9d-4d20-983c-f1a218bdd86b;417.42;0.01;SELL
2016-03-24T00:30:01.410000;2016-03-24T00:30:01.437000;3b1b9aa9-a15f-42d6-88db-4fa2ae770de5;417.42;0.81921;SELL
2016-03-24T00:30:31.157000;2016-03-24T00:30:31.187000;d70f2514-31c3-4d58-9ecd-414d13e0d21b;417.5;0.01;BUY
2016-03-24T00:30:31.160000;2016-03-24T00:30:31.200000;e7de13b4-bece-4cf2-a739-e9de8da8e0bc;417.5;0.46663;BUY
2016-03-24T00:32:01.027000;2016-03-24T00:32:01.043000;ec9acc8e-f15f-4b68-a0b6-9b804949a855;417.52;0.11876;BUY
2016-03-24T00:32:31.523000;2016-03-24T00:32:31.543000;a5011e23-b905-4380-a8f9-61472ba15639;417.52;0.05122;BUY
2016-03-24T00:33:00.950000;2016-03-24T00:33:00.967000;28606500-1811-4769-8d0d-4387bb546c9b;417.52;0.04944;BUY
2016-03-24T00:33:31.050000;2016-03-24T00:33:31.060000;821b7cc9-3eba-4204-afbf-aea296db34e1;417.52;0.01958;BUY
2016-03-24T00:33:31.053000;2016-03-24T00:33:31.093000;0b83475c-75c8-46b8-950b-f8f543a60953;417.52;0.03957;BUY
2016-03-24T00:34:01.580000;2016-03-24T00:34:01.593000;87369a07-bd6c-4487-9411-15f712e75f4d;417.52;0.19943;BUY
2016-03-24T00:34:01.580000;2016-03-24T00:34:01.607000;10842aaf-8def-405f-a3f9-dd3cead731ee;417.52;0.11536;BUY
2016-03-24T00:34:31.220000;2016-03-24T00:34:31.247000;a2b43327-7b27-4360-a675-09a05d16773a;417.52;0.0404;BUY
2016-03-24T00:35:39.220000;2016-03-24T00:35:39.287000;ebda896b-bb5e-43b7-9919-2a012153f5ac;417.52;0.08324;BUY
2016-03-24T00:35:39.220000;2016-03-24T00:35:39.320000;935eb45a-37d1-4818-a406-941ed2f25377;417.52;0.239;BUY
2016-03-24T00:35:39.220000;2016-03-24T00:35:39.320000;6ccf2eeb-d777-493a-a2bb-4a84f99e3efe;417.52;0.238;BUY
2016-03-24T00:35:39.220000;2016-03-24T00:35:39.333000;e0c15e36-c72a-464e-88f3-98fd27930995;417.52;0.239;BUY
2016-03-24T00:35:39.220000;2016-03-24T00:35:39.333000;050cfabb-e248-48fc-81d4-001d132b3308;417.52;0.238;BUY
2016-03-24T00:35:39.220000;2016-03-24T00:35:39.397000;c51ea6b7-4edc-4473-97e3-15bb2e560a13;417.52;0.239;BUY
2016-03-24T00:35:39.220000;2016-03-24T00:35:39.397000;2d9c2099-a3b5-4c25-9be2-095d8085b5fd;417.52;0.239;BUY
2016-03-24T00:35:39.220000;2016-03-24T00:35:39.397000;4249e786-b683-4978-b859-45574ddc1cc7;417.52;0.239;BUY
2016-03-24T00:35:39.220000;2016-03-24T00:35:39.397000;8b7af3a0-0b51-400c-ac3d-607858314265;417.52;0.239;BUY
2016-03-24T00:35:39.220000;2016-03-24T00:35:39.397000;101e0a67-559b-482c-a88f-c09225386bfd;417.52;0.239;BUY
2016-03-24T00:35:39.220000;2016-03-24T00:35:39.413000;c2f8a421-2ba8-4ff8-8029-b738abdc0d9f;417.52;0.238;BUY
2016-03-24T00:35:39.220000;2016-03-24T00:35:39.413000;f68ff23e-065f-419a-a3a6-81705b7eb766;417.52;0.239;BUY
2016-03-24T00:35:39.220000;2016-03-24T00:35:39.413000;ea7d7843-e8ed-4198-a979-f835d82fa6a5;417.52;0.238;BUY
2016-03-24T00:35:39.220000;2016-03-24T00:35:39.413000;515c5e30-dcfb-49cb-830d-44fa0c1a53bf;417.52;0.239;BUY
2016-03-24T00:35:39.220000;2016-03-24T00:35:39.413000;640dd8b0-5293-40f4-984c-8aa9ed169648;417.52;0.239;BUY
2016-03-24T00:35:39.220000;2016-03-24T00:35:39.427000;31aa827b-6ea9-4df6-a590-ced72383a423;417.52;0.35;BUY
2016-03-24T00:35:39.220000;2016-03-24T00:35:39.427000;a1122a44-f659-4331-8da6-86d088e33bf9;417.53;0.09336071;BUY
2016-03-24T00:35:39.223000;2016-03-24T00:35:39.427000;6f30eb3a-85e4-4883-93bc-e48990f944af;417.53;0.239;BUY
2016-03-24T00:35:39.223000;2016-03-24T00:35:39.427000;a4aa02ad-5623-432d-86dc-69488a6f9d8d;417.53;0.238;BUY
2016-03-24T00:35:39.223000;2016-03-24T00:35:39.427000;3db4e1ad-3685-48bb-9cf6-ffc6d4d8d743;417.53;0.15;BUY
2016-03-24T00:35:39.223000;2016-03-24T00:35:39.460000;419b2280-b587-4998-bab3-3d192288977a;417.55;0.01;BUY
2016-03-24T00:35:39.223000;2016-03-24T00:35:39.460000;66ad0b8c-413b-4cf7-a149-ab49186710ce;417.62;0.25;BUY
2016-03-24T00:35:39.223000;2016-03-24T00:35:39.460000;742cadf7-0e20-468b-bca1-ee05357cec17;417.62;0.30666929;BUY
2016-03-24T00:36:01.697000;2016-03-24T00:36:01.787000;cf2b0f24-369e-4bee-8734-34960145dbcb;417.62;0.04742;BUY
2016-03-24T00:36:31.207000;2016-03-24T00:36:31.270000;82402476-f1dd-4aa9-98ce-cdb308afdc70;417.6;0.25;BUY
2016-03-24T00:36:31.210000;2016-03-24T00:36:31.287000;8ef4e072-261a-443d-b0e4-fc591c94e6e9;417.64;0.01;BUY
2016-03-24T00:36:31.210000;2016-03-24T00:36:31.287000;fc486977-1f2b-4741-a0c7-609a3e48135c;417.64;0.25;BUY
2016-03-24T00:36:31.210000;2016-03-24T00:36:31.303000;e4e58695-80ba-479a-a061-fe18388e743d;417.69;0.08183;BUY
2016-03-24T00:37:01.310000;2016-03-24T00:37:01.380000;daa96313-b8a5-4640-a8e0-9e8476169fae;417.69;0.25;BUY
2016-03-24T00:37:01.310000;2016-03-24T00:37:01.380000;dab05997-1de0-41c0-93ff-40d39cde1339;417.7;0.01;BUY
2016-03-24T00:37:01.313000;2016-03-24T00:37:01.397000;995df847-a152-43f4-b57f-272afd48914d;417.71;0.25;BUY
2016-03-24T00:37:01.313000;2016-03-24T00:37:01.397000;687a5e35-e161-4cb1-b066-35aeca5e330a;417.71;0.01;BUY
2016-03-24T00:37:01.313000;2016-03-24T00:37:01.413000;5cf7074e-a947-4f86-b3d9-e60c2065ebd0;417.72;0.09031;BUY
2016-03-24T00:37:31.813000;2016-03-24T00:37:31.880000;3604f4c0-2357-4ee9-926f-dd94ecfa6709;417.72;0.12001;BUY
2016-03-24T00:38:01.753000;2016-03-24T00:38:01.820000;8fb7fc75-7ce5-48b0-81c8-8d8741af0042;417.58;0.07003;SELL
2016-03-24T00:38:44.140000;2016-03-24T00:38:44.210000;5c154899-0475-4fbd-88b5-c29a8db2ebe4;417.61;0.01;SELL
2016-03-24T00:38:44.140000;2016-03-24T00:38:44.223000;40a58910-1026-4209-ba80-e81a47cb4a25;417.6;0.093;SELL
2016-03-24T00:38:44.143000;2016-03-24T00:38:44.223000;8dd96928-de79-442b-b05b-ae45aad4b972;417.56;0.01;SELL
2016-03-24T00:38:44.143000;2016-03-24T00:38:44.223000;80e28601-d182-49fa-8917-6e855efe254b;417.5;0.15;SELL
2016-03-24T00:38:44.143000;2016-03-24T00:38:44.240000;15f85b41-7c6d-4ce6-a860-4cc2143fd680;417.49;0.9293;SELL
2016-03-24T00:39:02.590000;2016-03-24T00:39:02.647000;8aeede8e-bf22-4ead-a57e-0613de756f47;417.66;0.15;BUY
2016-03-24T00:39:02.590000;2016-03-24T00:39:02.663000;83d67308-a3f9-4bbd-b000-574a7792bf9e;417.67;0.48;BUY
2016-03-24T00:39:02.590000;2016-03-24T00:39:02.663000;b812780d-9c47-4e8d-97eb-daa15061acb2;417.69;0.17596;BUY
2016-03-24T00:39:31.943000;2016-03-24T00:39:32.007000;5ab88519-2adf-43fe-a11c-3261cb54b37d;417.69;0.23706;BUY
2016-03-24T00:39:54.830000;2016-03-24T00:39:54.897000;48d09521-e54e-4d8e-a3cf-29f1bb2e40f8;417.52;0.01;SELL
2016-03-24T00:39:54.830000;2016-03-24T00:39:54.913000;59bad7af-eb74-4c80-b6c3-5adc236405c7;417.52;0.48;SELL
2016-03-24T00:39:54.830000;2016-03-24T00:39:54.913000;bd890071-50ff-4db8-a7b5-3f9e89087088;417.51;0.67027233;SELL
2016-03-24T00:40:02.387000;2016-03-24T00:40:02.473000;557c4299-d4d9-42de-8d85-e25abf24257f;417.51;0.38488;SELL
2016-03-24T00:40:31.443000;2016-03-24T00:40:31.507000;13aa870a-f004-477b-b2e3-ab686f81edfb;417.68;0.01;BUY
2016-03-24T00:40:31.443000;2016-03-24T00:40:31.507000;dd791feb-430a-4ca8-8811-38a4802811ea;417.69;1.0;BUY
2016-03-24T00:40:31.443000;2016-03-24T00:40:31.507000;a9088f8a-92d3-469b-b7d2-b15a139e147b;417.7;0.01388;BUY
2016-03-24T00:41:03.963000;2016-03-24T00:41:04.037000;e2052f6e-b0ca-426b-bd9c-b236c28fd2d1;417.51;0.15;SELL
2016-03-24T00:41:03.963000;2016-03-24T00:41:04.037000;4cd5f2b6-8a2b-4db5-a0f3-ceb8353d89e4;417.5;0.0115;SELL
2016-03-24T00:41:03.963000;2016-03-24T00:41:04.037000;005246e5-8b65-4b80-aaa2-0e362df0cb3a;417.5;0.3385;SELL
2016-03-24T00:41:31.667000;2016-03-24T00:41:31.723000;05668ccf-b997-428f-9333-d2aa4e3e893b;417.62;0.25;BUY
2016-03-24T00:41:31.667000;2016-03-24T00:41:31.723000;704e59b2-c4ff-4fec-80b3-85bdb3541c18;417.64;0.15;BUY
2016-03-24T00:41:31.667000;2016-03-24T00:41:31.740000;544244dc-8ca3-4476-9cc7-197eda190cdc;417.64;0.05;BUY
2016-03-24T00:41:31.667000;2016-03-24T00:41:31.740000;d4367494-ab50-4c9f-828c-fa993b3e98bd;417.66;0.03053;BUY
2016-03-24T00:42:01.587000;2016-03-24T00:42:01.630000;974ca687-15f3-45c3-9362-e10816fc8d69;417.6;0.01;BUY
2016-03-24T00:42:01.587000;2016-03-24T00:42:01.647000;5da7a822-0ddd-473e-b9fd-d7e980c61f2e;417.68;0.5115;BUY
2016-03-24T00:42:31.503000;2016-03-24T00:42:31.570000;624a1658-6855-4fe1-a91b-2780788bfff6;417.69;0.34517;BUY
2016-03-24T00:42:47.150000;2016-03-24T00:42:47.210000;c267dc3a-c0ec-441a-8e9c-db2330213be4;417.56;0.01;SELL
2016-03-24T00:42:47.150000;2016-03-24T00:42:47.210000;2a0bdb5a-c21c-4369-8f73-b69749f5e359;417.55;0.0115;SELL
2016-03-24T00:42:47.150000;2016-03-24T00:42:47.223000;20ea47be-ea36-43d6-9afb-99208a58ffdb;417.5;0.1;SELL
2016-03-24T00:42:47.150000;2016-03-24T00:42:47.240000;1e05270c-c5a3-48be-96d9-1057a6b3bac8;417.48;0.15;SELL
2016-03-24T00:42:47.153000;2016-03-24T00:42:47.257000;26f49a93-9edf-4af6-8a74-07dc273c8a77;417.47;0.72;SELL
2016-03-24T00:42:47.153000;2016-03-24T00:42:47.257000;89d72d98-eaef-4713-a0e1-6f9b6ffb6280;417.47;0.0085;SELL
2016-03-24T00:43:01.687000;2016-03-24T00:43:01.740000;ae97403f-57cd-42b5-bc9f-9b0ff6b3baea;417.63;0.15;BUY
2016-03-24T00:43:01.687000;2016-03-24T00:43:01.757000;7f835c33-1e0c-46f6-880e-b86b814dbca3;417.64;0.84207;BUY
2016-03-24T00:43:31.920000;2016-03-24T00:43:31.960000;222f45e0-5702-420c-87b8-36868b26db94;417.64;1.08282;BUY
2016-03-24T00:44:01.717000;2016-03-24T00:44:01.787000;e8d91c4b-e06a-468f-b761-3d34cfa01ee0;417.47;0.01;SELL
2016-03-24T00:44:01.717000;2016-03-24T00:44:01.787000;6bb0d0c8-2a3e-4163-8274-c53793397563;417.46;0.25;SELL
2016-03-24T00:44:01.717000;2016-03-24T00:44:01.820000;5dad37ff-b448-4a4a-b7f9-bb6e1a1b3b34;417.45;0.00522;SELL
2016-03-24T00:44:31.410000;2016-03-24T00:44:31.460000;e78a77e4-783f-4927-a75f-11ef263b8a8e;417.45;0.02394;SELL
2016-03-24T00:45:01.613000;2016-03-24T00:45:01.677000;459db952-88a7-4581-b293-722a50fdc45f;417.56;0.04742;BUY
2016-03-24T00:45:32.200000;2016-03-24T00:45:32.257000;10d6a08f-7dc2-451f-8708-5e5273fcc7ed;417.54;0.48;BUY
2016-03-24T00:45:32.200000;2016-03-24T00:45:32.257000;1b9af392-7841-47e7-b7f1-b2474272ddab;417.55;0.239;BUY
2016-03-24T00:45:32.203000;2016-03-24T00:45:32.273000;71c3dcd7-9332-4aa8-8db5-89422818d078;417.55;0.239;BUY
2016-03-24T00:45:32.203000;2016-03-24T00:45:32.273000;cf20fda8-f9ae-41b1-b97c-46cce7b4a138;417.55;0.238;BUY
2016-03-24T00:45:32.203000;2016-03-24T00:45:32.287000;2302eb4f-7bfb-4fc4-b390-ada1422c152b;417.56;2.88;BUY
2016-03-24T00:45:32.203000;2016-03-24T00:45:32.287000;a840b6f3-1d2d-495c-91b7-aa175e27783c;417.57;0.25;BUY
2016-03-24T00:45:32.207000;2016-03-24T00:45:32.287000;8573d3de-8408-403a-b461-e2e37dff30e7;417.59;1.02757;BUY
2016-03-24T00:46:01.663000;2016-03-24T00:46:01.723000;8a137704-e650-4aac-9f7b-3897977b1287;417.53;0.238;BUY
2016-03-24T00:46:01.663000;2016-03-24T00:46:01.723000;d622eca6-0613-43a6-8933-21f3619fe01f;417.54;0.72783;BUY
2016-03-24T00:46:32.063000;2016-03-24T00:46:32.100000;08dc43e7-08a6-46d0-945c-3420ec0d4ba7;417.42;0.11379;SELL
2016-03-24T00:47:01.397000;2016-03-24T00:47:01.443000;76d56a68-88d5-466a-bb9d-96a62ea6af07;417.5;0.01;BUY
2016-03-24T00:47:01.397000;2016-03-24T00:47:01.460000;8178dc12-0a13-4a87-97a2-58859ff411a9;417.5;0.22715;BUY
2016-03-24T00:47:31.553000;2016-03-24T00:47:31.600000;e29a4114-2b31-4287-acd2-94ed7e21e526;417.5;0.01185;BUY
2016-03-24T00:47:31.553000;2016-03-24T00:47:31.600000;a5216280-d917-4271-8345-2a4e1ffc2460;417.5;0.238;BUY
2016-03-24T00:47:31.553000;2016-03-24T00:47:31.617000;b4f81be8-d935-4f3e-ab75-9b8c111d1834;417.5;0.239;BUY
2016-03-24T00:47:31.553000;2016-03-24T00:47:31.617000;1280b09a-87ba-4fc2-871a-059dc303416e;417.5;0.239;BUY
2016-03-24T00:47:31.553000;2016-03-24T00:47:31.617000;32df075e-b3b6-4a5a-a08f-3f8a51060c07;417.5;0.238;BUY
2016-03-24T00:47:31.553000;2016-03-24T00:47:31.647000;00eaed90-9e9a-4a4c-9f8f-c165ef735a7a;417.5;0.239;BUY
2016-03-24T00:47:31.553000;2016-03-24T00:47:31.663000;105ecbe5-0363-4c23-b821-e799edf6cd3c;417.5;0.239;BUY
2016-03-24T00:47:31.553000;2016-03-24T00:47:31.663000;f7378fa7-0689-475b-b46c-7b51df3f2744;417.5;0.239;BUY
2016-03-24T00:47:31.553000;2016-03-24T00:47:31.663000;f03ea891-70aa-441f-9658-e43fce92f82c;417.5;0.17152;BUY
2016-03-24T00:48:01.913000;2016-03-24T00:48:01.960000;c2fbaf82-2385-42bc-a375-cd3479bf87a3;417.5;0.06748;BUY
2016-03-24T00:48:01.913000;2016-03-24T00:48:01.977000;a05e1cab-6d39-40a1-ad81-3f8957bc81a9;417.5;0.239;BUY
2016-03-24T00:48:01.913000;2016-03-24T00:48:01.990000;41937e0c-1aa8-44c2-832e-1361be637df1;417.5;0.403;BUY
2016-03-24T00:48:01.913000;2016-03-24T00:48:01.990000;516c7f7c-0816-46be-860b-9fab9cc10b70;417.5;0.238;BUY
2016-03-24T00:48:01.913000;2016-03-24T00:48:01.990000;394ac4fa-6705-486f-a72c-8cfbdce531d3;417.5;0.239;BUY
2016-03-24T00:48:01.913000;2016-03-24T00:48:01.990000;d6bb23ae-c8ce-4b0e-89a6-e57aaeed20d9;417.5;0.239;BUY
2016-03-24T00:48:01.913000;2016-03-24T00:48:01.990000;ed34e29a-c52c-4739-a1ce-b43065f6e101;417.5;0.238;BUY
2016-03-24T00:48:01.913000;2016-03-24T00:48:01.990000;fc29ea67-85be-45e7-b1e7-1ee0758c99b2;417.5;0.07625;BUY
2016-03-24T00:48:34.757000;2016-03-24T00:48:34.787000;ae692268-d9c5-4746-8f2b-9ebac2f50b3b;417.5;0.16275;BUY
2016-03-24T00:48:34.757000;2016-03-24T00:48:34.803000;891e104b-4739-4d99-bb05-510ef4e9e3e6;417.5;0.238;BUY
2016-03-24T00:48:34.757000;2016-03-24T00:48:34.803000;70d5e3d6-362e-43d9-a0b7-a1567632ef9b;417.5;0.13283;BUY
2016-03-24T00:50:01.730000;2016-03-24T00:50:01.773000;ca7f4d7a-d8c7-4734-a451-efe0dc7a8feb;417.5;0.10617;BUY
2016-03-24T00:50:01.730000;2016-03-24T00:50:01.773000;fad32410-1fe6-4f98-9b80-7926157e9aa7;417.5;0.239;BUY
2016-03-24T00:50:01.730000;2016-03-24T00:50:01.773000;8fb38a18-5e2d-4213-a278-a69f9db52b46;417.5;0.238;BUY
2016-03-24T00:50:01.730000;2016-03-24T00:50:01.787000;1c64e793-7a72-41f7-af9a-9627cde5e874;417.5;0.238;BUY
2016-03-24T00:50:01.730000;2016-03-24T00:50:01.787000;edebe61f-9c5a-43fe-a101-78158c04d862;417.5;0.238;BUY
2016-03-24T00:50:01.730000;2016-03-24T00:50:01.803000;14cb2343-512e-4464-a8c9-da0f05dcc45f;417.5;0.02117;BUY
2016-03-24T00:51:01.533000;2016-03-24T00:51:01.803000;61dff610-7b2a-41ae-9fd3-4a06cce08a65;417.47;0.09984;BUY
2016-03-24T00:51:31.420000;2016-03-24T00:51:31.697000;ab1c22af-7257-45da-899c-32e8dd87cd47;417.47;0.13916;BUY
2016-03-24T00:51:31.420000;2016-03-24T00:51:31.710000;ff652999-fc67-4e77-a87d-1574341ad15c;417.47;0.239;BUY
2016-03-24T00:51:31.420000;2016-03-24T00:51:31.710000;733daaa9-b3fd-4892-85ef-a243a50eb9c4;417.47;0.238;BUY
2016-03-24T00:51:31.420000;2016-03-24T00:51:31.727000;41500c10-6aec-4b59-85d4-71d7bce6f2dc;417.47;0.238;BUY
2016-03-24T00:51:31.420000;2016-03-24T00:51:31.727000;3bc675a4-0a12-4b93-aadf-fa8e4ec697c1;417.47;0.238;BUY
2016-03-24T00:51:31.420000;2016-03-24T00:51:31.803000;30958481-5e16-4645-88d4-0aca9a7b3588;417.47;0.04261;BUY
2016-03-24T00:51:34.580000;2016-03-24T00:51:34.867000;d2a465ab-c8e1-4e2d-ae36-a3a2989acc2b;417.47;0.05;BUY
2016-03-24T00:52:01.427000;2016-03-24T00:52:01.710000;be0c5043-425b-4820-84dc-963965b3ce42;417.47;0.14639;BUY
2016-03-24T00:52:01.430000;2016-03-24T00:52:01.727000;945c282b-301c-499a-8f4f-d2302b41f91b;417.47;0.21783001;BUY
2016-03-24T00:52:01.430000;2016-03-24T00:52:01.727000;40476155-71e7-4b01-b6b7-495d4d6cf6cc;417.47;0.07746999;BUY
2016-03-24T00:52:31.410000;2016-03-24T00:52:31.680000;2ce96a6e-85cd-4627-bed0-081fbb9eaf9e;417.47;0.16153001;BUY
2016-03-24T00:52:31.410000;2016-03-24T00:52:31.697000;173e8d3a-2fe5-49ab-afa5-68129816588b;417.47;0.16260999;BUY
2016-03-24T00:54:01.423000;2016-03-24T00:54:01.697000;375f8181-04af-432e-b570-d27f59662ccf;417.47;0.07639001;BUY
2016-03-24T00:54:01.423000;2016-03-24T00:54:01.710000;780ee37d-4d14-43ef-9d87-e7fc22ebc141;417.47;0.239;BUY
2016-03-24T00:54:01.423000;2016-03-24T00:54:01.710000;903a0f75-4ce3-41d4-99ba-b80791e1a963;417.47;0.238;BUY
2016-03-24T00:54:01.423000;2016-03-24T00:54:01.727000;7195be51-3ada-42d1-a74b-8340f11fbd7c;417.47;0.238;BUY
2016-03-24T00:54:01.423000;2016-03-24T00:54:01.727000;6af47123-b746-4e35-9e4a-3d5bb04da1d0;417.47;0.239;BUY
2016-03-24T00:54:01.423000;2016-03-24T00:54:01.727000;67a53b8a-7682-4ea9-8e40-bc8617259f4b;417.47;0.239;BUY
2016-03-24T00:54:01.423000;2016-03-24T00:54:01.773000;69b14582-0d55-4e9d-8134-0ed2ad0dc881;417.47;0.239;BUY
2016-03-24T00:54:01.423000;2016-03-24T00:54:01.790000;f705e541-04a9-423a-baed-96927bddd9c4;417.47;0.238;BUY
2016-03-24T00:54:01.423000;2016-03-24T00:54:01.790000;fbbb5438-b179-4624-b4f9-96fa03c8870d;417.47;0.238;BUY
2016-03-24T00:54:01.423000;2016-03-24T00:54:01.790000;0c4f620d-a079-45fa-b5a9-a883e17c8e95;417.47;0.239;BUY
2016-03-24T00:54:01.423000;2016-03-24T00:54:01.790000;a6f3278d-9e8a-4921-a978-eb030046a249;417.47;0.01596999;BUY
2016-03-24T00:54:31.323000;2016-03-24T00:54:31.587000;392c8cbf-365c-464c-8796-7a005480d2ee;417.47;0.31687;BUY
2016-03-24T00:55:01.367000;2016-03-24T00:55:01.633000;8bdd0263-1c75-4ade-85d8-ca2189dfae21;417.47;0.70889;BUY
2016-03-24T00:55:10.547000;2016-03-24T00:55:10.820000;6d502363-c603-4ed8-b149-87d6c2c47016;417.46;0.01;SELL
2016-03-24T00:55:10.547000;2016-03-24T00:55:10.837000;26146152-4e48-475d-9822-ef90ad7b72de;417.45;0.0115;SELL
2016-03-24T00:55:10.547000;2016-03-24T00:55:10.853000;f38044c1-98fa-46f4-bbef-7f5f4b61fdc3;417.42;0.128;SELL
2016-03-24T00:55:10.547000;2016-03-24T00:55:10.853000;81475171-83cd-4d2d-8202-530f778e2150;417.41;0.0505;SELL
2016-03-24T00:55:12.903000;2016-03-24T00:55:13.180000;1629bead-2c3b-4192-90df-3a0140a6f5ed;417.42;0.01;SELL
2016-03-24T00:55:12.907000;2016-03-24T00:55:13.197000;f20be8c0-de74-4082-b502-6690f40dfdb4;417.41;0.19;SELL
2016-03-24T00:55:15.287000;2016-03-24T00:55:15.570000;8335911e-df6f-484f-9c42-567682d1c32e;417.41;0.0095;SELL
2016-03-24T00:55:15.287000;2016-03-24T00:55:15.587000;5fede3e3-78fd-4dc7-bfc4-7dd9a419ef04;417.4;0.1905;SELL
2016-03-24T00:55:17.417000;2016-03-24T00:55:17.743000;dc4cb75b-4be3-404e-a01c-559f87be3de7;417.4;0.0595;SELL
2016-03-24T00:55:17.417000;2016-03-24T00:55:17.743000;7d05b470-cd08-4ca5-8e15-5d043a33de64;417.39;0.1405;SELL
2016-03-24T00:55:19.780000;2016-03-24T00:55:20.053000;8ef9d42b-8701-4ffe-a4ba-3ad27fce3f03;417.39;0.1095;SELL
2016-03-24T00:55:19.780000;2016-03-24T00:55:20.070000;e8c9d45a-cc11-4d12-bd93-851e51786f0d;417.39;0.0905;SELL
2016-03-24T00:55:21.920000;2016-03-24T00:55:22.210000;eac15ceb-b7ae-4dcf-a967-759dd371191b;417.39;0.1595;SELL
2016-03-24T00:55:21.920000;2016-03-24T00:55:22.210000;741294af-b3bb-40d7-aad1-c1065941ae9f;417.39;0.0405;SELL
2016-03-24T00:55:24.293000;2016-03-24T00:55:24.553000;48d866d6-6033-41cf-a2b4-a3b4248dee81;417.39;0.2;SELL
2016-03-24T00:55:26.667000;2016-03-24T00:55:26.947000;da525dac-caaa-41fa-8cf8-1a586bf6cea6;417.39;0.0095;SELL
2016-03-24T00:55:26.667000;2016-03-24T00:55:26.960000;e6123d51-82a0-4e7e-8c99-9f258860effc;417.39;0.1905;SELL
2016-03-24T00:55:28.797000;2016-03-24T00:55:29.053000;f75cbd69-d4be-4924-bb4e-78d721a909b6;417.39;0.0595;SELL
2016-03-24T00:55:28.797000;2016-03-24T00:55:29.087000;0faa768f-695c-472c-b4f8-5645afca67f2;417.39;0.1405;SELL
2016-03-24T00:55:30.940000;2016-03-24T00:55:31.210000;cf78b8fd-b001-4758-915c-43c3b2bd10aa;417.39;0.1095;SELL
2016-03-24T00:55:30.940000;2016-03-24T00:55:31.227000;b1301aab-e477-4c5d-b8ed-6adbb9cbbf1f;417.38;0.0905;SELL
2016-03-24T00:55:31.470000;2016-03-24T00:55:31.743000;6056cb6d-28b9-4721-946b-c369339fb4d4;417.49;0.284;BUY
2016-03-24T00:55:31.470000;2016-03-24T00:55:31.743000;094b0c49-2a34-467c-a6a0-1f2ed808d3e3;417.5;1.00228;BUY
2016-03-24T00:55:33.067000;2016-03-24T00:55:33.337000;13da65c0-fc15-4790-bf81-404787c16b4e;417.38;0.1595;SELL
2016-03-24T00:55:33.067000;2016-03-24T00:55:33.353000;274cab62-2f97-48ac-8f53-2cdab6460652;417.38;0.0405;SELL
2016-03-24T00:55:35.203000;2016-03-24T00:55:35.477000;95f276d2-3efb-42fa-87f9-30b19d2efdc4;417.38;0.2;SELL
2016-03-24T00:55:37.343000;2016-03-24T00:55:37.617000;c3f951fd-0e75-4f9b-975a-efea0866d3f4;417.38;0.0095;SELL
2016-03-24T00:55:37.343000;2016-03-24T00:55:37.633000;5ea87e79-d63c-4299-8917-d613ff823385;417.38;0.1905;SELL
2016-03-24T00:55:39.697000;2016-03-24T00:55:39.960000;04eb0d28-e3ba-414c-a8e4-e56335641743;417.38;0.0595;SELL
2016-03-24T00:55:39.697000;2016-03-24T00:55:39.977000;f77db8ba-3ace-4b80-9c6e-2be246fc847e;417.38;0.1405;SELL
2016-03-24T00:55:41.837000;2016-03-24T00:55:42.150000;2038a098-5679-4224-b466-6b0fd286e44f;417.38;0.1095;SELL
2016-03-24T00:55:41.837000;2016-03-24T00:55:42.150000;660e9fd2-1074-45a1-b66c-0aef7683e9e6;417.38;0.0905;SELL
2016-03-24T00:55:44.197000;2016-03-24T00:55:44.477000;e3d3d943-3ee5-4af0-accf-5db360825a22;417.38;0.1595;SELL
2016-03-24T00:55:44.197000;2016-03-24T00:55:44.477000;1773dfa6-bc84-435d-b642-b3f729c7fcf1;417.35;0.032;SELL
2016-03-24T00:55:44.197000;2016-03-24T00:55:44.493000;0add30f5-6ddc-4d38-b41e-94345a92e0f7;417.35;0.0085;SELL
2016-03-24T00:55:46.343000;2016-03-24T00:55:46.617000;ccc2fef1-c540-4701-aa61-3d2f1c8afdeb;417.35;0.2;SELL
2016-03-24T00:55:48.487000;2016-03-24T00:55:48.773000;126aa7cb-96d3-48cb-9df9-36df7c5eb634;417.35;0.0415;SELL
2016-03-24T00:55:48.487000;2016-03-24T00:55:48.773000;b5692c51-a71c-47f2-aafe-62f48e5dafbe;417.33;0.01;SELL
2016-03-24T00:55:48.487000;2016-03-24T00:55:48.773000;cceb9ebc-5d71-4802-83cb-d732f9f8ce27;417.33;0.1485;SELL
2016-03-24T00:55:50.847000;2016-03-24T00:55:51.117000;1b93fa12-36f4-48ed-86fe-7008c49e950f;417.33;0.1015;SELL
2016-03-24T00:55:50.847000;2016-03-24T00:55:51.117000;43437fa2-1eb4-4fad-85ae-86efcbd7b725;417.33;0.032;SELL
2016-03-24T00:55:50.847000;2016-03-24T00:55:51.150000;a1d68d35-d78a-456e-84eb-097778cb5323;417.33;0.0665;SELL
2016-03-24T00:55:53.170000;2016-03-24T00:55:53.447000;b7372349-4ddb-42d8-b2c1-3fd3d84032de;417.34;0.01;SELL
2016-03-24T00:55:53.170000;2016-03-24T00:55:53.447000;678bb5c3-dd72-44db-8c23-4e1c52a5dcc1;417.34;0.01;SELL
2016-03-24T00:55:53.170000;2016-03-24T00:55:53.447000;45caf2bb-b120-46f1-a4d8-6488e6f4390d;417.33;0.18;SELL
2016-03-24T00:55:55.320000;2016-03-24T00:55:55.587000;e7603405-4064-4021-ae0f-c1f78afcec72;417.34;0.01;SELL
2016-03-24T00:55:55.320000;2016-03-24T00:55:55.617000;47572ec3-098e-4f66-9b19-5e97e05a5b60;417.33;0.0035;SELL
2016-03-24T00:55:55.320000;2016-03-24T00:55:55.617000;ac9af585-0a6f-4eb1-b3a9-a0d064345d44;417.32;0.1865;SELL
2016-03-24T00:56:01.690000;2016-03-24T00:56:01.960000;d5147bd4-e682-4ae1-a654-a8fcbd6edf53;417.37;0.71288;BUY
2016-03-24T00:56:31.490000;2016-03-24T00:56:31.757000;5f761c8c-fe7e-49ad-8140-f1ee0791eadf;417.33;0.5477;BUY
2016-03-24T00:57:01.453000;2016-03-24T00:57:01.743000;d7e375c9-4281-4afe-9359-8c48079940f9;417.33;0.06475;BUY
2016-03-24T00:57:31.543000;2016-03-24T00:57:31.803000;08f10e89-7d69-4929-8ce2-54928fd47c11;417.33;0.277454;BUY
2016-03-24T00:57:31.543000;2016-03-24T00:57:31.820000;0cea6d28-f3e2-47af-b81e-461f7ecc492d;417.33;0.05;BUY
2016-03-24T00:57:31.543000;2016-03-24T00:57:31.820000;ae3b8da7-fb81-4f2b-990e-540c3a5da6a1;417.33;0.979616;BUY
2016-03-24T00:58:01.347000;2016-03-24T00:58:01.603000;a96e6575-1558-4344-a487-b64f8b6a62fd;417.33;0.04744;BUY
2016-03-24T00:58:07.447000;2016-03-24T00:58:07.710000;2e8b19f8-347d-4bb3-b351-317953d25c74;417.33;0.59755243;BUY
2016-03-24T00:58:31.470000;2016-03-24T00:58:31.727000;2fbba9c1-3b5f-402d-bef4-66f1a75ee30f;417.33;0.14614157;BUY
2016-03-24T00:58:31.470000;2016-03-24T00:58:31.743000;1fbd9404-9812-4130-b4e6-c4e14ddc5fe6;417.36;0.48662843;BUY
2016-03-24T00:59:01.487000;2016-03-24T00:59:01.743000;9245170a-f8d2-4528-a0f4-cec1fd668676;417.38;0.096;BUY
2016-03-24T00:59:01.487000;2016-03-24T00:59:01.757000;d540e707-3a97-4082-b298-75d8417eedc6;417.38;1.18503;BUY
2016-03-24T00:59:31.540000;2016-03-24T00:59:31.807000;d58d0631-0310-4adc-a0b6-3fa22b802355;417.32;0.0635;SELL
2016-03-24T00:59:31.540000;2016-03-24T00:59:31.807000;bba84f12-c119-4ac4-b0bf-ff13b3433c07;417.31;0.032;SELL
2016-03-24T00:59:31.540000;2016-03-24T00:59:31.820000;b56e7584-8a60-411c-bf31-f9c7b42d14dc;417.31;0.097;SELL
2016-03-24T00:59:31.540000;2016-03-24T00:59:31.837000;bdbcb54a-364d-4929-9880-9bd583960bef;417.29;0.032;SELL
2016-03-24T00:59:31.540000;2016-03-24T00:59:31.837000;dc30e0f7-73c7-4ec5-8cec-653ddcd4e1c0;417.27;0.032;SELL
2016-03-24T00:59:31.540000;2016-03-24T00:59:31.900000;330aafc9-cdbe-464f-8c8e-b5812d059450;417.26;0.115;SELL
2016-03-24T00:59:31.540000;2016-03-24T00:59:31.900000;b3801a34-8fde-4e7d-9315-438ffd6976bc;417.25;0.01246;SELL
2016-03-24T00:59:31.540000;2016-03-24T00:59:31.900000;f05fbd70-a70a-4c40-bc17-530b9013d4be;417.25;0.01954;SELL
2016-03-24T00:59:31.540000;2016-03-24T00:59:31.900000;a7824be5-dedc-438b-b5cb-2e649b67247f;417.23;0.032;SELL
2016-03-24T00:59:31.540000;2016-03-24T00:59:31.900000;f2c57a8e-1673-496e-891f-702ba04e0b06;417.22;0.0645;SELL
2016-03-24T01:00:31.857000;2016-03-24T01:00:32.103000;3f616402-2d87-4ab5-a308-908264b51047;417.28;0.72;BUY
2016-03-24T01:00:31.857000;2016-03-24T01:00:32.133000;37e94fd5-be40-4c1b-adf5-993eb2d92bbf;417.29;0.1303;BUY
2016-03-24T01:01:01.697000;2016-03-24T01:01:01.947000;64418386-4e3f-4b63-989e-85ce86ea106f;417.27;0.06387;BUY
2016-03-24T01:02:01.477000;2016-03-24T01:02:01.727000;ec94ec79-5c5e-4420-a0d8-fc937835314e;417.23;0.01;SELL
2016-03-24T01:02:01.477000;2016-03-24T01:02:01.743000;c4c3e437-44b5-4a56-bcfd-0db8953c988d;417.22;0.02;SELL
2016-03-24T01:02:01.477000;2016-03-24T01:02:01.743000;1d421dab-eb93-4309-9582-f345c5c676d1;417.21;0.032;SELL
2016-03-24T01:02:01.477000;2016-03-24T01:02:01.743000;4e08b175-80df-4e2c-b1d6-6d8aed100d09;417.21;0.25;SELL
2016-03-24T01:02:01.477000;2016-03-24T01:02:01.807000;f46f3677-2620-4c0c-8f25-c8f3ffcb658d;417.2;0.1;SELL
2016-03-24T01:02:01.477000;2016-03-24T01:02:01.807000;2c80039f-2da9-4b3c-811d-dd1f68d0cff6;417.2;0.88;SELL
2016-03-24T01:02:01.477000;2016-03-24T01:02:01.807000;2eeb1b4e-09f1-4248-bafd-c1668041d035;417.2;0.079;SELL
2016-03-24T01:02:01.477000;2016-03-24T01:02:01.807000;75e257c1-e71c-4dc8-80f0-cd3a55cc9189;417.19;0.032;SELL
2016-03-24T01:02:01.477000;2016-03-24T01:02:01.807000;d73aa5b3-d63e-4c3d-9e59-b06c2cc2b860;417.17;0.032;SELL
2016-03-24T01:02:01.477000;2016-03-24T01:02:01.807000;81acade2-40d9-48ac-a2ce-3f0422d62690;417.16;0.25;SELL
2016-03-24T01:02:01.477000;2016-03-24T01:02:01.807000;2377ccea-388a-47d8-9515-17f5e397aa7f;417.15;0.032;SELL
2016-03-24T01:02:01.477000;2016-03-24T01:02:01.807000;95f9be51-b194-4496-8878-b5634e201be0;417.15;0.072;SELL
2016-03-24T01:02:01.477000;2016-03-24T01:02:01.837000;f7ac7e19-0ab3-4dd8-8e65-af81d40b7310;417.15;0.05;SELL
2016-03-24T01:02:01.477000;2016-03-24T01:02:01.853000;b8f349ac-2781-4867-911c-d729868ee931;417.13;0.032;SELL
2016-03-24T01:02:01.477000;2016-03-24T01:02:01.853000;ef5c4cc3-7acc-4549-8c42-cb58838ea1f8;417.11;0.032;SELL
2016-03-24T01:02:01.477000;2016-03-24T01:02:01.853000;a144363a-8f07-4e13-b360-a98f0c911dd3;417.11;1.0;SELL
2016-03-24T01:02:01.477000;2016-03-24T01:02:01.853000;deb37691-55b4-4c10-9e05-77e046fc3911;417.1;0.25;SELL
2016-03-24T01:02:01.477000;2016-03-24T01:02:01.853000;f416c313-5430-45eb-8928-239ba5af30a8;417.1;0.25;SELL
2016-03-24T01:02:01.480000;2016-03-24T01:02:01.853000;12c1485f-ef21-4c9b-9eab-d506b535ab74;417.1;0.114;SELL
2016-03-24T01:02:01.480000;2016-03-24T01:02:01.853000;d534016e-2462-4fc8-a428-ad6928fae8b6;417.09;0.88716;SELL
2016-03-24T01:02:01.480000;2016-03-24T01:02:01.853000;4d819f9c-1684-427a-98b7-4f3655fa1fb9;417.09;0.032;SELL
2016-03-24T01:02:01.480000;2016-03-24T01:02:01.853000;b8cc6677-32da-47a3-9ac8-b40b79c60b0f;417.08;0.01;SELL
2016-03-24T01:02:01.480000;2016-03-24T01:02:01.867000;1f8027c6-4e8c-4cb9-8929-81de974b3f50;417.07;0.032;SELL
2016-03-24T01:02:01.480000;2016-03-24T01:02:01.867000;1cbe1a57-1589-4f04-9bca-b6d450362c2d;417.06;0.25;SELL
2016-03-24T01:02:01.480000;2016-03-24T01:02:01.867000;d6859188-b73c-4407-b0b7-c241fec78a42;417.05;0.01081;SELL
2016-03-24T01:02:01.480000;2016-03-24T01:02:01.867000;58658c3e-3d41-4e9d-bea9-2dd5fa770536;417.05;0.0125;SELL
2016-03-24T01:02:01.480000;2016-03-24T01:02:01.883000;8ef54ab8-b9d2-4761-bece-a4ec1091ffd1;417.05;0.115;SELL
2016-03-24T01:02:01.480000;2016-03-24T01:02:01.883000;eab3413a-a3ea-44e0-bfc8-263c193a3a8b;417.03;0.032;SELL
2016-03-24T01:02:01.480000;2016-03-24T01:02:01.913000;b59de185-093e-4db3-ab2b-68b720aa4ab0;417.01;0.032;SELL
2016-03-24T01:02:01.480000;2016-03-24T01:02:01.913000;8f61ac81-594b-4abb-b9c8-facdb9cb8a63;417.01;0.1002;SELL
2016-03-24T01:02:01.480000;2016-03-24T01:02:01.913000;53f8dbc3-19b6-441f-8eba-24e3d7f600c4;417.0;0.121;SELL
2016-03-24T01:02:01.480000;2016-03-24T01:02:01.913000;c926a814-ff9f-44de-a12d-757c996ce580;416.99;0.032;SELL
2016-03-24T01:02:01.480000;2016-03-24T01:02:01.913000;6550e641-5213-4b90-a5da-8c9294189f96;416.97;0.032;SELL
2016-03-24T01:02:01.480000;2016-03-24T01:02:01.913000;114da7ee-55e8-4679-bc16-4fd9c100f3d5;416.96;0.15;SELL
2016-03-24T01:02:01.480000;2016-03-24T01:02:01.913000;e0c8ee58-bca4-46ba-956d-3d25ec416c39;416.95;0.01;SELL
2016-03-24T01:02:01.480000;2016-03-24T01:02:01.913000;8b9297e0-3573-4122-b705-eae49b381d19;416.95;0.032;SELL
2016-03-24T01:02:01.480000;2016-03-24T01:02:01.913000;aa7ab211-3299-4286-8854-06d39422bbe3;416.95;0.095;SELL
2016-03-24T01:02:01.480000;2016-03-24T01:02:01.930000;f7326818-f3dc-4e18-8e41-119b3befdbbb;416.95;2.0;SELL
2016-03-24T01:02:01.480000;2016-03-24T01:02:01.947000;fab05271-9d93-4e43-a493-d18ce006db4d;416.93;0.032;SELL
2016-03-24T01:02:01.480000;2016-03-24T01:02:01.947000;37ac10c0-504f-423a-889d-d84787c2c1ba;416.91;0.032;SELL
2016-03-24T01:02:01.480000;2016-03-24T01:02:01.947000;5a248790-8c48-4d63-8135-3c9e09bfbefb;416.91;0.96;SELL
2016-03-24T01:02:01.483000;2016-03-24T01:02:01.947000;6979b99f-545f-41d1-9ec2-4c1895d3dd92;416.9;0.476325;SELL
2016-03-24T01:02:01.483000;2016-03-24T01:02:01.947000;4979c612-208c-495c-8351-fe0ca7796094;416.9;0.72;SELL
2016-03-24T01:02:01.483000;2016-03-24T01:02:01.947000;0b4392a9-8045-4aab-b718-752a29e169b6;416.9;0.124;SELL
2016-03-24T01:02:01.483000;2016-03-24T01:02:01.947000;1b307d8d-801b-48a1-94cb-27e90db408d4;416.89;0.032;SELL
2016-03-24T01:02:01.483000;2016-03-24T01:02:01.947000;c69f7372-7461-434d-ac97-524349aea477;416.88;0.092675;SELL
2016-03-24T01:02:31.547000;2016-03-24T01:02:31.807000;bbdb4ffe-0432-4651-a666-8e13b423afd8;417.04;0.032;BUY
2016-03-24T01:02:31.550000;2016-03-24T01:02:31.807000;0433b83a-6714-4886-af0a-bbf8f4b97563;417.04;0.194;BUY
2016-03-24T01:02:31.550000;2016-03-24T01:02:31.820000;f08c12c5-4d88-482b-99c5-e0d72be71408;417.04;0.239;BUY
2016-03-24T01:02:31.550000;2016-03-24T01:02:31.820000;b61aa0df-fefd-4b55-916d-46daae089bdc;417.04;0.239;BUY
2016-03-24T01:02:31.550000;2016-03-24T01:02:31.820000;25754718-26f9-4567-a393-e7f9916b5785;417.04;0.15043;BUY
2016-03-24T01:03:31.687000;2016-03-24T01:03:31.960000;1488457e-f962-437a-8a7e-6eb0f860cc94;417.04;0.08857;BUY
2016-03-24T01:03:31.687000;2016-03-24T01:03:31.960000;5522cd6b-e917-4f41-9106-6c7583ce7667;417.04;0.239;BUY
2016-03-24T01:03:31.687000;2016-03-24T01:03:31.960000;7ac21a00-a015-4875-8e6f-a0349353b9ea;417.04;0.239;BUY
2016-03-24T01:03:31.687000;2016-03-24T01:03:31.960000;c48d3df2-59a8-4eac-9e81-0368c2f2af1a;417.04;0.239;BUY
2016-03-24T01:03:31.687000;2016-03-24T01:03:31.977000;8d5cc238-33f2-4823-aab7-2fb7ef92f089;417.04;0.05;BUY
2016-03-24T01:03:31.687000;2016-03-24T01:03:31.993000;11fa47d3-50a1-4f80-b9dd-e243bc39d437;417.04;0.239;BUY
2016-03-24T01:03:31.687000;2016-03-24T01:03:31.993000;a7e5de34-4c82-4d4f-8952-69fca6ec1d78;417.04;0.57918;BUY
2016-03-24T01:04:49.993000;2016-03-24T01:04:50.243000;325d3d17-621c-4b8e-95ad-ff8fc72fa52c;417.03;0.01;SELL
2016-03-24T01:04:49.993000;2016-03-24T01:04:50.243000;9890126b-aac4-4346-a2e3-4942f1f10305;417.03;0.086;SELL
2016-03-24T01:04:49.993000;2016-03-24T01:04:50.257000;6fd3bc0c-98c4-4df8-9df0-197d06e6c0f2;417.03;0.224;SELL
2016-03-24T01:06:21.770000;2016-03-24T01:06:21.827000;1c200fb4-2e1c-4e06-9a87-d1b8ed6195d5;417.04;0.06517;BUY
2016-03-24T01:06:21.790000;2016-03-24T01:06:21.857000;2bee56b4-9cae-4d2a-bed3-15ca2815987f;417.04;0.01636497;BUY
2016-03-24T01:06:21.793000;2016-03-24T01:06:21.857000;1cff98cb-2265-4ba2-91b8-39434544d5a8;417.04;0.0765;BUY
2016-03-24T01:06:21.800000;2016-03-24T01:06:21.873000;00f641f1-3037-4e8c-853d-cdfc41bef775;417.04;0.06688;BUY
2016-03-24T01:06:21.840000;2016-03-24T01:06:21.903000;4d3228a4-26d3-43af-9abc-cfa8b3efa427;417.04;0.10508503;BUY
2016-03-24T01:07:36.437000;2016-03-24T01:07:36.483000;11613ff9-6238-464d-b470-e657c3a53fe8;417.04;0.0704;BUY
2016-03-24T01:07:36.440000;2016-03-24T01:07:36.497000;7f589f15-5d18-4353-a81e-3625f156b26f;417.04;0.14166009;BUY
2016-03-24T01:07:36.440000;2016-03-24T01:07:36.497000;724b7d8e-4cc3-4bfc-a8b4-6067a2eca372;417.04;0.00363991;BUY
2016-03-24T01:07:36.447000;2016-03-24T01:07:36.530000;842398ee-c024-4dcb-ac68-c83355392a5d;417.04;0.0343;BUY
2016-03-24T01:09:11.123000;2016-03-24T01:09:11.170000;228b6bdf-9f05-4e5d-8912-16af0c5c37ee;417.04;0.067144;BUY
2016-03-24T01:11:01.443000;2016-03-24T01:11:01.513000;bf575ea0-1156-40dc-a162-85b99e666c19;417.03;0.37;BUY
2016-03-24T01:11:01.443000;2016-03-24T01:11:01.530000;03861ea1-bb60-4177-8916-02cf3d025941;417.03;0.105;BUY
2016-03-24T01:11:01.443000;2016-03-24T01:11:01.530000;c07b483c-6a34-49b8-8530-7d9b85bb8f85;417.03;0.239;BUY
2016-03-24T01:11:01.443000;2016-03-24T01:11:01.530000;2c079101-7293-4903-8c09-983855ca1191;417.03;0.239;BUY
2016-03-24T01:11:01.443000;2016-03-24T01:11:01.560000;79ccfc7e-ceb0-429e-8ab4-1d32b578b979;417.03;0.239;BUY
2016-03-24T01:11:01.443000;2016-03-24T01:11:01.560000;cb3fcf0d-b7ea-46e7-81f7-096dcb339756;417.03;0.05;BUY
2016-03-24T01:11:01.443000;2016-03-24T01:11:01.577000;41fc8433-baea-4f1d-9734-c4ec096a2b80;417.03;3.541;BUY
2016-03-24T01:11:01.443000;2016-03-24T01:11:01.577000;7363e40c-3217-45ff-8cd9-747e39906856;417.03;0.17513;BUY
2016-03-24T01:11:01.443000;2016-03-24T01:11:01.577000;ca071792-bde6-464e-912a-70639dcd2dd9;417.03;0.239;BUY
2016-03-24T01:11:01.443000;2016-03-24T01:11:01.577000;212e9be5-9467-40df-8a4f-73943251e131;417.03;0.239;BUY
2016-03-24T01:11:01.443000;2016-03-24T01:11:01.577000;9524cdf9-f767-461f-b98f-87d11d6f4b21;417.03;0.239;BUY
2016-03-24T01:11:01.443000;2016-03-24T01:11:01.577000;cc30950e-0c06-442d-a122-3a233de44fd1;417.03;0.239;BUY
2016-03-24T01:11:01.443000;2016-03-24T01:11:01.607000;ad08a117-18d2-4dbf-82ca-aa0d73b9e7d6;417.03;0.239;BUY
2016-03-24T01:11:01.443000;2016-03-24T01:11:01.640000;d095f7c0-0c90-41fb-bb33-246fe1f56798;417.03;0.239;BUY
2016-03-24T01:11:01.443000;2016-03-24T01:11:01.640000;217788a6-aebc-4d0d-939c-c6bbdbab0e52;417.03;0.239;BUY
2016-03-24T01:11:01.443000;2016-03-24T01:11:01.640000;267c623a-d70b-4d06-8477-007b9dc115ac;417.03;7.13848;BUY
2016-03-24T01:11:01.443000;2016-03-24T01:11:01.640000;4eef7942-242a-4358-b236-a2bcf6a2d284;417.03;0.239;BUY
2016-03-24T01:11:01.443000;2016-03-24T01:11:01.640000;99a10f32-34fa-450a-9531-139171b832f3;417.03;0.239;BUY
2016-03-24T01:11:01.443000;2016-03-24T01:11:01.640000;f8b858c8-a08f-4ef0-b3a5-eb82cb1c9514;417.03;0.239;BUY
2016-03-24T01:11:01.443000;2016-03-24T01:11:01.640000;71964fff-0ce9-48f1-bd0b-4d6afefecbe0;417.03;0.239;BUY
2016-03-24T01:11:01.447000;2016-03-24T01:11:01.640000;e3ff27a0-4c48-464f-912c-b9104d316a12;417.03;0.239;BUY
2016-03-24T01:11:01.447000;2016-03-24T01:11:01.640000;bfa6e456-6dc4-4e47-b65a-700abe4a0934;417.03;1.369;BUY
2016-03-24T01:11:01.447000;2016-03-24T01:11:01.640000;6b5d8e44-89b9-4db6-9820-0648ad78bb33;417.03;0.239;BUY
2016-03-24T01:11:01.447000;2016-03-24T01:11:01.640000;00cdc2e0-1fae-4236-831c-ddc16fe13de2;417.03;0.239;BUY
2016-03-24T01:11:01.447000;2016-03-24T01:11:01.640000;8a69f6ac-5e6d-41b5-a245-dec93f3d38c0;417.03;0.239;BUY
2016-03-24T01:11:01.447000;2016-03-24T01:11:01.640000;3d9db570-5ca2-40f7-bc61-eab01241daea;417.03;0.13391609;BUY
2016-03-24T01:11:01.447000;2016-03-24T01:11:01.640000;94caf35b-1f03-4a3c-9ed6-d3b8f88ea649;417.03;0.239;BUY
2016-03-24T01:11:01.447000;2016-03-24T01:11:01.653000;43faa3f5-e219-42be-b83e-289424a4780c;417.03;0.239;BUY
2016-03-24T01:11:01.447000;2016-03-24T01:11:01.653000;125d4397-013f-4cfd-a293-29c7267ccf37;417.03;0.239;BUY
2016-03-24T01:11:01.447000;2016-03-24T01:11:01.653000;b00b41a2-d149-4cbb-8e6e-0d6808f5cbd9;417.03;0.239;BUY
2016-03-24T01:11:01.447000;2016-03-24T01:11:01.653000;60d0a185-211d-4891-9bb4-edf707bf1e61;417.03;0.239;BUY
2016-03-24T01:11:01.447000;2016-03-24T01:11:01.653000;6b77b78c-ad96-4eba-bff0-7fd396aaea74;417.03;0.2;BUY
2016-03-24T01:11:01.447000;2016-03-24T01:11:01.653000;fc5aa799-3e59-4de8-94cf-c208168e1ce6;417.03;0.239;BUY
2016-03-24T01:11:01.447000;2016-03-24T01:11:01.670000;853a0807-41c3-4bce-8ed0-dc56dfb84bef;417.03;0.239;BUY
2016-03-24T01:11:01.447000;2016-03-24T01:11:01.670000;ab9c3512-4b82-4645-a933-f0a13af896ac;417.04;0.2;BUY
2016-03-24T01:11:01.447000;2016-03-24T01:11:01.700000;399ab8a5-1bec-44d5-997e-f7999ed5c09e;417.04;0.2;BUY
2016-03-24T01:11:01.447000;2016-03-24T01:11:01.717000;cd0ebfab-c807-472b-b1b6-6301aee172ed;417.04;0.45;BUY
2016-03-24T01:11:01.447000;2016-03-24T01:11:01.717000;1afe9590-04f9-4336-9d7e-c8e5f1252037;417.06;0.032;BUY
2016-03-24T01:11:01.447000;2016-03-24T01:11:01.717000;b74bb6f1-a138-4306-9f53-592f5600d1ca;417.08;0.032;BUY
2016-03-24T01:11:01.447000;2016-03-24T01:11:01.717000;5bec2a99-7de7-4fdb-8674-c404e19e0297;417.08;0.336;BUY
2016-03-24T01:11:01.447000;2016-03-24T01:11:01.717000;5238c36c-85ca-4bc6-84a4-e8d4954497c3;417.1;0.032;BUY
2016-03-24T01:11:01.447000;2016-03-24T01:11:01.717000;be78820f-dcec-4c35-afe5-262d89ff4981;417.1;0.01;BUY
2016-03-24T01:11:01.453000;2016-03-24T01:11:01.717000;567d9b09-16da-4292-8711-3be141fbe5c1;417.12;0.032;BUY
2016-03-24T01:11:01.453000;2016-03-24T01:11:01.717000;419968e2-5a5f-44ac-9329-c41ffd1757b6;417.13;0.324;BUY
2016-03-24T01:11:01.453000;2016-03-24T01:11:01.717000;8a1b7afb-81a1-4268-b143-c8b2e2045136;417.13;0.15;BUY
2016-03-24T01:11:01.457000;2016-03-24T01:11:01.717000;b22068ee-7582-4932-a6fa-36159fb15181;417.14;0.032;BUY
2016-03-24T01:11:01.457000;2016-03-24T01:11:01.717000;abbad5b2-029f-4c73-b300-b5f34b147a87;417.14;4.089;BUY
2016-03-24T01:11:01.457000;2016-03-24T01:11:01.717000;7a197899-09c4-47f1-8ee5-4914d9fbc6f1;417.16;0.032;BUY
2016-03-24T01:11:01.457000;2016-03-24T01:11:01.733000;3f9773d7-715a-4175-ae61-afb924fc6a86;417.16;0.25;BUY
2016-03-24T01:11:01.457000;2016-03-24T01:11:01.733000;f349226b-93ca-49a0-8507-ea6c8f8ebe21;417.16;0.01;BUY
2016-03-24T01:11:01.457000;2016-03-24T01:11:01.733000;0bf9e24c-df6b-4a61-81e7-5a66aab35849;417.16;0.25;BUY
2016-03-24T01:11:01.457000;2016-03-24T01:11:01.733000;ea33fade-d9c7-4c5d-b9a4-354811d56d4f;417.16;0.25;BUY
2016-03-24T01:11:01.457000;2016-03-24T01:11:01.733000;1693d19b-5f63-445a-b760-49aa5cd81e8e;417.18;0.032;BUY
2016-03-24T01:11:01.457000;2016-03-24T01:11:01.733000;141e6b43-2b5b-4138-975a-ab96a7a312bc;417.18;0.374;BUY
2016-03-24T01:11:01.457000;2016-03-24T01:11:01.763000;43d2aad4-cc72-4591-afc1-a71fc669bbfb;417.2;0.01081;BUY
2016-03-24T01:11:01.457000;2016-03-24T01:11:01.763000;e90a110f-1863-44af-a13a-9a4761f03962;417.2;0.0125;BUY
2016-03-24T01:11:01.457000;2016-03-24T01:11:01.763000;574bf0ee-9460-442d-bbe1-1f3e6e683a7d;417.22;0.032;BUY
2016-03-24T01:11:01.457000;2016-03-24T01:11:01.763000;bf6ea695-40be-41db-b988-f2a0c9d5a803;417.23;0.318;BUY
2016-03-24T01:11:01.463000;2016-03-24T01:11:01.763000;99209b5b-7e63-4294-afac-cbc23047013e;417.24;0.032;BUY
2016-03-24T01:11:01.463000;2016-03-24T01:11:01.763000;5ba1b72e-69f3-436d-9b1e-e946687d4c86;417.25;0.01;BUY
2016-03-24T01:11:01.463000;2016-03-24T01:11:01.780000;cfda0cec-b07c-4630-b6ad-6b323af36dc2;417.26;0.032;BUY
2016-03-24T01:11:01.463000;2016-03-24T01:11:01.780000;556b94cc-abc3-4331-9bcf-9e2cb9a61ff7;417.27;1.9828;BUY
2016-03-24T01:11:01.463000;2016-03-24T01:11:01.793000;1e6a4483-f20c-40fd-b1f1-3a16294f6b5b;417.28;0.032;BUY
2016-03-24T01:11:01.463000;2016-03-24T01:11:01.810000;7f7035a3-5054-4487-9da6-00d261353699;417.28;3.217;BUY
2016-03-24T01:11:01.463000;2016-03-24T01:11:01.810000;1e13da0a-75dc-4236-af6c-6c3b9efff75f;417.28;0.331;BUY
2016-03-24T01:11:01.463000;2016-03-24T01:11:01.810000;c94e3fec-aa36-478d-a38e-b816bdcf6314;417.3;0.032;BUY
2016-03-24T01:11:01.463000;2016-03-24T01:11:01.810000;03d41801-f94a-4ee4-91a1-05272644b5d8;417.31;0.01;BUY
2016-03-24T01:11:01.463000;2016-03-24T01:11:01.810000;0da125fa-cb4a-4a65-b5b2-e5b290df4be4;417.32;0.032;BUY
2016-03-24T01:11:01.463000;2016-03-24T01:11:01.810000;8fa7a254-052f-4b18-af3b-b09ead5e8499;417.33;0.357;BUY
2016-03-24T01:11:01.467000;2016-03-24T01:11:01.810000;5cabdf54-34be-4b0f-950d-7fbe25e7038b;417.34;0.25;BUY
2016-03-24T01:11:01.467000;2016-03-24T01:11:01.810000;253a2e03-daea-423c-88a9-e285c34cb22c;417.34;0.032;BUY
2016-03-24T01:11:01.467000;2016-03-24T01:11:01.810000;9d030ee2-1bfa-4148-bc40-7463f17d266f;417.36;0.01;BUY
2016-03-24T01:11:01.467000;2016-03-24T01:11:01.843000;c1b02aa9-838f-4d32-92c7-cf52eebae9ab;417.36;0.032;BUY
2016-03-24T01:11:01.467000;2016-03-24T01:11:01.843000;5afac8ff-e520-46e4-887b-a368e936f089;417.38;0.032;BUY
2016-03-24T01:11:01.467000;2016-03-24T01:11:01.843000;a142ca5a-627c-4f30-9088-61b90d6b6eae;417.38;0.366;BUY
2016-03-24T01:11:01.467000;2016-03-24T01:11:01.857000;713d17e8-2b0b-46cb-babd-96f0c797ceba;417.4;0.01246;BUY
2016-03-24T01:11:01.467000;2016-03-24T01:11:01.857000;d4654c55-aa73-4e80-9f44-a6ff6f2d5e81;417.4;0.01954;BUY
2016-03-24T01:11:01.467000;2016-03-24T01:11:01.857000;b302431f-38a0-4602-80c9-75dbbf041295;417.41;3.525;BUY
2016-03-24T01:11:01.467000;2016-03-24T01:11:01.857000;0c5a488c-94a4-4704-af27-1498491f0d90;417.42;0.032;BUY
2016-03-24T01:11:01.467000;2016-03-24T01:11:01.857000;3bf75c4b-6495-4797-9c2c-f4e3fb780ec7;417.43;0.339;BUY
2016-03-24T01:11:01.467000;2016-03-24T01:11:01.857000;6ab3010a-f5d6-4dab-918a-adc61d8aae34;417.44;0.032;BUY
2016-03-24T01:11:01.467000;2016-03-24T01:11:01.857000;66ad8d10-bfbb-4e0d-9fe6-241e52fe3230;417.45;0.25;BUY
2016-03-24T01:11:01.467000;2016-03-24T01:11:01.873000;0f724c42-4509-4989-baed-7b5588c72a3f;417.46;0.032;BUY
2016-03-24T01:11:01.467000;2016-03-24T01:11:01.873000;b2f150ed-6684-411d-a809-d159b6507118;417.47;0.01;BUY
2016-03-24T01:11:01.467000;2016-03-24T01:11:01.873000;0e361a7d-1914-4cb3-b239-f47e0578eae4;417.48;0.032;BUY
2016-03-24T01:11:01.467000;2016-03-24T01:11:01.903000;365f7f14-06b1-4529-8f39-17099be75a58;417.48;0.349;BUY
2016-03-24T01:11:01.467000;2016-03-24T01:11:01.903000;f289cf4a-c1a9-43f3-9d63-3d062fe42619;417.5;0.032;BUY
2016-03-24T01:11:01.467000;2016-03-24T01:11:01.903000;fd619a42-4bb5-4594-a377-4aa5208331d6;417.51;0.38;BUY
2016-03-24T01:11:01.470000;2016-03-24T01:11:01.903000;a30c580f-342f-4973-a0d4-1e4d9184decb;417.52;0.01;BUY
2016-03-24T01:11:01.470000;2016-03-24T01:11:01.903000;c2462dd1-4bed-4d27-8785-6787e216b329;417.52;0.01;BUY
2016-03-24T01:11:01.470000;2016-03-24T01:11:01.903000;8de93863-56b6-42bd-9a71-be11f84f94be;417.53;0.364;BUY
2016-03-24T01:11:01.470000;2016-03-24T01:11:01.903000;3a8ac718-daee-40b9-9097-8217007089de;417.54;3.69;BUY
2016-03-24T01:11:01.470000;2016-03-24T01:11:01.903000;b9e5f32a-d557-46b7-8a9f-297e355e52ba;417.55;3.66;BUY
2016-03-24T01:11:01.470000;2016-03-24T01:11:01.903000;d4845c8c-9008-4e2f-8073-7b07ed63a2c1;417.55;0.01;BUY
2016-03-24T01:11:01.470000;2016-03-24T01:11:01.903000;1af34f25-cbd7-44dd-94f3-7758640cb91a;417.56;0.01;BUY
2016-03-24T01:11:01.470000;2016-03-24T01:11:01.920000;89b27690-8ba2-4715-882e-b4147155991c;417.57;0.32;BUY
2016-03-24T01:11:01.470000;2016-03-24T01:11:01.920000;63787775-3762-48a9-b5ba-0c966fda70b0;417.58;0.331;BUY
2016-03-24T01:11:01.470000;2016-03-24T01:11:01.920000;8e106afc-84b3-4eab-ba20-d835fc6fc88d;417.58;0.26;BUY
2016-03-24T01:11:01.470000;2016-03-24T01:11:01.920000;342ede53-8f57-458b-abb8-309d9d043ec1;417.59;0.25;BUY
2016-03-24T01:11:01.470000;2016-03-24T01:11:01.920000;98cff785-2dbe-4416-80d9-e7a3e7dfdc6e;417.59;0.01;BUY
2016-03-24T01:11:01.470000;2016-03-24T01:11:01.937000;2c5916df-bffa-49bb-9715-6b7d3454e541;417.61;0.85;BUY
2016-03-24T01:11:01.470000;2016-03-24T01:11:01.937000;64c91787-9c30-411a-9d72-846ff6737d49;417.62;0.25;BUY
2016-03-24T01:11:01.470000;2016-03-24T01:11:01.937000;9ccd3fc1-eade-495b-ba91-94b3863ec213;417.62;0.25;BUY
2016-03-24T01:11:01.470000;2016-03-24T01:11:01.937000;95417916-f7ca-487e-88cd-fcbdabd50368;417.63;0.01;BUY
2016-03-24T01:11:01.473000;2016-03-24T01:11:01.937000;11480866-0352-4087-842a-03e8e81accb5;417.63;0.37;BUY
2016-03-24T01:11:01.473000;2016-03-24T01:11:01.950000;e4566b9d-c5f6-4235-9d86-96581799fdb9;417.65;0.96236391;BUY
2016-03-24T01:11:12.187000;2016-03-24T01:11:12.247000;c6b5983c-e5e0-40bd-a4c6-c7df21c2b687;417.35;0.032;SELL
2016-03-24T01:11:12.187000;2016-03-24T01:11:12.247000;0e09df31-9f17-4193-ad32-92f2a6badecb;417.35;0.01;SELL
2016-03-24T01:11:12.187000;2016-03-24T01:11:12.247000;d6abc8d7-cefc-47ff-86d0-c5bfb2ad9d1d;417.35;0.05;SELL
2016-03-24T01:11:12.187000;2016-03-24T01:11:12.247000;b7872a1b-d870-43ee-a7ae-ce0fa443aecb;417.34;0.01;SELL
2016-03-24T01:11:12.187000;2016-03-24T01:11:12.263000;101058b8-482a-4baa-b6d0-ec657912a14d;417.33;0.032;SELL
2016-03-24T01:11:31.570000;2016-03-24T01:11:31.623000;825dd381-9fe3-4851-a1f4-ed2624ecc60b;417.33;0.2;BUY
2016-03-24T01:11:31.570000;2016-03-24T01:11:31.623000;29e5deb8-e0d3-4cb1-99b3-78a99de74bbc;417.33;0.089;BUY
2016-03-24T01:11:31.573000;2016-03-24T01:11:31.640000;114043fa-2db7-4699-91b7-0e4329d5ffcd;417.33;4.09933;BUY
2016-03-24T01:11:35.960000;2016-03-24T01:11:35.997000;da9e2c3c-c1de-473c-b46c-179029619adb;417.35;0.04995;BUY
2016-03-24T01:12:01.710000;2016-03-24T01:12:01.763000;42e20a5a-5232-4591-a18a-4139c1d13a12;417.34;0.11072;BUY
2016-03-24T01:12:31.227000;2016-03-24T01:12:31.263000;5f6b2661-fe92-4d9f-a952-d2f1cc8e1525;417.34;0.08928;BUY
2016-03-24T01:12:31.227000;2016-03-24T01:12:31.280000;46a5519e-3cd7-4454-88b4-b40e82f9e461;417.34;0.4;BUY
2016-03-24T01:12:31.227000;2016-03-24T01:12:31.280000;21573d57-ae03-41bf-add2-c943e52ff417;417.34;0.072;BUY
2016-03-24T01:12:31.227000;2016-03-24T01:12:31.280000;e2123219-e541-4e51-b535-49dea71d7d00;417.39;0.11;BUY
2016-03-24T01:12:31.227000;2016-03-24T01:12:31.310000;782db2cf-c1b1-48a9-970b-f4cbcef52404;417.41;0.20619;BUY
2016-03-24T01:13:01.620000;2016-03-24T01:13:01.653000;791309b8-4cde-43c0-a20d-ccde3003f911;417.35;0.01;SELL
2016-03-24T01:13:01.620000;2016-03-24T01:13:01.687000;b1d5d280-5731-4bc3-95a8-7ec30faec3a7;417.35;7.149;SELL
2016-03-24T01:13:01.620000;2016-03-24T01:13:01.687000;9ed1fb51-42f4-43ac-992a-3d7c7655e03f;417.35;0.05;SELL
2016-03-24T01:13:01.620000;2016-03-24T01:13:01.687000;fd2b1a6b-e547-4329-9de2-d41aed836e07;417.35;0.8;SELL
2016-03-24T01:13:01.620000;2016-03-24T01:13:01.687000;5c332a9e-82dc-4b9d-b93a-8d03b98f063b;417.35;5.89;SELL
2016-03-24T01:13:01.620000;2016-03-24T01:13:01.687000;2a41df22-64a0-4f6a-b4df-1b8f474a2384;417.34;0.01;SELL
2016-03-24T01:13:01.620000;2016-03-24T01:13:01.687000;c58d8068-d249-4f06-ab4f-7801ea17efe7;417.33;0.01;SELL
2016-03-24T01:13:01.623000;2016-03-24T01:13:01.717000;304a43a5-6ccb-48e8-a69e-ad88a52358d0;417.33;0.50359999;SELL
2016-03-24T01:13:01.623000;2016-03-24T01:13:01.717000;87119b89-fcc4-42a2-aaac-aa5f5c92a163;417.32;0.563;SELL
2016-03-24T01:13:01.670000;2016-03-24T01:13:01.747000;db8b2b5a-96d7-4a8c-af4a-bace3bf669c6;417.31;0.032;SELL
2016-03-24T01:13:01.670000;2016-03-24T01:13:01.747000;af9ca33b-2172-48c4-b424-f8902bcd4b2f;417.29;0.032;SELL
2016-03-24T01:13:01.670000;2016-03-24T01:13:01.747000;7127b1ba-90f7-4538-b4a4-11ba7a31b570;417.27;0.032;SELL
2016-03-24T01:13:01.670000;2016-03-24T01:13:01.763000;fc804832-3b41-4a73-ab6b-081033935977;417.27;0.556;SELL
2016-03-24T01:13:01.670000;2016-03-24T01:13:01.763000;68f41ae8-ea5e-4190-b013-7bf2749fa29c;417.25;0.01246;SELL
2016-03-24T01:13:01.670000;2016-03-24T01:13:01.763000;6f49f0ff-5a3c-4420-b5a9-1d494814a1dd;417.25;0.01954;SELL
2016-03-24T01:13:01.670000;2016-03-24T01:13:01.763000;5a3dbb57-ac91-420f-929d-9c45b5fc9bb6;417.23;0.032;SELL
2016-03-24T01:13:01.670000;2016-03-24T01:13:01.763000;37f03c83-ce1e-4988-b53c-08a20d110961;417.22;0.55;SELL
2016-03-24T01:13:01.670000;2016-03-24T01:13:01.763000;b9a0ce29-a58f-46da-ae58-005737e63526;417.21;0.032;SELL
2016-03-24T01:13:01.670000;2016-03-24T01:13:01.780000;c60e4a93-2cbd-44ad-8495-ff060985d854;417.19;0.032;SELL
2016-03-24T01:13:01.673000;2016-03-24T01:13:01.780000;527e2d2d-f17d-49b8-ab5e-6e548efc0d69;417.17;0.032;SELL
2016-03-24T01:13:01.673000;2016-03-24T01:13:01.780000;2f2b708b-34ac-4f36-9b74-0c24e3c0cb79;417.17;0.544;SELL
2016-03-24T01:13:01.673000;2016-03-24T01:13:01.810000;6d4ba64f-181a-45b1-a0a2-bd76e3e48fcf;417.16;0.15;SELL
2016-03-24T01:13:01.673000;2016-03-24T01:13:01.810000;beee2986-ec4d-44d5-a1b3-edaaefaf3eee;417.13;0.032;SELL
2016-03-24T01:13:01.673000;2016-03-24T01:13:01.810000;e26f1033-a446-428d-b77b-b3b47ceeb2ea;417.09;0.032;SELL
2016-03-24T01:13:01.673000;2016-03-24T01:13:01.810000;379c3c22-6a4f-4e9f-93f3-f3dc42a71520;417.07;0.032;SELL
2016-03-24T01:13:01.673000;2016-03-24T01:13:01.810000;916bd350-6d0f-4759-a1b5-1c92fafe8a0a;417.07;0.01;SELL
2016-03-24T01:13:01.673000;2016-03-24T01:13:01.810000;c3f099c6-3f3b-442b-b844-58fe746ea51b;417.05;0.0195;SELL
2016-03-24T01:13:01.673000;2016-03-24T01:13:01.827000;c36f947b-bc0f-493a-ad2b-f0edfc062eac;417.05;0.0125;SELL
2016-03-24T01:13:01.673000;2016-03-24T01:13:01.827000;82592fe5-9781-49e3-b764-9597dc01932e;417.04;0.02;SELL
2016-03-24T01:13:01.673000;2016-03-24T01:13:01.827000;c9ffb7a6-9672-44be-b9c7-bbefbe7014e6;417.03;0.032;SELL
2016-03-24T01:13:01.673000;2016-03-24T01:13:01.843000;a529f526-c966-4c22-b480-c902ab195a64;417.01;0.032;SELL
2016-03-24T01:13:01.673000;2016-03-24T01:13:01.843000;02b5adae-068c-4d50-91c9-3030d295552b;416.99;0.032;SELL
2016-03-24T01:13:01.673000;2016-03-24T01:13:01.843000;c0f53ca2-2e18-4b9e-a0f9-a455adcabba2;416.97;0.032;SELL
2016-03-24T01:13:01.673000;2016-03-24T01:13:01.843000;0dad7eff-b3e2-4c3a-a4de-4a4aa323e5d4;416.96;0.72;SELL
2016-03-24T01:13:01.673000;2016-03-24T01:13:01.843000;48a428a5-593c-419c-a3be-33b3f3ca451f;416.95;0.032;SELL
2016-03-24T01:13:01.673000;2016-03-24T01:13:01.873000;ceeab196-c06d-496a-b76b-f0a5ecc4673b;416.95;0.72;SELL
2016-03-24T01:13:01.673000;2016-03-24T01:13:01.873000;d19c956d-a273-45be-b51d-4c02adda2ae9;416.94;0.01;SELL
2016-03-24T01:13:01.673000;2016-03-24T01:13:01.873000;a68bd7e5-1a62-4feb-b42b-7d74868ca24e;416.94;0.72;SELL
2016-03-24T01:13:01.677000;2016-03-24T01:13:01.873000;296dfcb0-9401-4010-a9d0-7c5928b6fbae;416.93;0.032;SELL
2016-03-24T01:13:01.677000;2016-03-24T01:13:01.873000;755d06eb-4b9a-4717-b702-bbd5fabb0e99;416.93;0.72;SELL
2016-03-24T01:13:01.677000;2016-03-24T01:13:01.873000;a5d07dfa-1200-40c2-9f75-5e47ad83117a;416.92;0.25;SELL
2016-03-24T01:13:01.677000;2016-03-24T01:13:01.873000;c7c8fb25-7f0d-4a1d-be5a-3f36e65c2fb3;416.92;0.25;SELL
2016-03-24T01:13:01.677000;2016-03-24T01:13:01.890000;d2cb195b-daf2-4aec-ac90-968fa6b31c39;416.92;0.25;SELL
2016-03-24T01:13:01.677000;2016-03-24T01:13:01.890000;0f89365c-0033-4efb-a1a9-821a01a85299;416.91;0.032;SELL
2016-03-24T01:13:01.677000;2016-03-24T01:13:01.890000;06debd74-164a-42fb-b099-51ea420975d5;416.9;0.24;SELL
2016-03-24T01:13:01.677000;2016-03-24T01:13:01.890000;e0b33c9a-8e21-4342-aa2e-f4dbeb97be98;416.89;0.032;SELL
2016-03-24T01:13:01.677000;2016-03-24T01:13:01.903000;583eae6a-fe3b-4e2d-8dd0-412c4596ec3f;416.89;0.325;SELL
2016-03-24T01:13:01.677000;2016-03-24T01:13:01.903000;9cceeafe-1078-4dcf-835c-69ebbf0ea2e8;416.88;0.72;SELL
2016-03-24T01:13:01.677000;2016-03-24T01:13:01.903000;a4101590-19b3-4fb5-81d9-9de50b4a9d3f;416.87;0.032;SELL
2016-03-24T01:13:01.677000;2016-03-24T01:13:01.920000;b1f1b24d-2f34-47a6-8ee9-3accd1c43038;416.86;2.16;SELL
2016-03-24T01:13:01.677000;2016-03-24T01:13:01.920000;583fec25-4899-41b0-aeed-c34190ce97b3;416.85;0.032;SELL
2016-03-24T01:13:01.677000;2016-03-24T01:13:01.920000;91bddbf9-85db-462e-81d7-5a4188b7d053;416.85;0.1003;SELL
2016-03-24T01:13:01.677000;2016-03-24T01:13:01.920000;dfa8cbd3-6b81-498f-902b-90019dfc8673;416.85;1.44;SELL
2016-03-24T01:13:01.677000;2016-03-24T01:13:01.920000;41a935ad-2e70-41f0-bb93-a8140f1d87ca;416.84;0.29;SELL
2016-03-24T01:13:01.677000;2016-03-24T01:13:01.920000;aaa4f67f-527b-4b09-95c7-9b5a6b8a33d7;416.84;0.01;SELL
2016-03-24T01:13:01.677000;2016-03-24T01:13:01.937000;5d17bc92-4ba2-4f7c-93e9-9b1449d608c0;416.84;1.44;SELL
2016-03-24T01:13:01.677000;2016-03-24T01:13:01.937000;77d2e2ee-d32b-4e4d-99bc-aa8d20ee139f;416.83;0.032;SELL
2016-03-24T01:13:01.680000;2016-03-24T01:13:01.937000;6459cfac-fc80-4c2a-9855-f9fca4037499;416.83;0.01;SELL
2016-03-24T01:13:01.680000;2016-03-24T01:13:01.937000;d6b4cdf2-b4b3-42f0-8f22-c815d1945280;416.83;3.9894;SELL
2016-03-24T01:13:01.680000;2016-03-24T01:13:01.950000;28cb043c-fe43-4e05-9f38-71349cd65194;416.82;1.68;SELL
2016-03-24T01:13:01.680000;2016-03-24T01:13:01.967000;14be2836-2e75-465e-8c6a-5009b4a65633;416.81;0.032;SELL
2016-03-24T01:13:01.680000;2016-03-24T01:13:01.967000;ff10af88-af71-4028-b2f7-1cdfc5af0154;416.8;1.68;SELL
2016-03-24T01:13:01.680000;2016-03-24T01:13:01.967000;079b3cb1-a966-47e5-856b-3e669b278298;416.79;0.032;SELL
2016-03-24T01:13:01.680000;2016-03-24T01:13:01.967000;8986deeb-04fb-4282-8784-f671cf37818f;416.79;0.287;SELL
2016-03-24T01:13:01.680000;2016-03-24T01:13:01.967000;57b22d6d-aae5-4be8-864e-29e8f66950a2;416.79;1.2;SELL
2016-03-24T01:13:01.680000;2016-03-24T01:13:01.967000;b9e45799-586b-4de3-b727-40a9b6c0fb28;416.78;0.25;SELL
2016-03-24T01:13:01.680000;2016-03-24T01:13:01.967000;eda22d1a-5f4f-4e98-92e2-3954f0e087f3;416.76;0.96;SELL
2016-03-24T01:13:01.680000;2016-03-24T01:13:01.967000;3098fa7a-73d4-4a3d-ac85-846e7409347d;416.75;0.032;SELL
2016-03-24T01:13:01.680000;2016-03-24T01:13:01.983000;811f086f-41b5-4ddc-8f16-ce3a2ec468e3;416.75;0.96;SELL
2016-03-24T01:13:01.680000;2016-03-24T01:13:01.983000;a8187440-9d33-4b95-824b-4333833d44b8;416.74;0.339;SELL
2016-03-24T01:13:01.680000;2016-03-24T01:13:01.997000;3592f5ae-edfc-4d51-bcf2-a496a624f4c1;416.74;0.72;SELL
2016-03-24T01:13:01.680000;2016-03-24T01:13:01.997000;d9ac80d4-72f5-47b8-a36b-8252dec42900;416.73;0.032;SELL
2016-03-24T01:13:01.680000;2016-03-24T01:13:01.997000;3d306bc1-2b9c-4b49-8593-dfa628d879d7;416.73;0.25;SELL
2016-03-24T01:13:01.680000;2016-03-24T01:13:01.997000;4cca3fba-5e21-4b74-b0a8-ef77ceaf4d31;416.72;0.01;SELL
2016-03-24T01:13:01.680000;2016-03-24T01:13:01.997000;3f74ff81-9e8c-4e9e-96e2-f6c4c1423382;416.71;0.032;SELL
2016-03-24T01:13:01.680000;2016-03-24T01:13:01.997000;d9b7bd02-a237-4ab4-b954-a8ebe5c523e7;416.71;0.03592743;SELL
2016-03-24T01:13:01.683000;2016-03-24T01:13:02.030000;e5fa59b0-3759-4898-a64a-5d557d900d6e;416.69;0.032;SELL
2016-03-24T01:13:01.683000;2016-03-24T01:13:02.030000;bb43e2cb-ad51-4117-9e15-925455206005;416.69;0.2718;SELL
2016-03-24T01:13:01.683000;2016-03-24T01:13:02.030000;7b030957-24f1-4376-80af-8883ede2efbf;416.67;0.032;SELL
2016-03-24T01:13:01.683000;2016-03-24T01:13:02.030000;3246150c-262e-4ae2-bda5-b74cad413499;416.65;0.032;SELL
2016-03-24T01:13:01.683000;2016-03-24T01:13:02.030000;c810514a-c6c4-4fb0-a303-a9f427b7225e;416.65;3.509;SELL
2016-03-24T01:13:01.683000;2016-03-24T01:13:02.030000;450d2aa4-5dd6-4e49-bff0-06ffaf2139b6;416.64;0.23758459;SELL
2016-03-24T01:13:01.683000;2016-03-24T01:13:02.030000;42c02174-010e-4008-9891-df9710c59244;416.63;0.05895149;SELL
2016-03-24T01:13:01.683000;2016-03-24T01:13:02.043000;46b0f195-1cf2-41f3-a38e-1336cbac4f8c;416.63;0.01462719;SELL
2016-03-24T01:13:01.683000;2016-03-24T01:13:02.043000;ba6172cc-45f1-4af1-a914-e242819903c5;416.63;0.032;SELL
2016-03-24T01:13:01.683000;2016-03-24T01:13:02.043000;1572dd6a-abfd-417d-8e7a-072f8d41c41d;416.63;0.329;SELL
2016-03-24T01:13:01.683000;2016-03-24T01:13:02.043000;c1deb2ad-e708-441a-ba8a-bd7c028d43ae;416.61;0.032;SELL
2016-03-24T01:13:01.683000;2016-03-24T01:13:02.060000;85ba6942-66c1-4532-bcb0-edff0c5ca7fc;416.6;0.010003;SELL
2016-03-24T01:13:01.683000;2016-03-24T01:13:02.060000;14e50c77-d8b7-489c-a659-3e0b424aee75;416.6;0.1;SELL
2016-03-24T01:13:01.683000;2016-03-24T01:13:02.060000;dbfc01ee-7df6-428e-9a17-8df2021f465f;416.59;0.01;SELL
2016-03-24T01:13:01.683000;2016-03-24T01:13:02.060000;8559dab4-f278-477d-a2ae-e7c8496a67ec;416.59;0.032;SELL
2016-03-24T01:13:01.683000;2016-03-24T01:13:02.093000;ed83d7d4-af01-46c3-875b-f44f8e5e49eb;416.58;0.309;SELL
2016-03-24T01:13:01.683000;2016-03-24T01:13:02.093000;e6baf308-e3f0-4994-b98a-f3aa6e166da4;416.57;0.032;SELL
2016-03-24T01:13:01.683000;2016-03-24T01:13:02.093000;690ced39-4754-4664-9772-78f2ba9c5249;416.56;0.01;SELL
2016-03-24T01:13:01.683000;2016-03-24T01:13:02.093000;662fe763-6d25-4da3-a0ff-639daf047fea;416.55;0.032;SELL
2016-03-24T01:13:01.683000;2016-03-24T01:13:02.093000;343c4459-6b64-4f03-8785-de39354b51c6;416.55;0.025;SELL
2016-03-24T01:13:01.683000;2016-03-24T01:13:02.093000;0ff14871-e221-43d1-9ede-a0f5c27050d9;416.53;0.032;SELL
2016-03-24T01:13:01.687000;2016-03-24T01:13:02.107000;0338bbaa-6e30-4d92-85b4-0be4fc7d7143;416.53;0.04953746;SELL
2016-03-24T01:13:01.687000;2016-03-24T01:13:02.107000;78389a01-e209-4577-a66b-03e774d70e73;416.53;0.283;SELL
2016-03-24T01:13:01.687000;2016-03-24T01:13:02.107000;ef91d343-928d-46ec-8418-528fabebb642;416.52;0.02874801;SELL
2016-03-24T01:13:01.687000;2016-03-24T01:13:02.123000;02955b8f-aa5e-436f-a691-8da9d22fe32b;416.51;0.032;SELL
2016-03-24T01:13:01.687000;2016-03-24T01:13:02.123000;c77132ec-051a-4399-8b1c-41e3755504fe;416.51;0.26;SELL
2016-03-24T01:13:01.687000;2016-03-24T01:13:02.123000;6d15967f-4dec-4a20-861c-b44bfa8c73d6;416.51;3.634;SELL
2016-03-24T01:13:01.687000;2016-03-24T01:13:02.123000;0f32a282-c8d1-4229-990f-e18f16d41755;416.5;0.1;SELL
2016-03-24T01:13:01.687000;2016-03-24T01:13:02.123000;33f04322-b9f0-4613-8135-c9854decf288;416.5;0.1;SELL
2016-03-24T01:13:01.687000;2016-03-24T01:13:02.140000;9865c047-2029-4bd6-898c-91e29e07fc61;416.5;0.08968301;SELL
2016-03-24T01:13:01.687000;2016-03-24T01:13:02.140000;ad878fbe-cefc-441d-b5d1-3ba01bd38af5;416.5;0.02;SELL
2016-03-24T01:13:01.687000;2016-03-24T01:13:02.140000;d41bf55f-c7f2-40d4-b330-3bc675d55535;416.49;0.032;SELL
2016-03-24T01:13:01.687000;2016-03-24T01:13:02.140000;a9f6be22-1658-4f71-bf50-3b220de9e3f1;416.48;0.327;SELL
2016-03-24T01:13:01.687000;2016-03-24T01:13:02.140000;87b20737-9f66-42cd-9c9b-38e102c41b18;416.47;0.032;SELL
2016-03-24T01:13:01.687000;2016-03-24T01:13:02.140000;f438db64-f5af-46e9-8bd9-4fbbd4945755;416.46;0.02638332;SELL
2016-03-24T01:13:01.687000;2016-03-24T01:13:02.170000;fcd194eb-aa46-4027-be93-31a3c426081f;416.45;0.032;SELL
2016-03-24T01:13:01.687000;2016-03-24T01:13:02.170000;06a2c871-cce2-48c8-ba55-b17a7aabb662;416.44;5.0;SELL
2016-03-24T01:13:01.687000;2016-03-24T01:13:02.170000;aa2fae92-afd9-4697-98f6-29fbb42bfbc6;416.43;0.032;SELL
2016-03-24T01:13:01.687000;2016-03-24T01:13:02.170000;af7e7d9a-004d-48d1-af65-1debc40ba8cf;416.43;0.325;SELL
2016-03-24T01:13:01.687000;2016-03-24T01:13:02.170000;231265ec-c038-4e60-8224-ebcee2d733f0;416.41;0.032;SELL
2016-03-24T01:13:01.687000;2016-03-24T01:13:02.187000;2c2df156-9238-44ff-88fa-922ce2d9607e;416.4;0.010003;SELL
2016-03-24T01:13:01.690000;2016-03-24T01:13:02.187000;ea093056-5819-48ca-933c-1d624373bb7c;416.39;0.032;SELL
2016-03-24T01:13:01.690000;2016-03-24T01:13:02.187000;eab00ee4-7fc0-4ef2-b690-3655797fa553;416.38;0.3729707;SELL
2016-03-24T01:13:01.690000;2016-03-24T01:13:02.187000;c4d02bc2-681f-4be2-8697-48259a123f88;416.38;0.336;SELL
2016-03-24T01:13:01.690000;2016-03-24T01:13:02.200000;5a0fa202-e56e-45a4-850d-7976f1087985;416.37;0.032;SELL
2016-03-24T01:13:01.690000;2016-03-24T01:13:02.200000;64d003d9-9f27-448f-bc15-4402b945d40d;416.36;3.581;SELL
2016-03-24T01:13:01.690000;2016-03-24T01:13:02.200000;dbf3612d-50c4-44af-80d0-926e5c2cfbbc;416.36;0.03;SELL
2016-03-24T01:13:01.690000;2016-03-24T01:13:02.200000;1e7772ee-ded0-499d-87a2-3fc53d521dda;416.35;0.032;SELL
2016-03-24T01:13:01.690000;2016-03-24T01:13:02.200000;3e8c4a41-dfcc-41da-8987-d71d61879764;416.33;0.032;SELL
2016-03-24T01:13:01.690000;2016-03-24T01:13:02.200000;9d81d342-6a40-4d1c-9799-46039799936e;416.33;0.317;SELL
2016-03-24T01:13:01.690000;2016-03-24T01:13:02.217000;86a8ce1d-056d-4f58-8f88-f9c0aa19d8ed;416.31;0.032;SELL
2016-03-24T01:13:01.690000;2016-03-24T01:13:02.217000;7ded8f52-5204-47d9-b884-8e33831084cb;416.3;0.2;SELL
2016-03-24T01:13:01.690000;2016-03-24T01:13:02.217000;d6f74a88-a5bf-4f22-9ad6-b2d5eeb0eecc;416.3;3.9220808;SELL
2016-03-24T01:13:31.467000;2016-03-24T01:13:31.513000;99bfeb78-73ec-4325-9c0c-de268cf7f91b;417.05;0.01;SELL
2016-03-24T01:13:31.470000;2016-03-24T01:13:31.530000;4b4cac49-b2b4-4c71-b9e3-3c5d5a1247fb;417.04;0.02;SELL
2016-03-24T01:13:31.470000;2016-03-24T01:13:31.543000;e6efc3c8-d9eb-45e4-a7e7-27839c9ed2f7;416.93;0.128;SELL
2016-03-24T01:13:31.470000;2016-03-24T01:13:31.543000;81d9eb45-47ef-47de-abc4-1a1cacfda355;416.88;0.107;SELL
2016-03-24T01:13:31.470000;2016-03-24T01:13:31.560000;d4b6d6bf-34eb-4481-9b2d-f246c5b1baf2;416.87;0.01;SELL
2016-03-24T01:13:31.470000;2016-03-24T01:13:31.560000;7c864c3d-5649-4986-9a5a-9a02974758ad;416.83;0.087;SELL
2016-03-24T01:13:31.470000;2016-03-24T01:13:31.560000;2b467347-e828-4f82-9208-5028fc88535d;416.78;0.114;SELL
2016-03-24T01:13:31.470000;2016-03-24T01:13:31.577000;8b64176c-2652-4cf6-b307-86a63a7002b7;416.78;7.16373;SELL
2016-03-24T01:13:31.470000;2016-03-24T01:13:31.577000;ec6df7ed-0749-473a-9c93-eb24e056df94;416.75;0.01;SELL
2016-03-24T01:13:31.470000;2016-03-24T01:13:31.577000;a4ad1554-b5f4-46a1-858d-d92dd619614f;416.73;0.08;SELL
2016-03-24T01:13:31.470000;2016-03-24T01:13:31.593000;d602cc4d-bb12-4317-a12e-ca439f24bcda;416.68;0.086;SELL
2016-03-24T01:13:31.470000;2016-03-24T01:13:31.593000;886ad979-d32d-4ab3-aa09-458d44171dc1;416.63;4.56;SELL
2016-03-24T01:13:31.470000;2016-03-24T01:13:31.593000;09fecd1b-70af-49b0-bc08-f3744a2da9d0;416.63;0.117;SELL
2016-03-24T01:13:31.470000;2016-03-24T01:13:31.593000;cab00805-53f3-4ffb-a29b-12351ba78681;416.62;0.05;SELL
2016-03-24T01:13:31.470000;2016-03-24T01:13:31.607000;abea2fcb-2b55-4019-ba8f-a9648878ab07;416.53;7.92;SELL
2016-03-24T01:13:31.470000;2016-03-24T01:13:31.607000;2a8bd2ea-8d3b-4f6e-8886-c3594472869d;416.52;0.15;SELL
2016-03-24T01:13:31.470000;2016-03-24T01:13:31.607000;160d4633-f23b-4e22-b087-82255094f395;416.51;2.64;SELL
2016-03-24T01:13:31.470000;2016-03-24T01:13:31.607000;5f7fac8b-299d-4bb4-b31a-24a06a37b9d9;416.5;0.01;SELL
2016-03-24T01:13:31.470000;2016-03-24T01:13:31.607000;8e4eb769-2110-4606-855c-0d1807fddc72;416.4;6.24;SELL
2016-03-24T01:13:31.470000;2016-03-24T01:13:31.607000;42f57d0f-f8b3-4cae-842e-6a89e5526baf;416.39;0.7;SELL
2016-03-24T01:13:31.470000;2016-03-24T01:13:31.607000;9aa3edb7-c55c-479e-99a0-fd58dc0459f2;416.39;1.8734;SELL
2016-03-24T01:13:31.473000;2016-03-24T01:13:31.607000;3e02914e-28b2-436b-8c13-531118d24fd5;416.38;1.2;SELL
2016-03-24T01:13:31.473000;2016-03-24T01:13:31.623000;6456a26f-4cf3-4c39-833b-158e329d34ce;416.37;0.05;SELL
2016-03-24T01:13:31.473000;2016-03-24T01:13:31.623000;9d7bd48e-fd99-4a33-b953-98d9553321f3;416.36;3.356;SELL
2016-03-24T01:13:31.473000;2016-03-24T01:13:31.623000;f4bc45bf-7971-4dbb-8879-6c8fb5afffa0;416.3;3.9679192;SELL
2016-03-24T01:13:31.473000;2016-03-24T01:13:31.623000;2bcfc5c7-1ebf-45ea-b52c-0d5e40e07556;416.29;0.032;SELL
2016-03-24T01:13:31.473000;2016-03-24T01:13:31.653000;6ca5ab87-cec0-469a-9179-082fa248a8f0;416.28;0.01490112;SELL
2016-03-24T01:13:31.473000;2016-03-24T01:13:31.653000;e2eaf4c7-eead-424a-97ca-d5808b911975;416.28;0.281;SELL
2016-03-24T01:13:31.473000;2016-03-24T01:13:31.653000;a65b07cd-31e8-4619-88ef-04fb4b2cf9b2;416.27;0.032;SELL
2016-03-24T01:13:31.473000;2016-03-24T01:13:31.653000;a0e757a7-fa8b-46ad-82cb-f4e1f2f62b8a;416.26;0.01;SELL
2016-03-24T01:13:31.473000;2016-03-24T01:13:31.653000;3796820a-177d-444b-9c8d-d591b75ecfd7;416.25;0.38875781;SELL
2016-03-24T01:13:31.473000;2016-03-24T01:13:31.653000;68172627-36f6-4dd5-9662-c7c16c487b76;416.25;0.032;SELL
2016-03-24T01:13:31.473000;2016-03-24T01:13:31.670000;ab07628d-fed4-45ef-8415-645764878213;416.23;0.032;SELL
2016-03-24T01:13:31.473000;2016-03-24T01:13:31.670000;93b78d64-394f-4737-9c86-df3d9621f4f9;416.23;0.312;SELL
2016-03-24T01:13:31.473000;2016-03-24T01:13:31.670000;a507272c-1068-45df-b43f-2349a359ed06;416.23;3.315;SELL
2016-03-24T01:13:31.473000;2016-03-24T01:13:31.670000;a390ec13-ca3c-4a0b-a012-034f7fb4d6a6;416.22;0.19599527;SELL
2016-03-24T01:13:31.473000;2016-03-24T01:13:31.670000;a1f02ee3-e4d0-43a3-8b5a-34538a12e975;416.21;0.01502145;SELL
2016-03-24T01:13:31.473000;2016-03-24T01:13:31.687000;a9f97c4a-200a-4968-8229-5b09b425cfe3;416.21;0.032;SELL
2016-03-24T01:13:31.473000;2016-03-24T01:13:31.687000;fb1d674e-1d3f-4233-a97a-c14d13361e58;416.2;0.010003;SELL
2016-03-24T01:13:31.473000;2016-03-24T01:13:31.687000;e4a8a1a5-8f09-49da-8a29-c77c746e43fa;416.19;0.032;SELL
2016-03-24T01:13:31.473000;2016-03-24T01:13:31.687000;692a9006-ad6e-4d31-9e8f-22a67658db65;416.18;0.2;SELL
2016-03-24T01:13:31.473000;2016-03-24T01:13:31.700000;1110b63d-6a0c-4321-920d-c00d491ed398;416.18;0.309;SELL
2016-03-24T01:13:31.473000;2016-03-24T01:13:31.700000;1c38f4eb-125a-4492-9085-0493f4d97062;416.17;0.032;SELL
2016-03-24T01:13:31.477000;2016-03-24T01:13:31.700000;fcc6f6c4-89ec-4ab3-8099-b5870e870c94;416.16;0.02607791;SELL
2016-03-24T01:13:31.477000;2016-03-24T01:13:31.700000;6a71fad5-cd7a-48b8-8abf-ea603e17e259;416.16;0.04863831;SELL
2016-03-24T01:13:31.477000;2016-03-24T01:13:31.733000;c6c1db2b-01d8-431b-8343-c29c8e3bcb7a;416.15;0.032;SELL
2016-03-24T01:13:31.477000;2016-03-24T01:13:31.733000;d437002d-346d-488e-8a6a-8c66e7dbe5fb;416.15;3.96755593;SELL
2016-03-24T01:13:45.660000;2016-03-24T01:13:45.717000;982957f1-36ac-4e35-b2d0-3332edc3ce97;416.45;0.25;BUY
2016-03-24T01:13:45.660000;2016-03-24T01:13:45.717000;8230b494-eacc-4374-875a-bbb467098b2f;416.45;0.239;BUY
2016-03-24T01:13:45.660000;2016-03-24T01:13:45.733000;5e36c8e5-99b2-46a2-b57f-e724685604c0;416.45;0.239;BUY
2016-03-24T01:13:45.660000;2016-03-24T01:13:45.733000;3cf3d5c4-416b-4f57-b55c-e25dc394edc8;416.46;0.032;BUY
2016-03-24T01:13:45.660000;2016-03-24T01:13:45.733000;c51434eb-35d2-4318-8475-3445db692982;416.48;0.032;BUY
2016-03-24T01:13:45.660000;2016-03-24T01:13:45.733000;af9914f2-df9d-4450-8d2d-8e4764b031f4;416.49;0.01;BUY
2016-03-24T01:13:45.660000;2016-03-24T01:13:45.733000;4ef5540b-d729-4546-84a5-c0d9ba815ac1;416.49;0.24;BUY
2016-03-24T01:13:45.660000;2016-03-24T01:13:45.733000;31fde670-0b53-40cc-a6bb-bbe2d86cc17e;416.49;0.05;BUY
2016-03-24T01:13:45.660000;2016-03-24T01:13:45.733000;513de396-8edc-49a1-b717-3929bdd6c37e;416.5;0.032;BUY
2016-03-24T01:13:45.660000;2016-03-24T01:13:45.747000;fd3fd422-6d0c-4af0-90e5-6cb4736cf792;416.5;0.05;BUY
2016-03-24T01:13:45.660000;2016-03-24T01:13:45.747000;f28bb4cf-fd47-49d6-89e3-967f373e9517;416.51;1.92;BUY
2016-03-24T01:13:45.660000;2016-03-24T01:13:45.747000;f9a4849c-7cd9-4f5a-914d-b42fe7b55c96;416.52;0.032;BUY
2016-03-24T01:13:45.660000;2016-03-24T01:13:45.763000;184cfd0d-c7ef-4880-9518-5e1007a6fe28;416.53;1.68;BUY
2016-03-24T01:13:45.660000;2016-03-24T01:13:45.763000;ef00bbe9-42c0-4d50-8859-274f1f35b064;416.54;0.032;BUY
2016-03-24T01:13:45.660000;2016-03-24T01:13:45.763000;85c59fd3-6846-4390-990d-0c4b947a80ca;416.56;0.032;BUY
2016-03-24T01:13:45.663000;2016-03-24T01:13:45.763000;d9bc7e6c-9ec9-4232-81b7-1d70b6dce3f3;416.57;0.72;BUY
2016-03-24T01:13:45.663000;2016-03-24T01:13:45.763000;60b594e5-feb5-468d-af79-a897150fc372;416.58;0.032;BUY
2016-03-24T01:13:45.663000;2016-03-24T01:13:45.780000;cc97298f-b8c5-4528-a63d-8cae4b2abefd;416.58;2.0;BUY
2016-03-24T01:13:45.663000;2016-03-24T01:13:45.780000;03643548-f9c1-44a5-8412-147418993773;416.59;0.3674;BUY
2016-03-24T01:13:47.280000;2016-03-24T01:13:47.343000;a2437161-8f35-4343-b15c-572966a13836;416.5;0.032;BUY
2016-03-24T01:13:47.280000;2016-03-24T01:13:47.343000;3aaa0e97-7555-4cc0-b0b1-f5910effe427;416.58;0.15;BUY
2016-03-24T01:13:47.280000;2016-03-24T01:13:47.343000;0a07b3ea-4754-4894-af0d-032973343aba;416.58;0.05;BUY
2016-03-24T01:13:47.280000;2016-03-24T01:13:47.343000;edde256a-71e8-4273-b89d-06b8b98f3781;416.59;7.44;BUY
2016-03-24T01:13:47.283000;2016-03-24T01:13:47.343000;be441721-e003-44f8-86c1-9e40c26d8da8;416.6;0.032;BUY
2016-03-24T01:13:47.283000;2016-03-24T01:13:47.357000;184ac806-f2e3-4288-ac70-d24cd9471c48;416.6;0.032;BUY
2016-03-24T01:13:47.283000;2016-03-24T01:13:47.357000;1271ed46-5cd9-4b85-af98-02a3f2d96876;416.6;0.032;BUY
2016-03-24T01:13:47.283000;2016-03-24T01:13:47.357000;1b80d3cd-882e-49a5-82bd-3727010104fc;416.6;0.032;BUY
2016-03-24T01:13:47.283000;2016-03-24T01:13:47.357000;f483e1ed-03bb-481a-b967-c915b34f8b0a;416.6;0.032;BUY
2016-03-24T01:13:47.283000;2016-03-24T01:13:47.357000;f0258452-943f-492e-b1e7-ab6e612973be;416.6;0.032;BUY
2016-03-24T01:13:47.283000;2016-03-24T01:13:47.357000;b6262b2e-8dae-4162-ad80-e4e7279bf70d;416.6;0.032;BUY
2016-03-24T01:13:47.283000;2016-03-24T01:13:47.373000;1817488a-9b4d-4ac9-b9e1-1c296875e4c3;416.61;0.0934;BUY
2016-03-24T01:13:49.923000;2016-03-24T01:13:49.967000;c2eaecfc-27a6-4053-9664-4672b4c6dc83;416.5;0.01;SELL
2016-03-24T01:13:49.923000;2016-03-24T01:13:49.967000;e009d5a6-c465-460d-b1b2-38600ffb8629;416.49;0.01;SELL
2016-03-24T01:13:49.923000;2016-03-24T01:13:49.967000;e8e2a04e-5568-4ebd-9739-db6599552b5b;416.48;0.01;SELL
2016-03-24T01:13:49.923000;2016-03-24T01:13:49.983000;7a0be2be-7c52-4634-baf0-345e59804038;416.47;0.01;SELL
2016-03-24T01:13:49.923000;2016-03-24T01:13:49.983000;78238099-e699-4a09-b3e7-81d13a9fe1a2;416.46;0.01;SELL
2016-03-24T01:13:49.923000;2016-03-24T01:13:49.983000;d1825024-9fcc-4481-92ce-e3af851df264;416.46;0.01;SELL
2016-03-24T01:13:49.923000;2016-03-24T01:13:50.013000;7d94b5ef-fdc9-4036-8052-5e0b2d31f3d6;416.46;0.072;SELL
2016-03-24T01:13:49.923000;2016-03-24T01:13:50.013000;668b6241-f15d-4c4b-bd92-8aa594b41b0d;416.46;0.026;SELL
2016-03-24T01:13:54.673000;2016-03-24T01:13:54.717000;dac123c8-bbcb-408b-9348-a081ad2bda50;416.47;0.032;BUY
2016-03-24T01:13:54.673000;2016-03-24T01:13:54.717000;f8df1d88-1919-48d9-976c-3ac1e4105410;416.52;0.15;BUY
2016-03-24T01:13:54.673000;2016-03-24T01:13:54.717000;5a291a79-6d7c-4dc9-8a05-d61b99097093;416.53;0.34944;BUY
2016-03-24T01:13:54.877000;2016-03-24T01:13:54.950000;54e9e0ab-f832-41b0-988b-e96e37ba6c3a;416.52;0.15;BUY
2016-03-24T01:13:54.877000;2016-03-24T01:13:54.950000;cb26fce6-7d47-4b02-964d-df079a5e824d;416.53;0.114;BUY
2016-03-24T01:13:54.890000;2016-03-24T01:13:54.950000;43d64ac5-0bdd-46d1-9d75-ff346265075b;416.53;0.10456;BUY
2016-03-24T01:14:01.967000;2016-03-24T01:14:01.997000;f14be6d7-11de-439a-8663-5524871f70f2;416.53;0.01;BUY
2016-03-24T01:14:03.153000;2016-03-24T01:14:03.217000;08e5b0cd-ee24-44c5-a372-045f04c9659c;416.47;0.01;SELL
2016-03-24T01:14:03.153000;2016-03-24T01:14:03.217000;2bac6b75-31bc-428c-aecb-d56abc4260a8;416.46;0.01;SELL
2016-03-24T01:14:03.153000;2016-03-24T01:14:03.217000;8604ec0e-fd97-4d3b-a6cd-70a72a16bdc1;416.45;0.032;SELL
2016-03-24T01:14:03.153000;2016-03-24T01:14:03.217000;ca66b272-97f0-4531-ba18-78922d8df23a;416.44;0.02;SELL
2016-03-24T01:14:03.153000;2016-03-24T01:14:03.233000;1af2a80e-b75a-4b4b-adec-b9c0561b082e;416.43;0.032;SELL
2016-03-24T01:14:03.153000;2016-03-24T01:14:03.233000;513d5efb-4fe7-4d5a-8dc0-6f856d208caa;416.41;0.032;SELL
2016-03-24T01:14:03.153000;2016-03-24T01:14:03.233000;1866024c-d0d8-435c-8c2d-a3f68a28117c;416.41;0.05;SELL
2016-03-24T01:14:03.153000;2016-03-24T01:14:03.233000;a33b26bf-4fe2-406d-b306-d8135c4ee08e;416.4;0.099;SELL
2016-03-24T01:14:03.153000;2016-03-24T01:14:03.247000;cc59d3b2-1434-407f-a8b6-fdc0f16abc54;416.39;0.032;SELL
2016-03-24T01:14:03.153000;2016-03-24T01:14:03.247000;7f7a5ab4-74d8-4404-9706-d14b9cd3409c;416.39;0.15;SELL
2016-03-24T01:14:03.153000;2016-03-24T01:14:03.247000;eca66acd-a2c4-42a3-ba99-23b43a2d8fca;416.38;1.9926;SELL
2016-03-24T01:14:03.153000;2016-03-24T01:14:03.247000;1da3c3d2-cc55-428d-9993-7ff298c327d3;416.37;4.141;SELL
2016-03-24T01:14:03.153000;2016-03-24T01:14:03.247000;59ebbf56-0851-4906-80cd-5a2031b1ba1a;416.37;0.032;SELL
2016-03-24T01:14:03.153000;2016-03-24T01:14:03.247000;78984aae-3f24-43ab-b056-eb1072c01d1a;416.35;0.032;SELL
2016-03-24T01:14:03.153000;2016-03-24T01:14:03.263000;a93c630b-6698-4d17-b1bb-4064467264cd;416.35;0.087;SELL
2016-03-24T01:14:03.153000;2016-03-24T01:14:03.263000;20922009-bf06-488a-84cd-6e3c3118450d;416.34;0.01;SELL
2016-03-24T01:14:03.153000;2016-03-24T01:14:03.263000;7a169df1-7c7a-472b-8bdd-b28bc9897bc3;416.33;0.032;SELL
2016-03-24T01:14:03.153000;2016-03-24T01:14:03.263000;e9af9a63-696b-4861-9f47-401c912b222c;416.31;0.032;SELL
2016-03-24T01:14:03.153000;2016-03-24T01:14:03.263000;b853aec7-9532-49d0-bebe-58cde093ad39;416.29;0.2;SELL
2016-03-24T01:14:03.157000;2016-03-24T01:14:03.280000;ff132bdd-630c-4fe3-95b7-9f35134455d2;416.29;0.032;SELL
2016-03-24T01:14:03.157000;2016-03-24T01:14:03.280000;2c200abc-4da8-4f32-b70e-47d8f42212fc;416.27;0.032;SELL
2016-03-24T01:14:03.157000;2016-03-24T01:14:03.280000;33687daa-c177-44e8-90ee-37ca6610e8a2;416.25;0.032;SELL
2016-03-24T01:14:03.157000;2016-03-24T01:14:03.293000;533db255-e155-45eb-8243-b97ed9c14792;416.25;0.05;SELL
2016-03-24T01:14:03.157000;2016-03-24T01:14:03.293000;c0d6460f-3e6c-4775-a9e0-0945090b7b79;416.24;0.196;SELL
2016-03-24T01:14:03.157000;2016-03-24T01:14:03.293000;0ed89369-8b17-4444-9b86-728a964159a8;416.23;0.032;SELL
2016-03-24T01:14:03.157000;2016-03-24T01:14:03.293000;7a980edc-57a0-4f57-90b0-a836be5b89df;416.22;3.599;SELL
2016-03-24T01:14:03.157000;2016-03-24T01:14:03.310000;76c857d4-c38d-4bfc-9a0f-b5caa2bcf2d2;416.21;0.032;SELL
2016-03-24T01:14:03.157000;2016-03-24T01:14:03.310000;1e41119a-aa84-4a23-aa1a-3dd74e451184;416.2;3.403;SELL
2016-03-24T01:14:03.157000;2016-03-24T01:14:03.327000;12cd55af-2c1f-433c-9d6f-c3ff9ad1e548;416.19;0.205;SELL
2016-03-24T01:14:03.157000;2016-03-24T01:14:03.327000;7cbdf7f5-c080-478e-8717-3374fadf35dd;416.19;0.032;SELL
2016-03-24T01:14:03.157000;2016-03-24T01:14:03.327000;9d6e30c7-8d88-4ad3-b0e9-23dc20501cf0;416.17;0.032;SELL
2016-03-24T01:14:03.157000;2016-03-24T01:14:03.327000;376f58bd-3f96-48cb-b361-e25697ee35b4;416.15;0.032;SELL
2016-03-24T01:14:03.157000;2016-03-24T01:14:03.327000;f83af709-f672-4172-8bfc-409e28a953e0;416.14;0.01206898;SELL
2016-03-24T01:14:03.157000;2016-03-24T01:14:03.327000;930f205d-8eb1-4887-8060-ba8b4f1c5742;416.14;5.0;SELL
2016-03-24T01:14:03.157000;2016-03-24T01:14:03.343000;c3ea7fa8-64bd-43bb-af2e-b728828ee11d;416.14;0.67;SELL
2016-03-24T01:14:03.157000;2016-03-24T01:14:03.343000;6327f05e-4983-4b07-a883-270f308f5a14;416.13;0.032;SELL
2016-03-24T01:14:03.157000;2016-03-24T01:14:03.343000;307764db-8f03-43d6-b083-8cf4e78c8878;416.13;0.12236102;SELL
2016-03-24T01:15:01.307000;2016-03-24T01:15:01.343000;67e87f09-eb57-4a34-bbef-07a742bc8219;416.46;0.032;BUY
2016-03-24T01:15:01.307000;2016-03-24T01:15:01.357000;740b1a7f-6763-45df-9400-fd417b91addb;416.46;0.25;BUY
2016-03-24T01:15:01.307000;2016-03-24T01:15:01.357000;45df373d-d8e7-40dc-9497-91ad6047f7af;416.48;0.032;BUY
2016-03-24T01:15:01.307000;2016-03-24T01:15:01.357000;ee4990d8-26a1-4387-a8bc-6a135f518260;416.5;0.032;BUY
2016-03-24T01:15:01.307000;2016-03-24T01:15:01.357000;14d3bb34-a0df-4334-8d4c-f8873232d592;416.52;0.032;BUY
2016-03-24T01:15:01.307000;2016-03-24T01:15:01.390000;2105f409-8df1-46b3-8da9-3712f6d1ef3b;416.52;0.12529;BUY
2016-03-24T01:15:02.067000;2016-03-24T01:15:02.107000;42f13569-aec6-4887-9614-ec682a610ccb;416.53;0.01088667;BUY
2016-03-24T01:15:31.423000;2016-03-24T01:15:31.450000;8f979069-21bf-4d22-bfbb-f30034d81606;416.46;0.01;SELL
2016-03-24T01:15:31.423000;2016-03-24T01:15:31.467000;6e60b0e1-947b-4781-97ba-caafc2fd7784;416.46;0.00202;SELL
2016-03-24T01:16:01.660000;2016-03-24T01:16:01.687000;98ad3c69-e748-44ee-8e38-2ed685a97984;416.47;0.032;BUY
2016-03-24T01:16:01.660000;2016-03-24T01:16:01.717000;d2461c8f-564f-4dd5-b066-fb1aa17b56fb;416.52;0.25;BUY
2016-03-24T01:16:01.660000;2016-03-24T01:16:01.717000;ca20106e-f33f-47b9-bf9d-58e6ae8bab6f;416.53;0.032;BUY
2016-03-24T01:16:01.660000;2016-03-24T01:16:01.717000;59317736-ddcb-4ac4-b302-3f33a316aa0f;416.53;0.032;BUY
