time_exchange;time_coinpai;guid;price;base_amount;taker_side
2016-03-24T00:00:06.000000;2016-03-24T00:00:06.000000;d2022183-971b-442c-9fa6-6fc3d91ceff4;418.12;0.03;UNKNOWN
2016-03-24T00:00:14.000000;2016-03-24T00:00:14.000000;aaba8b2e-a1ad-4b67-a1e5-120f2ffc55d9;418.13;0.1230127;UNKNOWN
2016-03-24T00:00:16.000000;2016-03-24T00:00:16.000000;fbd0153d-76d1-42a7-b779-30aa5cc78067;418.13;0.64;UNKNOWN
2016-03-24T00:00:17.000000;2016-03-24T00:00:17.000000;f535c810-ea28-4a83-a48b-80b71c9d5d8d;418.13;0.95;UNKNOWN
2016-03-24T00:00:23.000000;2016-03-24T00:00:23.000000;6cfb937e-b1af-4c95-b647-c70b89b73802;418.13;0.11507162;UNKNOWN
2016-03-24T00:00:28.000000;2016-03-24T00:00:28.000000;8c76a4fb-cf65-4497-bbe2-6745d40bc9e7;418.12;1.35;UNKNOWN
2016-03-24T00:01:32.000000;2016-03-24T00:01:32.000000;1d4f1f77-7572-4f4c-a45b-06a2e4c5b496;418.12;0.11982252;UNKNOWN
2016-03-24T00:03:15.000000;2016-03-24T00:03:15.000000;3a60f6ca-4bda-46f3-9e13-13848b832b87;418.12;1.2;UNKNOWN
2016-03-24T00:03:15.000000;2016-03-24T00:03:15.000000;61d3c35d-b4f1-4d19-9862-1ebe2b879ea8;418.12;3.22435227;UNKNOWN
2016-03-24T00:06:46.000000;2016-03-24T00:06:46.000000;20e083f6-e60c-407d-90fb-e3d810cca7bd;417.92;3.0;UNKNOWN
2016-03-24T00:08:25.000000;2016-03-24T00:08:25.000000;3d3dc0c1-39ba-4704-94a7-f1b95b03dbb4;417.8;0.29804816;UNKNOWN
2016-03-24T00:08:27.000000;2016-03-24T00:08:27.000000;30c129d2-37d6-46d0-bafa-13efbc4a8e32;417.8;0.29804816;UNKNOWN
2016-03-24T00:08:37.000000;2016-03-24T00:08:37.000000;db27d0d1-0579-432e-a421-dfdf7f1a2098;417.36;6.0;UNKNOWN
2016-03-24T00:08:37.000000;2016-03-24T00:08:37.000000;a2fe6c22-3d03-41a5-baa7-5378c8f803da;417.8;4.40390368;UNKNOWN
2016-03-24T00:08:37.000000;2016-03-24T00:08:37.000000;26c963c5-eb17-4b21-a6bd-20fd3febae07;417.75;5.0;UNKNOWN
2016-03-24T00:08:37.000000;2016-03-24T00:08:37.000000;c41c30dd-433f-412f-bc34-8f6aaec20ef7;417.5;0.01;UNKNOWN
2016-03-24T00:08:37.000000;2016-03-24T00:08:37.000000;526d7762-f7af-4bc4-92c7-7c5c26594630;417.35;13.1205;UNKNOWN
2016-03-24T00:08:37.000000;2016-03-24T00:08:37.000000;e2bc4be0-5560-4de5-87a9-795845fe0a85;417.23;1.71945433;UNKNOWN
2016-03-24T00:08:39.000000;2016-03-24T00:08:39.000000;37e79147-058e-45eb-a312-c451127d0f64;417.24;1.0;UNKNOWN
2016-03-24T00:09:27.000000;2016-03-24T00:09:27.000000;0915faf3-7d82-4608-860e-07f8f3eab7cb;417.42;0.4436;UNKNOWN
2016-03-24T00:09:27.000000;2016-03-24T00:09:27.000000;33de648e-cfc1-4ab7-ac1d-ad28a8d2c978;417.42;13.03;UNKNOWN
2016-03-24T00:10:04.000000;2016-03-24T00:10:04.000000;69ef701b-f578-4b5b-82c7-e4ad5e3b1f9c;417.42;0.328;UNKNOWN
2016-03-24T00:10:21.000000;2016-03-24T00:10:21.000000;287b2f88-db6e-426c-aa5b-9af5a1da33b9;417.42;0.48733892;UNKNOWN
2016-03-24T00:12:29.000000;2016-03-24T00:12:29.000000;11f823f1-bb6f-46a7-94f1-3737a1012eab;417.55;5.0;UNKNOWN
2016-03-24T00:12:59.000000;2016-03-24T00:12:59.000000;df55281f-b887-4cf3-a210-9569a2729c44;417.5;1.0;UNKNOWN
2016-03-24T00:13:32.000000;2016-03-24T00:13:32.000000;aff1ed55-ff73-46f6-9db2-5fae33db92aa;417.5;4.0;UNKNOWN
2016-03-24T00:13:32.000000;2016-03-24T00:13:32.000000;148f5ebf-9964-4882-b30c-0a28524ee6a5;417.42;1.0;UNKNOWN
2016-03-24T00:16:10.000000;2016-03-24T00:16:10.000000;b8afe7c4-9582-424d-82e4-593161dee59c;417.55;3.94605134;UNKNOWN
2016-03-24T00:17:16.000000;2016-03-24T00:17:16.000000;2b0c4604-6892-4a21-a1a8-f75e9c2198cb;417.55;0.11845814;UNKNOWN
2016-03-24T00:18:06.000000;2016-03-24T00:18:06.000000;d27ddc25-3c22-4ce0-8b26-d88c2661ba45;417.58;0.79093588;UNKNOWN
2016-03-24T00:18:11.000000;2016-03-24T00:18:11.000000;114a45c6-befb-4f82-9632-90c3adb74c55;417.56;0.0379066;UNKNOWN
2016-03-24T00:18:34.000000;2016-03-24T00:18:34.000000;8640f914-701a-421c-8b9b-a0d06aef9a29;417.59;0.20309321;UNKNOWN
2016-03-24T00:19:02.000000;2016-03-24T00:19:02.000000;ef4ab28c-ae98-440f-a71d-cce9968e2dfb;417.77;2.0;UNKNOWN
2016-03-24T00:20:59.000000;2016-03-24T00:20:59.000000;a16579a9-bf79-406f-a55e-df745bd29889;417.81;0.23996646;UNKNOWN
2016-03-24T00:21:06.000000;2016-03-24T00:21:06.000000;1cfb17c6-6cb7-4712-9663-644dab0f82b6;417.83;1.06977297;UNKNOWN
2016-03-24T00:21:11.000000;2016-03-24T00:21:11.000000;b233e2de-c840-4ebe-991e-cf46cbb39d62;417.83;0.26037436;UNKNOWN
2016-03-24T00:21:20.000000;2016-03-24T00:21:20.000000;d422fcdd-3c6f-4ab4-adc5-aa66e777f79a;417.86;0.18945198;UNKNOWN
2016-03-24T00:21:21.000000;2016-03-24T00:21:21.000000;57bc9b6e-d93a-4310-a1e1-36a8426823e2;417.86;0.14357721;UNKNOWN
2016-03-24T00:21:22.000000;2016-03-24T00:21:22.000000;3e4e8d91-4415-4bf0-b21f-b1abd5fe2097;417.86;0.11197081;UNKNOWN
2016-03-24T00:21:23.000000;2016-03-24T00:21:23.000000;a0eafa43-9244-4f19-9ace-8d1c066ba369;417.92;0.14356423;UNKNOWN
2016-03-24T00:21:26.000000;2016-03-24T00:21:26.000000;487cebe1-878e-409e-86df-637638d5cc3f;417.91;0.07748117;UNKNOWN
2016-03-24T00:21:26.000000;2016-03-24T00:21:26.000000;59851d82-3b47-41ed-9398-bd501ca14051;417.81;0.04580196;UNKNOWN
2016-03-24T00:22:34.000000;2016-03-24T00:22:34.000000;6458be3e-f339-4159-94a3-7517aedf5c51;417.81;0.03242089;UNKNOWN
2016-03-24T00:23:27.000000;2016-03-24T00:23:27.000000;80e5ecaf-fa09-42ef-ada2-0fd204224e58;417.85;0.5;UNKNOWN
2016-03-24T00:31:19.000000;2016-03-24T00:31:19.000000;41e2bfba-8b35-4da2-9c0b-0919b64154a6;417.89;0.02829791;UNKNOWN
2016-03-24T00:31:40.000000;2016-03-24T00:31:40.000000;1514143b-af03-480a-b9e1-e96e73bdb656;417.89;0.69507743;UNKNOWN
2016-03-24T00:33:08.000000;2016-03-24T00:33:08.000000;cb960c30-faae-4292-bf87-add37ae935ed;417.89;0.74248993;UNKNOWN
2016-03-24T00:33:58.000000;2016-03-24T00:33:58.000000;d8993791-6f44-4450-a50b-22fcebb0b669;417.9;0.001;UNKNOWN
2016-03-24T00:34:06.000000;2016-03-24T00:34:06.000000;a9248ef0-8674-4aff-9993-a5c39c79baeb;417.9;0.019;UNKNOWN
2016-03-24T00:34:06.000000;2016-03-24T00:34:06.000000;f123d3ec-7715-49ae-bb0b-80871a68dc7c;417.9;0.84477457;UNKNOWN
2016-03-24T00:35:15.000000;2016-03-24T00:35:15.000000;9d3bb775-d90c-4869-a988-97decf90a854;417.89;0.7112;UNKNOWN
2016-03-24T00:35:58.000000;2016-03-24T00:35:58.000000;619d1f50-4277-49ea-be26-b6554fbc7aa2;417.89;0.14079938;UNKNOWN
2016-03-24T00:36:26.000000;2016-03-24T00:36:26.000000;61d47337-7aa5-4b5c-9c77-75b2aec367ca;417.93;1.78687442;UNKNOWN
2016-03-24T00:36:26.000000;2016-03-24T00:36:26.000000;6ce6008e-3ddd-4d40-9405-1b23d9e87594;417.9;1.03312558;UNKNOWN
2016-03-24T00:36:26.000000;2016-03-24T00:36:26.000000;062d0e6f-8528-425e-8a16-9a37dae61772;417.9;0.02;UNKNOWN
2016-03-24T00:36:30.000000;2016-03-24T00:36:30.000000;51fde993-3f27-478b-9721-7b3e24fb0862;417.92;4.65143322;UNKNOWN
2016-03-24T00:36:35.000000;2016-03-24T00:36:35.000000;91ff8b5f-f03d-4e01-ac86-4daab503519a;417.87;0.30786465;UNKNOWN
2016-03-24T00:36:35.000000;2016-03-24T00:36:35.000000;73d65036-5030-4fde-97f3-1172fb139658;417.89;2.68213535;UNKNOWN
2016-03-24T00:37:07.000000;2016-03-24T00:37:07.000000;3f27c309-f959-4650-a1c9-63b4080205d5;417.94;0.06393585;UNKNOWN
2016-03-24T00:37:14.000000;2016-03-24T00:37:14.000000;b6a4c8ef-857d-46fd-a58a-d090357839d6;417.94;0.01531772;UNKNOWN
2016-03-24T00:40:58.000000;2016-03-24T00:40:58.000000;7a2febad-b74c-4158-99c1-cdeb96625299;417.95;0.56822121;UNKNOWN
2016-03-24T00:41:05.000000;2016-03-24T00:41:05.000000;e668a76f-77bb-44e0-afa2-2203ae455c7f;417.95;0.01325515;UNKNOWN
2016-03-24T00:42:24.000000;2016-03-24T00:42:24.000000;c267c417-b1ab-4b8b-9a31-5c6f23b9104b;417.95;0.09593953;UNKNOWN
2016-03-24T00:42:29.000000;2016-03-24T00:42:29.000000;59d5a580-04c0-4332-9e81-37be75323a57;417.95;0.0449157;UNKNOWN
2016-03-24T00:42:43.000000;2016-03-24T00:42:43.000000;31a2f541-f5ea-48e1-8078-49fc6c3db3fc;417.95;0.04794851;UNKNOWN
2016-03-24T00:44:12.000000;2016-03-24T00:44:12.000000;689c1d2a-99da-42f7-a59b-1b78abd0fead;417.96;0.01067961;UNKNOWN
2016-03-24T00:44:13.000000;2016-03-24T00:44:13.000000;a5c44111-d9c0-4a57-b6cc-c51fb70c7e4a;417.96;0.00905922;UNKNOWN
2016-03-24T00:44:13.000000;2016-03-24T00:44:13.000000;4795fcbc-3dff-4c1c-add4-21c0c1ac1e5f;417.96;0.00162039;UNKNOWN
2016-03-24T00:44:15.000000;2016-03-24T00:44:15.000000;62dfc5ae-5a5e-4e35-9579-b10dbb71407f;417.96;0.00324078;UNKNOWN
2016-03-24T00:44:15.000000;2016-03-24T00:44:15.000000;49d0e0f5-3e6a-4cd9-aebe-7da3d5a3b12b;417.96;0.00743883;UNKNOWN
2016-03-24T00:44:15.000000;2016-03-24T00:44:15.000000;6729acf1-2253-4dc8-9782-987888185c3a;417.96;0.01067961;UNKNOWN
2016-03-24T00:44:33.000000;2016-03-24T00:44:33.000000;1449fd81-78dc-4a57-ab8f-1549a8cfd9a8;417.96;0.00188156;UNKNOWN
2016-03-24T00:44:33.000000;2016-03-24T00:44:33.000000;fd84f908-f7e7-4e21-bd87-06826db1c19e;417.96;0.3931551;UNKNOWN
2016-03-24T00:44:35.000000;2016-03-24T00:44:35.000000;30c38a14-de79-4bdd-afba-ca60dff28710;417.96;0.80173719;UNKNOWN
2016-03-24T00:44:35.000000;2016-03-24T00:44:35.000000;5362bddd-051e-422d-b04e-5d7537eb5408;417.96;0.03254923;UNKNOWN
2016-03-24T00:44:36.000000;2016-03-24T00:44:36.000000;2c7be7f2-c685-4739-86e8-cb3aac8bf2a6;417.96;0.45430317;UNKNOWN
2016-03-24T00:44:38.000000;2016-03-24T00:44:38.000000;96a0ba60-db5e-4f50-9836-a7768b7fac60;417.96;0.30365088;UNKNOWN
2016-03-24T00:44:40.000000;2016-03-24T00:44:40.000000;98b3dd3a-62a3-498c-944f-e30f67931bf6;417.96;0.80173719;UNKNOWN
2016-03-24T00:44:41.000000;2016-03-24T00:44:41.000000;ce6c8c65-1635-4a84-99b8-3c9bfce664fa;417.96;0.11336416;UNKNOWN
2016-03-24T00:44:41.000000;2016-03-24T00:44:41.000000;30dcd8f9-9fae-4fe5-99cb-d8e840dfe5fe;417.96;0.80173719;UNKNOWN
2016-03-24T00:44:42.000000;2016-03-24T00:44:42.000000;fef971be-478c-470f-bc4c-4a65269e7251;417.96;0.69478525;UNKNOWN
2016-03-24T00:44:43.000000;2016-03-24T00:44:43.000000;0ad6cd0d-8afa-4b85-b9c2-e9c6e635730b;417.96;0.54689057;UNKNOWN
2016-03-24T00:44:43.000000;2016-03-24T00:44:43.000000;454dd892-5144-4a7f-938c-d59828b6e9b7;417.96;0.25484662;UNKNOWN
2016-03-24T00:44:44.000000;2016-03-24T00:44:44.000000;9552923b-09fb-44c2-9f12-3050d886c5b9;417.96;0.80173719;UNKNOWN
2016-03-24T00:45:06.000000;2016-03-24T00:45:06.000000;9693faed-22c6-49b8-8fda-2a896c4dbeaa;417.95;0.017;UNKNOWN
2016-03-24T00:45:08.000000;2016-03-24T00:45:08.000000;c3a59892-db11-4ad7-8904-7c15c4025e51;417.95;0.12327533;UNKNOWN
2016-03-24T00:45:16.000000;2016-03-24T00:45:16.000000;c68a6912-04e8-492d-917d-6fe66d847f83;417.95;0.72182208;UNKNOWN
2016-03-24T00:45:25.000000;2016-03-24T00:45:25.000000;b9e4e997-82c9-4573-a71e-4563ca7f841c;417.96;0.01607023;UNKNOWN
2016-03-24T00:45:26.000000;2016-03-24T00:45:26.000000;3079b418-e318-4db9-abad-9976b1fc6f9d;417.96;0.01607023;UNKNOWN
2016-03-24T00:45:27.000000;2016-03-24T00:45:27.000000;ea7c0b79-8c6f-4b46-a634-6c9a454cac7d;417.96;0.01607023;UNKNOWN
2016-03-24T00:45:34.000000;2016-03-24T00:45:34.000000;23c5176f-b4e2-4d3c-b1b9-60555fc23bb5;417.96;0.01616949;UNKNOWN
2016-03-24T00:45:44.000000;2016-03-24T00:45:44.000000;902ff32d-cd31-4d35-92e0-c40d9c69ac3d;417.93;0.7;UNKNOWN
2016-03-24T00:45:44.000000;2016-03-24T00:45:44.000000;818e4f73-9da6-4e63-a7f0-86d3d5243a9c;417.86;0.93237751;UNKNOWN
2016-03-24T00:45:44.000000;2016-03-24T00:45:44.000000;b164f481-9c01-4af6-8846-a6c8b9d03bca;417.95;3.36762249;UNKNOWN
2016-03-24T00:46:19.000000;2016-03-24T00:46:19.000000;26deb184-e9fd-4daf-9a82-493419f5c4d8;417.85;0.07192276;UNKNOWN
2016-03-24T00:47:16.000000;2016-03-24T00:47:16.000000;7bf5dcf3-9f98-4a54-bee2-0db8b13278fa;417.85;0.03318636;UNKNOWN
2016-03-24T00:48:12.000000;2016-03-24T00:48:12.000000;a22f20df-f09a-49aa-a537-d4a709ea4459;417.85;0.71111953;UNKNOWN
2016-03-24T00:48:57.000000;2016-03-24T00:48:57.000000;e7581a09-0840-4255-942c-9fa9ad463a18;417.88;0.28926725;UNKNOWN
2016-03-24T00:49:49.000000;2016-03-24T00:49:49.000000;5581a59d-48a2-40c5-8598-f7c7207e2576;417.85;0.68377135;UNKNOWN
2016-03-24T00:49:49.000000;2016-03-24T00:49:49.000000;50161f3e-a9cf-4021-a3ee-662ccbe0cd72;417.85;0.1584347;UNKNOWN
2016-03-24T00:49:49.000000;2016-03-24T00:49:49.000000;aafc7e5c-1b88-4e00-920e-c9eb52eb1299;417.61;1.51198743;UNKNOWN
2016-03-24T00:50:20.000000;2016-03-24T00:50:20.000000;4ce7b20f-9e07-4f4d-a2ea-d70f7b10b0ef;417.6;0.15192363;UNKNOWN
2016-03-24T00:50:23.000000;2016-03-24T00:50:23.000000;6b12458c-69ed-44c6-8b9c-2bb84d8fea0a;417.6;0.40909783;UNKNOWN
2016-03-24T00:50:25.000000;2016-03-24T00:50:25.000000;fa63b774-bea3-4119-b7b4-471e809f5dac;417.6;0.74405515;UNKNOWN
2016-03-24T00:50:28.000000;2016-03-24T00:50:28.000000;a5f50367-dd9d-4db7-9cf5-5d0dac681729;417.6;0.21203404;UNKNOWN
2016-03-24T00:51:08.000000;2016-03-24T00:51:08.000000;d16249ea-3bb4-45e5-a902-95086273c137;417.65;0.0287964;UNKNOWN
2016-03-24T00:52:14.000000;2016-03-24T00:52:14.000000;b1bd5a11-f845-43e2-ade3-f929bbeb2fe4;417.65;0.13330252;UNKNOWN
2016-03-24T00:52:15.000000;2016-03-24T00:52:15.000000;3015b566-4866-4724-981d-44da3892ce63;417.65;0.13330252;UNKNOWN
2016-03-24T00:52:36.000000;2016-03-24T00:52:36.000000;f79f6638-de6f-4d48-b3e7-b7cf6b1050a3;417.65;4.70459856;UNKNOWN
2016-03-24T00:52:36.000000;2016-03-24T00:52:36.000000;e5d85648-812d-448d-be6c-581dd4b9ab7e;417.6;0.29540144;UNKNOWN
2016-03-24T00:53:16.000000;2016-03-24T00:53:16.000000;694e84cd-f07a-49b9-80d0-0509be96f550;417.6;0.0911676;UNKNOWN
2016-03-24T00:53:30.000000;2016-03-24T00:53:30.000000;47284652-8d61-4b8d-8d44-6be7cfe9a9ca;417.6;0.09566465;UNKNOWN
2016-03-24T00:53:32.000000;2016-03-24T00:53:32.000000;fbbaa443-a648-4f8c-a7a2-d228392c0cec;417.5;1.39934434;UNKNOWN
2016-03-24T00:53:32.000000;2016-03-24T00:53:32.000000;91cc6753-97be-43c0-af8b-d703cb8b806a;417.6;0.00065566;UNKNOWN
2016-03-24T00:54:30.000000;2016-03-24T00:54:30.000000;391ea0e7-89d8-4c2a-a6ef-0ac288182bcc;417.51;0.11;UNKNOWN
2016-03-24T00:55:14.000000;2016-03-24T00:55:14.000000;3e369290-276d-4f17-a589-56bdfe796fdc;417.51;2.0494;UNKNOWN
2016-03-24T00:55:48.000000;2016-03-24T00:55:48.000000;9be97f8f-eb03-43cc-a42b-8d11b86c5b56;417.51;0.08515633;UNKNOWN
2016-03-24T00:57:06.000000;2016-03-24T00:57:06.000000;c20d8b5e-29dd-4f28-93a9-3403f4470755;417.51;0.78624378;UNKNOWN
2016-03-24T00:57:50.000000;2016-03-24T00:57:50.000000;4f18c96c-5932-415a-8849-14c1456ac2db;417.51;0.019393;UNKNOWN
2016-03-24T00:57:54.000000;2016-03-24T00:57:54.000000;7effcb2f-5a43-4147-8a09-d462928ae81c;417.51;0.032008;UNKNOWN
2016-03-24T00:58:06.000000;2016-03-24T00:58:06.000000;ad51dca5-601a-42d4-a44a-b92cb1ae7ae2;417.54;0.0345;UNKNOWN
2016-03-24T00:58:06.000000;2016-03-24T00:58:06.000000;e1a89463-117c-410e-9d92-385bfcba208c;417.63;0.4655;UNKNOWN
2016-03-24T00:58:12.000000;2016-03-24T00:58:12.000000;f8abd09e-b582-4878-bb1b-fc9b8a1f7e26;417.6;0.5504;UNKNOWN
2016-03-24T00:58:19.000000;2016-03-24T00:58:19.000000;9c42deab-deef-4c1f-89fd-1f56c15ae4b5;417.6;0.15630919;UNKNOWN
2016-03-24T00:58:29.000000;2016-03-24T00:58:29.000000;89378bb6-d0ac-4a07-b6c8-f92d602b4028;417.6;0.31031379;UNKNOWN
2016-03-24T00:58:45.000000;2016-03-24T00:58:45.000000;b180438e-f254-4833-afe3-c570806771d5;417.65;0.02;UNKNOWN
2016-03-24T00:58:45.000000;2016-03-24T00:58:45.000000;137a5a59-6056-40c7-bedc-5720e7264300;417.64;0.02;UNKNOWN
2016-03-24T00:58:45.000000;2016-03-24T00:58:45.000000;0d71fb18-0c2d-42d7-882a-4ba622fd4c88;417.65;0.5;UNKNOWN
2016-03-24T00:58:45.000000;2016-03-24T00:58:45.000000;e1c70e64-e02d-4927-b6b7-2ef4f70b2abc;417.66;0.0181;UNKNOWN
2016-03-24T00:59:32.000000;2016-03-24T00:59:32.000000;66fa1be9-17cd-4095-ac33-a689df75acea;417.6;0.023474;UNKNOWN
2016-03-24T01:00:34.000000;2016-03-24T01:00:34.000000;6a7a5c5a-7c3c-4480-b770-4aa4e41ad0eb;417.65;0.5;UNKNOWN
2016-03-24T01:00:41.000000;2016-03-24T01:00:41.000000;bc9916b5-c336-4775-b603-06a1ede7547a;417.68;0.440084;UNKNOWN
2016-03-24T01:00:41.000000;2016-03-24T01:00:41.000000;71abbcdf-dea7-49c0-9ff4-c5c2a6cbe6be;417.66;0.039916;UNKNOWN
2016-03-24T01:00:41.000000;2016-03-24T01:00:41.000000;581011ab-1ce4-430f-a5bb-0638ce87b719;417.67;0.02;UNKNOWN
2016-03-24T01:01:24.000000;2016-03-24T01:01:24.000000;da1ae683-bdf3-4cfd-90a0-60cd64fe8cbe;417.6;0.02591389;UNKNOWN
2016-03-24T01:01:48.000000;2016-03-24T01:01:48.000000;87a83208-ad62-4df8-b8d4-3878d87300e7;417.64;0.6;UNKNOWN
2016-03-24T01:02:46.000000;2016-03-24T01:02:46.000000;93671a0d-3b66-4f61-b79e-f4265bb7faba;417.63;0.8094;UNKNOWN
2016-03-24T01:02:46.000000;2016-03-24T01:02:46.000000;00c1ecc6-e131-4c82-ad93-104873a8c422;417.63;0.799006;UNKNOWN
2016-03-24T01:02:46.000000;2016-03-24T01:02:46.000000;f0ce365e-4825-4b83-abc5-083a0000378c;417.63;0.010394;UNKNOWN
2016-03-24T01:02:48.000000;2016-03-24T01:02:48.000000;1e0c20e9-8868-4d32-ba1d-b7b14f5cd8bc;417.62;0.013254;UNKNOWN
2016-03-24T01:02:49.000000;2016-03-24T01:02:49.000000;355503e3-be9a-43e2-98ac-037174fb8a30;417.63;0.31139188;UNKNOWN
2016-03-24T01:02:50.000000;2016-03-24T01:02:50.000000;2112c970-43e5-421d-8670-daf2bce2389a;417.63;0.01325369;UNKNOWN
2016-03-24T01:02:52.000000;2016-03-24T01:02:52.000000;30f36ad0-9a7b-458a-8969-209250766e83;417.63;0.32464557;UNKNOWN
2016-03-24T01:03:24.000000;2016-03-24T01:03:24.000000;a833d38b-8c07-4b57-9faf-e63d16047b59;417.63;4.65674005;UNKNOWN
2016-03-24T01:03:24.000000;2016-03-24T01:03:24.000000;a6786f04-cc4e-4f0d-9d8b-b02f2116dcc6;417.64;3.45425911;UNKNOWN
2016-03-24T01:03:24.000000;2016-03-24T01:03:24.000000;85e9d8ce-00e6-4f41-8337-9afadb6a24bb;417.63;3.70440286;UNKNOWN
2016-03-24T01:03:24.000000;2016-03-24T01:03:24.000000;914901ea-429c-4b2f-8897-d1d2f2b15bc0;417.63;0.5284;UNKNOWN
2016-03-24T01:03:24.000000;2016-03-24T01:03:24.000000;63aa9ce9-ce3c-405d-8ee8-38fd4de861db;417.63;4.65619798;UNKNOWN
2016-03-24T01:03:50.000000;2016-03-24T01:03:50.000000;a1eae1f1-0583-4f60-b888-b3906446636c;417.64;0.01588364;UNKNOWN
2016-03-24T01:03:51.000000;2016-03-24T01:03:51.000000;ba7d39da-1388-4333-84c8-6abc9282618d;417.64;0.01589138;UNKNOWN
2016-03-24T01:03:52.000000;2016-03-24T01:03:52.000000;fab78ae2-4aa0-4afd-a116-2e30f6d6a964;417.64;0.01589138;UNKNOWN
2016-03-24T01:03:53.000000;2016-03-24T01:03:53.000000;b566f0b5-658a-40ee-8b90-b4ff689e90a7;417.64;0.01589138;UNKNOWN
2016-03-24T01:03:53.000000;2016-03-24T01:03:53.000000;24e76489-358e-44d2-9b43-7693f6eda564;417.64;0.01589138;UNKNOWN
2016-03-24T01:03:54.000000;2016-03-24T01:03:54.000000;25c0e843-5e71-44af-90af-1b0485b7d156;417.64;0.01589138;UNKNOWN
2016-03-24T01:03:54.000000;2016-03-24T01:03:54.000000;f7ad9659-dd4e-417d-976a-573b7c003533;417.64;0.01589138;UNKNOWN
2016-03-24T01:04:05.000000;2016-03-24T01:04:05.000000;6dd04c2a-189d-418b-9f5f-6f938ee52c7b;417.64;2.0;UNKNOWN
2016-03-24T01:04:06.000000;2016-03-24T01:04:06.000000;36992a02-c982-4936-9a7e-89d75f4a62ba;417.64;0.72145113;UNKNOWN
2016-03-24T01:04:13.000000;2016-03-24T01:04:13.000000;bea2f3b6-69e2-4c5f-b8c9-aabf78b62cf7;417.6;0.50091669;UNKNOWN
2016-03-24T01:04:13.000000;2016-03-24T01:04:13.000000;37af89b7-d4a3-49a7-9f6d-acb23a0a2197;417.61;0.06321;UNKNOWN
2016-03-24T01:04:30.000000;2016-03-24T01:04:30.000000;36de2ee1-f27a-4a45-b296-fc5ea5b3b064;417.6;0.01753;UNKNOWN
2016-03-24T01:04:37.000000;2016-03-24T01:04:37.000000;514cafe8-ee03-4426-b0d8-9a94191d2629;417.6;0.0631;UNKNOWN
2016-03-24T01:05:11.000000;2016-03-24T01:05:11.000000;64fa57b4-19f2-4867-89b5-48958e01d615;417.68;3.0;UNKNOWN
2016-03-24T01:05:11.000000;2016-03-24T01:05:11.000000;595ae2cd-4ae4-4bd7-bbc3-22bdf48d7903;417.68;0.5;UNKNOWN
2016-03-24T01:05:16.000000;2016-03-24T01:05:16.000000;91581417-bd19-47e6-9e07-e13898a539a7;417.68;0.02;UNKNOWN
2016-03-24T01:05:20.000000;2016-03-24T01:05:20.000000;4514f44f-01ad-4594-a20d-0fdad580e392;417.6;3.4;UNKNOWN
2016-03-24T01:05:20.000000;2016-03-24T01:05:20.000000;d7d1ccbb-aa67-4d74-a377-2a85d8faed05;417.68;1.48;UNKNOWN
2016-03-24T01:06:35.000000;2016-03-24T01:06:35.000000;5867fddb-9be2-4465-8040-039fd07d896b;417.65;0.15595578;UNKNOWN
2016-03-24T01:09:05.000000;2016-03-24T01:09:05.000000;9364dd4c-a85c-481a-8399-fcb7d708c84b;417.65;0.348;UNKNOWN
2016-03-24T01:09:09.000000;2016-03-24T01:09:09.000000;0aa01bda-c1aa-4fa5-aa2e-d0a48a701c27;417.65;0.55157789;UNKNOWN
2016-03-24T01:09:11.000000;2016-03-24T01:09:11.000000;b33938ba-aa9e-46a3-a0a6-3b4d24dd476c;417.65;0.27826777;UNKNOWN
2016-03-24T01:09:18.000000;2016-03-24T01:09:18.000000;763dc7d1-81a3-4271-a6ac-bf2f4837f510;417.65;0.1825;UNKNOWN
2016-03-24T01:09:31.000000;2016-03-24T01:09:31.000000;98be5b29-3dbc-4bb0-9393-57b593cecff8;417.6;7.95204244;UNKNOWN
2016-03-24T01:09:31.000000;2016-03-24T01:09:31.000000;0e7543a8-1535-406d-a0d4-8d5f517af9a2;417.5;2.60065566;UNKNOWN
2016-03-24T01:09:31.000000;2016-03-24T01:09:31.000000;d5299630-b3c9-4a50-a818-351aa771c281;417.5;5.0;UNKNOWN
2016-03-24T01:10:12.000000;2016-03-24T01:10:12.000000;d16ad24a-3d38-4fad-aacf-f95275444a93;417.3;0.01;UNKNOWN
2016-03-24T01:10:17.000000;2016-03-24T01:10:17.000000;fc26928d-26d4-4893-a4d5-6cf537d88d31;417.3;19.8847;UNKNOWN
2016-03-24T01:10:17.000000;2016-03-24T01:10:17.000000;907b0975-904d-4e80-9ef4-8356d92cd7bc;417.3;0.1053;UNKNOWN
2016-03-24T01:11:44.000000;2016-03-24T01:11:44.000000;7c1f8896-c82c-477a-8416-51b4fa07a590;417.21;0.0209;UNKNOWN
2016-03-24T01:11:57.000000;2016-03-24T01:11:57.000000;33fa68a6-cad7-4297-8bff-c45c26683e15;417.21;4.66374405;UNKNOWN
2016-03-24T01:11:57.000000;2016-03-24T01:11:57.000000;3e3b0a27-dd65-4288-99d8-82f12c5ae42b;417.21;4.66374405;UNKNOWN
2016-03-24T01:11:57.000000;2016-03-24T01:11:57.000000;0fc5acdc-2923-4f94-9f79-36ab2c0165bc;417.21;0.85458881;UNKNOWN
2016-03-24T01:11:57.000000;2016-03-24T01:11:57.000000;1f262bfc-d6d6-422d-b7d2-a5c65dd95163;417.21;4.64605446;UNKNOWN
2016-03-24T01:11:57.000000;2016-03-24T01:11:57.000000;511cfc31-b0ab-4513-9cd9-3f65fefa669d;417.21;4.66466863;UNKNOWN
2016-03-24T01:11:57.000000;2016-03-24T01:11:57.000000;d4a478ad-786e-44b6-98ca-a576f458f8a7;417.21;0.5072;UNKNOWN
2016-03-24T01:12:39.000000;2016-03-24T01:12:39.000000;3e4a19d6-7853-4dc1-806f-51b7ec2ec07e;417.1;0.208752;UNKNOWN
2016-03-24T01:12:42.000000;2016-03-24T01:12:42.000000;80bd720a-5499-4ec0-97db-9c6209e26aaa;417.22;4.92268024;UNKNOWN
2016-03-24T01:12:45.000000;2016-03-24T01:12:45.000000;c39f39ac-ff25-4e5a-85e5-1a3954d76dae;417.1;0.107063;UNKNOWN
2016-03-24T01:13:44.000000;2016-03-24T01:13:44.000000;61ab2096-3d28-46d1-b057-17e1e67fe06e;417.13;0.27615;UNKNOWN
2016-03-24T01:13:50.000000;2016-03-24T01:13:50.000000;47773000-6b65-4753-8505-bfa0391f7a88;417.13;0.46015;UNKNOWN
2016-03-24T01:13:55.000000;2016-03-24T01:13:55.000000;59966f64-7e76-46fd-91ce-a0ec1d313cd6;417.12;0.4592;UNKNOWN
2016-03-24T01:14:01.000000;2016-03-24T01:14:01.000000;c27b2eb7-4e1f-4992-945a-fb22672114fe;417.12;0.2756;UNKNOWN
2016-03-24T01:14:27.000000;2016-03-24T01:14:27.000000;f2529d19-8322-49ff-8fea-ba19cc667ec8;417.13;3.92744405;UNKNOWN
2016-03-24T01:14:27.000000;2016-03-24T01:14:27.000000;403d60f4-2338-49d2-8d5e-c4f5a452bc9e;417.23;4.66374405;UNKNOWN
2016-03-24T01:14:27.000000;2016-03-24T01:14:27.000000;b95b78bc-9e7a-412d-9cdc-b0c12afafc0d;417.26;1.92894826;UNKNOWN
2016-03-24T01:14:27.000000;2016-03-24T01:14:27.000000;5ad6e6c7-68d6-4f15-8179-c80029160383;417.13;0.487;UNKNOWN
2016-03-24T01:14:27.000000;2016-03-24T01:14:27.000000;9b19990e-72e1-48e6-a08e-03f7fd3bd4da;417.24;4.66428788;UNKNOWN
2016-03-24T01:14:27.000000;2016-03-24T01:14:27.000000;b381ed74-5464-46fd-9652-a62ea7b33cf4;417.13;4.66428788;UNKNOWN
2016-03-24T01:14:27.000000;2016-03-24T01:14:27.000000;368fd2f6-6a16-4ec0-982f-a8f73b6c348b;417.21;4.66428788;UNKNOWN
2016-03-24T01:15:36.000000;2016-03-24T01:15:36.000000;2d038703-6e56-411f-9173-9e186efb9fb8;417.25;0.28;UNKNOWN
2016-03-24T01:15:41.000000;2016-03-24T01:15:41.000000;0d4fb3a1-ea1a-446c-9f76-e641423665ea;417.27;0.055563;UNKNOWN
2016-03-24T01:16:04.000000;2016-03-24T01:16:04.000000;6955c278-9543-47eb-8682-d056dbd98391;417.41;0.1;UNKNOWN
2016-03-24T01:17:06.000000;2016-03-24T01:17:06.000000;e5ccb65d-d2c7-4018-a21d-b799fd2b3537;417.32;0.046577;UNKNOWN
2016-03-24T01:17:08.000000;2016-03-24T01:17:08.000000;1ea0bc4b-3c8f-4f2f-ac19-2dd7c108b95b;417.33;0.052138;UNKNOWN
2016-03-24T01:17:26.000000;2016-03-24T01:17:26.000000;1205f240-ff97-4fa8-8b8c-6225940a98bd;417.34;0.040177;UNKNOWN
2016-03-24T01:17:45.000000;2016-03-24T01:17:45.000000;b53e0d38-96eb-4b2d-87a7-0db6d0bd4f2e;417.38;0.19579083;UNKNOWN
2016-03-24T01:18:11.000000;2016-03-24T01:18:11.000000;76e071dd-3864-48cb-9690-0464c7fc99c2;417.34;0.11859582;UNKNOWN
2016-03-24T01:19:03.000000;2016-03-24T01:19:03.000000;7b12298e-72e3-479f-a42c-a808d3848a1b;417.34;0.027922;UNKNOWN
2016-03-24T01:19:08.000000;2016-03-24T01:19:08.000000;87d77ab1-e7b9-479e-aa66-781216544498;417.35;0.029459;UNKNOWN
2016-03-24T01:20:07.000000;2016-03-24T01:20:07.000000;1eda01b8-89c8-41a3-a3d3-50920b5a1f03;417.49;0.04797802;UNKNOWN
2016-03-24T01:20:25.000000;2016-03-24T01:20:25.000000;cbd9c286-f323-4ee3-a98c-545fa6e96fac;417.49;0.01596742;UNKNOWN
2016-03-24T01:22:12.000000;2016-03-24T01:22:12.000000;27dea1f9-7d99-43c8-a48b-36505801f326;417.49;0.04743607;UNKNOWN
2016-03-24T01:22:19.000000;2016-03-24T01:22:19.000000;98529cb5-b1a6-49eb-8262-8d276f082613;417.49;2.02048582;UNKNOWN
2016-03-24T01:23:13.000000;2016-03-24T01:23:13.000000;fec87cf0-97d3-410a-b923-163313ac52a4;417.49;0.01013534;UNKNOWN
2016-03-24T01:23:14.000000;2016-03-24T01:23:14.000000;b76a603c-5257-4f60-8df1-fc04e4b16c95;417.49;0.01013534;UNKNOWN
2016-03-24T01:23:16.000000;2016-03-24T01:23:16.000000;548bf899-b9fa-49a7-8542-f64b913029f9;417.49;0.01013534;UNKNOWN
2016-03-24T01:23:17.000000;2016-03-24T01:23:17.000000;91a0921a-2bc8-4155-833e-6b65de3e76ca;417.49;0.01291288;UNKNOWN
2016-03-24T01:23:26.000000;2016-03-24T01:23:26.000000;1f57ddbe-19d5-4043-985e-105d9171f697;417.49;0.07058063;UNKNOWN
2016-03-24T01:23:26.000000;2016-03-24T01:23:26.000000;0d0a90d1-143e-4190-a4d8-29b470f6342c;417.49;0.07715209;UNKNOWN
2016-03-24T01:23:27.000000;2016-03-24T01:23:27.000000;900305cd-c9d7-4973-a5c8-0a60fff4aec0;417.49;0.07715209;UNKNOWN
2016-03-24T01:23:29.000000;2016-03-24T01:23:29.000000;6aa93224-9793-40e6-a259-9c85ea825482;417.49;0.07577765;UNKNOWN
2016-03-24T01:23:31.000000;2016-03-24T01:23:31.000000;6b239435-1f73-4dfe-a369-2920f15cad9d;417.49;0.01451679;UNKNOWN
2016-03-24T01:23:34.000000;2016-03-24T01:23:34.000000;c49a9765-3df3-47f4-b6dd-8bdba0ecae19;417.49;0.05472141;UNKNOWN
2016-03-24T01:23:35.000000;2016-03-24T01:23:35.000000;863c5229-7630-4aa9-9d03-9a7d785c885f;417.49;0.05466669;UNKNOWN
2016-03-24T01:24:44.000000;2016-03-24T01:24:44.000000;fbc7ed59-2662-49b5-b803-07f7a59bb010;417.5;0.02;UNKNOWN
2016-03-24T01:24:44.000000;2016-03-24T01:24:44.000000;115da890-212d-49ac-aa12-3546ea588b37;417.5;0.02;UNKNOWN
2016-03-24T01:24:44.000000;2016-03-24T01:24:44.000000;9761a100-8cc2-4fbb-b590-bd74996db793;417.5;0.18757457;UNKNOWN
2016-03-24T01:24:44.000000;2016-03-24T01:24:44.000000;561a0f60-9610-43fc-a42c-8dcda094a209;417.5;0.35;UNKNOWN
2016-03-24T01:24:44.000000;2016-03-24T01:24:44.000000;1bdd8081-66c3-4511-951a-e0b47e44d3a9;417.5;0.02;UNKNOWN
2016-03-24T01:27:34.000000;2016-03-24T01:27:34.000000;15362284-80d3-409a-9a19-a3afa007f335;417.53;0.297464;UNKNOWN
2016-03-24T01:27:44.000000;2016-03-24T01:27:44.000000;0ad08bbd-9fb8-4abf-8757-3f35cabe3d0d;417.54;0.01839967;UNKNOWN
2016-03-24T01:29:05.000000;2016-03-24T01:29:05.000000;d09a49c2-ba48-412d-898b-2aa0b2865df1;417.54;2.87845635;UNKNOWN
2016-03-24T01:29:07.000000;2016-03-24T01:29:07.000000;b02bf30e-5839-4043-8faa-b1a29bdcf222;417.53;2.1;UNKNOWN
2016-03-24T01:29:12.000000;2016-03-24T01:29:12.000000;cc8fed8f-0cad-47be-9ef7-f410caa4fa4a;417.53;0.120009;UNKNOWN
2016-03-24T01:30:48.000000;2016-03-24T01:30:48.000000;c7afa2f3-d25d-47b6-8249-22fd04bde384;417.53;0.107051;UNKNOWN
2016-03-24T01:31:08.000000;2016-03-24T01:31:08.000000;f15a86f6-3e80-451f-b192-7a93759ae233;417.53;0.14863;UNKNOWN
2016-03-24T01:31:24.000000;2016-03-24T01:31:24.000000;ae38f921-ea58-491d-b365-4254d194bd09;417.53;0.918;UNKNOWN
2016-03-24T01:31:39.000000;2016-03-24T01:31:39.000000;3e19389b-264f-4e2a-bc29-92306ed5da53;417.53;0.02399837;UNKNOWN
2016-03-24T01:32:31.000000;2016-03-24T01:32:31.000000;0bdb0aec-7656-42de-a762-479e66f3c87c;417.53;0.183823;UNKNOWN
2016-03-24T01:32:39.000000;2016-03-24T01:32:39.000000;678b23f5-bd16-4973-906e-3fe5ee5f1e03;417.54;0.24059;UNKNOWN
2016-03-24T01:32:45.000000;2016-03-24T01:32:45.000000;4fc9ce8e-461d-4fa8-b2ea-9f3ceb66f750;417.54;0.24059;UNKNOWN
2016-03-24T01:33:08.000000;2016-03-24T01:33:08.000000;ef57df64-4d18-4703-b78c-50e4c135171e;417.53;0.23736055;UNKNOWN
2016-03-24T01:34:17.000000;2016-03-24T01:34:17.000000;c91950fb-2803-49e5-9af5-0f76f8c8ac1c;417.53;0.03785;UNKNOWN
2016-03-24T01:35:03.000000;2016-03-24T01:35:03.000000;7d8924bf-bc91-4dee-a37f-aec40bbf4413;417.53;0.113631;UNKNOWN
2016-03-24T01:35:40.000000;2016-03-24T01:35:40.000000;d05f95ab-e44b-40b7-9b13-ac5fd8089761;417.54;0.05467319;UNKNOWN
2016-03-24T01:36:28.000000;2016-03-24T01:36:28.000000;632aba31-5cd3-48c7-a0dd-b10733359c5d;417.54;0.0901106;UNKNOWN
2016-03-24T01:36:30.000000;2016-03-24T01:36:30.000000;dd05c0fc-1067-4c5f-8a67-86509a7d6794;417.54;0.0901106;UNKNOWN
2016-03-24T01:36:32.000000;2016-03-24T01:36:32.000000;01d2d1b9-c061-4c16-851a-f0d309bdd072;417.54;0.11351425;UNKNOWN
2016-03-24T01:37:30.000000;2016-03-24T01:37:30.000000;5f951004-0b05-4d7e-b26b-570a0e79e9fb;417.54;0.25;UNKNOWN
2016-03-24T01:38:16.000000;2016-03-24T01:38:16.000000;35192ed4-0580-4f1a-8b1e-71ef4806a4da;417.54;0.26250328;UNKNOWN
2016-03-24T01:38:16.000000;2016-03-24T01:38:16.000000;ad03f753-f62c-424f-a6e7-4edb39efc05d;417.54;0.49987997;UNKNOWN
2016-03-24T01:40:37.000000;2016-03-24T01:40:37.000000;482f4659-4c1a-4b63-8217-c9b139bd4356;417.53;0.01478751;UNKNOWN
2016-03-24T01:41:16.000000;2016-03-24T01:41:16.000000;ec43576b-10c0-407e-976a-d1acfc9d5854;417.53;0.0344321;UNKNOWN
2016-03-24T01:41:50.000000;2016-03-24T01:41:50.000000;9673ccae-92eb-4b89-b97e-c9e73335497b;417.54;0.4675;UNKNOWN
2016-03-24T01:41:50.000000;2016-03-24T01:41:50.000000;19d78478-9110-4b5d-bf5b-189bc69d666a;417.54;49.5325;UNKNOWN
2016-03-24T01:42:31.000000;2016-03-24T01:42:31.000000;b9e4cead-d4f0-4ad7-8d62-60757a3b1f35;417.66;30.0;UNKNOWN
2016-03-24T01:42:31.000000;2016-03-24T01:42:31.000000;4f493331-14e1-4cd7-9a55-0393e0be06a3;417.54;0.4675;UNKNOWN
2016-03-24T01:42:31.000000;2016-03-24T01:42:31.000000;521c6b85-6581-4b2c-86a4-f06151871cf1;417.73;4.5;UNKNOWN
2016-03-24T01:42:31.000000;2016-03-24T01:42:31.000000;3325659b-643a-4918-b7cb-4dbcfeb5b8ed;417.55;4.0;UNKNOWN
2016-03-24T01:42:31.000000;2016-03-24T01:42:31.000000;ce22684c-2dd7-42eb-9991-c07619930910;417.74;12.83492553;UNKNOWN
2016-03-24T01:42:31.000000;2016-03-24T01:42:31.000000;34fc7a7c-c7ac-4890-947d-8ca3ad4e8e88;417.7;0.01;UNKNOWN
2016-03-24T01:43:08.000000;2016-03-24T01:43:08.000000;ade447d3-4f28-482b-b662-3e24dc94e082;417.67;0.1176;UNKNOWN
2016-03-24T01:45:15.000000;2016-03-24T01:45:15.000000;97f0daec-fda3-4ac7-b4b5-c38f1950ad8f;417.69;0.04798065;UNKNOWN
2016-03-24T01:45:49.000000;2016-03-24T01:45:49.000000;0fdc10c9-1252-4a7c-9429-f59533298894;417.75;0.06422922;UNKNOWN
2016-03-24T01:46:31.000000;2016-03-24T01:46:31.000000;b132c732-341e-4fe2-ac25-dfe45dcb0df6;417.76;0.02867435;UNKNOWN
2016-03-24T01:48:12.000000;2016-03-24T01:48:12.000000;67d1b1a7-9e74-471e-a785-104223b51bf1;417.75;0.02372422;UNKNOWN
2016-03-24T01:48:51.000000;2016-03-24T01:48:51.000000;b02164f9-7ad1-4571-b02b-cac825408385;417.75;0.1076073;UNKNOWN
2016-03-24T01:49:05.000000;2016-03-24T01:49:05.000000;da971ec2-b969-44db-a3e1-6b79c93a9f4c;417.76;0.04755677;UNKNOWN
2016-03-24T01:49:08.000000;2016-03-24T01:49:08.000000;95a1b249-1693-4498-a64e-679e3b7cfdad;417.75;0.05928;UNKNOWN
2016-03-24T01:50:15.000000;2016-03-24T01:50:15.000000;e49100fd-bcde-4834-bea0-237f0778bfb4;417.76;0.02865764;UNKNOWN
2016-03-24T01:50:18.000000;2016-03-24T01:50:18.000000;5d61302b-57b0-48fa-b66b-96c326c832c3;417.76;0.02865764;UNKNOWN
2016-03-24T01:50:19.000000;2016-03-24T01:50:19.000000;a6c549c5-255d-4a31-8560-dc3dfd87504e;417.75;0.04077574;UNKNOWN
2016-03-24T01:51:05.000000;2016-03-24T01:51:05.000000;96c49413-5f91-4346-b26c-cbcb236c6cad;417.76;0.02379536;UNKNOWN
2016-03-24T01:51:46.000000;2016-03-24T01:51:46.000000;22903433-e2d3-441a-84ea-687e0bc96776;417.76;0.16252001;UNKNOWN
2016-03-24T01:51:48.000000;2016-03-24T01:51:48.000000;182660d7-0478-4938-9a73-1b9ecbc15a16;417.76;0.16252001;UNKNOWN
2016-03-24T01:52:01.000000;2016-03-24T01:52:01.000000;1537b060-560d-4c7f-b1e1-8b268d5570cd;417.76;0.06408953;UNKNOWN
2016-03-24T01:52:01.000000;2016-03-24T01:52:01.000000;316096bb-d6e3-4efd-9cda-88a50569f593;417.76;0.62644973;UNKNOWN
2016-03-24T01:52:04.000000;2016-03-24T01:52:04.000000;4e7e64ac-4c46-4acb-bdee-fdfb7fb2afd8;417.76;0.17230826;UNKNOWN
2016-03-24T01:52:04.000000;2016-03-24T01:52:04.000000;4dfe4af2-7db7-4215-8b3a-35f233ffaa25;417.76;0.83533578;UNKNOWN
2016-03-24T01:52:04.000000;2016-03-24T01:52:04.000000;9cd1b2a4-dc93-427b-85ad-25156564ac91;417.76;0.80655924;UNKNOWN
2016-03-24T01:52:05.000000;2016-03-24T01:52:05.000000;c07dfd80-118c-4baf-a708-f81e8b7103a6;417.76;0.05277623;UNKNOWN
2016-03-24T01:52:05.000000;2016-03-24T01:52:05.000000;d7a3aaae-671a-4ad7-bdd5-15a8c7971d01;417.76;0.40461783;UNKNOWN
2016-03-24T01:52:07.000000;2016-03-24T01:52:07.000000;d63ed229-0523-4af7-b1fa-59d6b6d578d2;417.76;0.83785566;UNKNOWN
2016-03-24T01:52:07.000000;2016-03-24T01:52:07.000000;0aabac43-f013-44ab-afb5-6138eb6a7692;417.76;0.74416851;UNKNOWN
2016-03-24T01:52:10.000000;2016-03-24T01:52:10.000000;11480b6a-37f8-4dbd-bd16-733060831117;417.76;0.30748905;UNKNOWN
2016-03-24T01:52:11.000000;2016-03-24T01:52:11.000000;844cd7f4-8ea3-41b2-be1f-af2c6ccd9a18;417.76;0.04174037;UNKNOWN
2016-03-24T01:52:11.000000;2016-03-24T01:52:11.000000;a7d2c2b6-7ff0-4adb-90e2-012600918b72;417.76;0.01568337;UNKNOWN
2016-03-24T01:52:11.000000;2016-03-24T01:52:11.000000;dfd77fb7-87d5-4d51-9cb8-dbdfeefc8de7;417.76;0.23507885;UNKNOWN
2016-03-24T01:52:11.000000;2016-03-24T01:52:11.000000;a6973c0d-a51c-44df-933f-aa3af8e39eff;417.76;0.03066245;UNKNOWN
2016-03-24T01:52:12.000000;2016-03-24T01:52:12.000000;4ac14192-feaa-41b8-a810-f66bffd7cd17;417.76;0.30748905;UNKNOWN
2016-03-24T01:52:13.000000;2016-03-24T01:52:13.000000;e39019cd-faab-45ae-a993-d63cec5e55dc;417.76;0.30748905;UNKNOWN
2016-03-24T01:52:17.000000;2016-03-24T01:52:17.000000;27b78067-ee06-4d8e-990e-61d4ecf9de6a;417.76;0.21438287;UNKNOWN
2016-03-24T01:52:18.000000;2016-03-24T01:52:18.000000;1c72522d-ee74-4524-99f2-1e84ba296695;417.76;0.21438287;UNKNOWN
2016-03-24T01:52:19.000000;2016-03-24T01:52:19.000000;74394c84-042d-4771-9c4a-80836f57c011;417.76;0.21438287;UNKNOWN
2016-03-24T01:52:25.000000;2016-03-24T01:52:25.000000;a9dcb2c2-b30c-4abc-96b4-e6954cefb17e;417.76;0.30172796;UNKNOWN
2016-03-24T01:52:25.000000;2016-03-24T01:52:25.000000;689a1ca8-7b82-4051-bbd5-7d0e80b50d66;417.76;0.21459746;UNKNOWN
2016-03-24T01:52:25.000000;2016-03-24T01:52:25.000000;df798349-a050-4530-b88f-a6c3707ab807;417.76;0.03684881;UNKNOWN
2016-03-24T01:52:44.000000;2016-03-24T01:52:44.000000;6c6886a1-1b84-4f22-94b4-bdead684a8ad;417.76;0.2402368;UNKNOWN
2016-03-24T01:52:45.000000;2016-03-24T01:52:45.000000;0465f043-77f3-4600-8f83-9cc73797fcf1;417.76;0.19849492;UNKNOWN
2016-03-24T01:52:46.000000;2016-03-24T01:52:46.000000;bc2d4962-0f3d-44df-a4ab-02dc388ee88c;417.76;0.48243782;UNKNOWN
2016-03-24T01:52:46.000000;2016-03-24T01:52:46.000000;b2b06e94-50c9-41e0-8dca-d8ae9032fe26;417.76;0.0249552;UNKNOWN
2016-03-24T01:52:46.000000;2016-03-24T01:52:46.000000;5b48e4e0-6d53-4f82-8a9a-353ed73eeb0b;417.76;0.19132316;UNKNOWN
2016-03-24T01:52:46.000000;2016-03-24T01:52:46.000000;71b3a43f-331a-4f11-b0e2-752a230fbb50;417.76;0.20555655;UNKNOWN
2016-03-24T01:52:47.000000;2016-03-24T01:52:47.000000;29cb1b8a-0338-4bc0-8447-e0a2432e12f7;417.76;0.20793629;UNKNOWN
2016-03-24T01:52:48.000000;2016-03-24T01:52:48.000000;6091e214-68cf-4b65-adb5-4a0be413b6ee;417.76;0.18070472;UNKNOWN
2016-03-24T01:52:49.000000;2016-03-24T01:52:49.000000;30d3faac-e3e4-434b-9186-ceaeaf02f156;417.76;0.34692108;UNKNOWN
2016-03-24T01:52:49.000000;2016-03-24T01:52:49.000000;6c4f2ba6-b322-4ff1-a5ec-406bfe3a319f;417.76;0.14184903;UNKNOWN
2016-03-24T01:52:51.000000;2016-03-24T01:52:51.000000;3d44c32e-64ca-403b-869c-dfa6638780f6;417.76;0.41842973;UNKNOWN
2016-03-24T01:52:52.000000;2016-03-24T01:52:52.000000;01b9d26a-752e-4d7e-9eac-360d72e73f9d;417.76;0.59666759;UNKNOWN
2016-03-24T01:52:52.000000;2016-03-24T01:52:52.000000;1f215dbb-908b-4606-bf20-afff7e8622ac;417.76;0.01015124;UNKNOWN
2016-03-24T01:52:52.000000;2016-03-24T01:52:52.000000;52c97f8b-cf4a-4bd0-a7bf-cb4abc78c9d4;417.76;0.0778262;UNKNOWN
2016-03-24T01:52:52.000000;2016-03-24T01:52:52.000000;365c42f0-0b7c-4763-9d1c-0e8180581f54;417.76;0.19607495;UNKNOWN
2016-03-24T01:52:52.000000;2016-03-24T01:52:52.000000;160b0484-1f91-4931-93c9-3263cf2b454a;417.76;0.02557499;UNKNOWN
2016-03-24T01:52:53.000000;2016-03-24T01:52:53.000000;93bf6b35-7d29-4a4a-86ad-177f3e752c28;417.76;0.11169972;UNKNOWN
2016-03-24T01:52:54.000000;2016-03-24T01:52:54.000000;00642aa2-2ecc-4e75-8607-674181cce2b8;417.76;0.14476175;UNKNOWN
2016-03-24T01:52:55.000000;2016-03-24T01:52:55.000000;137f55e3-1f11-4a21-9ed4-78108f061268;417.76;0.01811403;UNKNOWN
2016-03-24T01:52:55.000000;2016-03-24T01:52:55.000000;f3d1283b-eb62-4c48-8b75-081526ed3da2;417.76;0.60780568;UNKNOWN
2016-03-24T01:52:55.000000;2016-03-24T01:52:55.000000;7a46784f-881d-4d60-943f-4fc9e2ebc3b7;417.76;0.03115022;UNKNOWN
2016-03-24T01:52:55.000000;2016-03-24T01:52:55.000000;70ee0722-ad6c-43c1-871c-63c7695c4bce;417.76;0.04812878;UNKNOWN
2016-03-24T01:52:55.000000;2016-03-24T01:52:55.000000;148522c0-bc17-42d6-a8db-0f2a6824e2e6;417.76;0.13887428;UNKNOWN
2016-03-24T01:52:57.000000;2016-03-24T01:52:57.000000;82f05fbf-668e-4784-a5a1-7a6ab5921c0c;417.76;0.29930283;UNKNOWN
2016-03-24T01:52:57.000000;2016-03-24T01:52:57.000000;f09cacfe-bf33-4fb7-9e89-0f6d8dc10fe7;417.76;0.47157389;UNKNOWN
2016-03-24T01:52:58.000000;2016-03-24T01:52:58.000000;b0a53d95-54b6-420a-96e8-7988cdc50156;417.76;0.34630385;UNKNOWN
2016-03-24T01:53:34.000000;2016-03-24T01:53:34.000000;adf0f381-7c0f-464e-b028-24eac9e15607;417.76;13.68;UNKNOWN
2016-03-24T01:53:34.000000;2016-03-24T01:53:34.000000;81ad54dd-92b4-4792-b39d-7fdaa1aab6e9;417.77;11.32;UNKNOWN
2016-03-24T01:55:15.000000;2016-03-24T01:55:15.000000;c1aa1221-43b0-40be-8b40-56a4182557e5;417.75;0.09489691;UNKNOWN
2016-03-24T01:55:44.000000;2016-03-24T01:55:44.000000;e98eee4b-c98c-4db7-9c73-3190b708285f;417.78;0.42265013;UNKNOWN
2016-03-24T01:55:44.000000;2016-03-24T01:55:44.000000;37c09b18-95a2-4337-a368-82838479edc6;417.78;0.01543206;UNKNOWN
2016-03-24T01:55:46.000000;2016-03-24T01:55:46.000000;b9d5b985-efb1-4482-b431-25ce68a9b97b;417.78;0.22543461;UNKNOWN
2016-03-24T01:55:48.000000;2016-03-24T01:55:48.000000;e23cbc3f-851f-4d2c-85ab-64a936bc54b4;417.78;0.01561669;UNKNOWN
2016-03-24T01:55:49.000000;2016-03-24T01:55:49.000000;64333bdd-29c6-4bb0-afe9-50945d1f050d;417.78;0.30968525;UNKNOWN
2016-03-24T01:55:54.000000;2016-03-24T01:55:54.000000;5d27e6c7-08cc-440b-bc08-333b61037521;417.78;0.0433331;UNKNOWN
2016-03-24T01:55:56.000000;2016-03-24T01:55:56.000000;1f0a0532-a9ce-47b3-8202-89d9a15af891;417.78;0.28625648;UNKNOWN
2016-03-24T01:55:56.000000;2016-03-24T01:55:56.000000;fa88be2b-e63a-49e9-b605-512ee5a0f489;417.78;0.72215333;UNKNOWN
2016-03-24T01:55:57.000000;2016-03-24T01:55:57.000000;1e629124-affd-46f9-b2cc-b934ea53d1a6;417.78;0.01;UNKNOWN
2016-03-24T01:55:57.000000;2016-03-24T01:55:57.000000;66e364fe-6b41-4036-b263-9bc25354f982;417.78;0.0311296;UNKNOWN
2016-03-24T01:56:01.000000;2016-03-24T01:56:01.000000;3ce950d3-0dd9-4cf1-81b1-e6e597fc1329;417.78;0.0433331;UNKNOWN
2016-03-24T01:56:03.000000;2016-03-24T01:56:03.000000;e243c43c-ca45-427c-b315-0cbd6acdde89;417.78;0.02813811;UNKNOWN
2016-03-24T01:56:05.000000;2016-03-24T01:56:05.000000;4b01701c-fee4-4713-a7b9-8413b54186f9;417.78;0.02531834;UNKNOWN
2016-03-24T01:56:08.000000;2016-03-24T01:56:08.000000;7354f907-c7b4-4792-9f45-92ad219b1cc4;417.78;0.0433331;UNKNOWN
2016-03-24T01:56:08.000000;2016-03-24T01:56:08.000000;18af9cde-867b-4602-8ead-759cdfaec282;417.78;0.0311887;UNKNOWN
2016-03-24T01:56:14.000000;2016-03-24T01:56:14.000000;3c384f6e-68ba-4e81-acd9-96a1e933e76b;417.78;0.04333298;UNKNOWN
2016-03-24T01:56:20.000000;2016-03-24T01:56:20.000000;7f42a2c0-a0eb-42e5-a3ec-b54eb92cf097;417.78;0.04333298;UNKNOWN
2016-03-24T01:56:25.000000;2016-03-24T01:56:25.000000;d17d1d99-0a67-4121-bdd5-be4715c42edb;417.78;0.04333298;UNKNOWN
2016-03-24T01:56:45.000000;2016-03-24T01:56:45.000000;9675adde-f3d1-479b-b506-085e9c2ba446;417.78;0.19380481;UNKNOWN
2016-03-24T01:56:48.000000;2016-03-24T01:56:48.000000;6210c3e4-5c5d-4449-8831-ee9d36d8b091;417.78;0.01;UNKNOWN
2016-03-24T01:56:48.000000;2016-03-24T01:56:48.000000;ec765394-7a10-406b-a6f0-095f0a40d931;417.78;1.9302;UNKNOWN
2016-03-24T01:56:51.000000;2016-03-24T01:56:51.000000;5d2575a6-d393-4e89-8547-2fd7f5b04d57;417.78;0.47621157;UNKNOWN
2016-03-24T01:56:51.000000;2016-03-24T01:56:51.000000;248bed00-17ed-4b6f-adb6-4bb12fe0f123;417.78;0.05194347;UNKNOWN
2016-03-24T01:56:54.000000;2016-03-24T01:56:54.000000;cd6a90ee-b842-44ab-a420-883d04e3b1a0;417.78;0.04958204;UNKNOWN
2016-03-24T01:56:54.000000;2016-03-24T01:56:54.000000;7d3b72d5-75e3-4fb8-9a1d-5deb6c9a8020;417.78;0.10333872;UNKNOWN
2016-03-24T01:56:58.000000;2016-03-24T01:56:58.000000;288ac646-4083-458b-8756-2347c8b217b9;417.78;0.10333124;UNKNOWN
2016-03-24T01:57:08.000000;2016-03-24T01:57:08.000000;d4e56294-24f3-4657-85c9-97e2c5e63c89;417.77;0.71870058;UNKNOWN
2016-03-24T01:57:25.000000;2016-03-24T01:57:25.000000;c07a1770-b4d5-4aa9-a282-562c64637c6e;417.78;0.05846193;UNKNOWN
2016-03-24T01:57:33.000000;2016-03-24T01:57:33.000000;ed055204-bfab-4270-a92f-b8ac06cbda02;417.78;0.05872846;UNKNOWN
2016-03-24T01:57:38.000000;2016-03-24T01:57:38.000000;753451ad-2d6d-401d-bc23-9577d9906b65;417.78;0.2793;UNKNOWN
2016-03-24T01:58:22.000000;2016-03-24T01:58:22.000000;034972c7-4029-4f62-bbb4-8378a81a9693;417.78;0.05868938;UNKNOWN
2016-03-24T01:59:06.000000;2016-03-24T01:59:06.000000;2e984271-85a3-4659-8ed1-26a293b998f2;417.78;0.61997193;UNKNOWN
2016-03-24T01:59:39.000000;2016-03-24T01:59:39.000000;02c15780-4432-45c7-a9ff-66aa7bc40cf0;417.77;0.04796916;UNKNOWN
2016-03-24T01:59:39.000000;2016-03-24T01:59:39.000000;cf3d8776-951f-40e2-9b03-8cd7a4398969;417.78;0.02783467;UNKNOWN
2016-03-24T02:00:19.000000;2016-03-24T02:00:19.000000;ba67d062-91df-498b-aac2-0d477a172538;417.77;0.09423542;UNKNOWN
2016-03-24T02:00:40.000000;2016-03-24T02:00:40.000000;44647788-b81d-4c0d-b672-1a1fcb4d1a25;417.78;0.24041;UNKNOWN
2016-03-24T02:00:46.000000;2016-03-24T02:00:46.000000;4db08110-6a63-4fc3-8bcc-e19a32c91887;417.78;0.23122;UNKNOWN
2016-03-24T02:01:53.000000;2016-03-24T02:01:53.000000;584dff89-2180-4d39-a105-3baa904a7d33;417.78;1.0;UNKNOWN
2016-03-24T02:02:20.000000;2016-03-24T02:02:20.000000;38d7bac6-b0be-4023-84c7-4bee917c429a;417.77;0.48306582;UNKNOWN
2016-03-24T02:04:05.000000;2016-03-24T02:04:05.000000;f5c0cd3d-1356-4d1b-baa5-8ddb6193bc4d;417.78;0.4677255;UNKNOWN
2016-03-24T02:04:44.000000;2016-03-24T02:04:44.000000;42ca1848-f8b7-4e62-ba8d-4adab0bdd825;417.77;0.16789207;UNKNOWN
2016-03-24T02:05:00.000000;2016-03-24T02:05:00.000000;000e6824-4f23-4df5-a4c5-92aff5caef2f;417.77;0.03837533;UNKNOWN
2016-03-24T02:05:08.000000;2016-03-24T02:05:08.000000;7acc8875-ac8a-4885-8e92-2676678e382a;417.77;0.2355;UNKNOWN
2016-03-24T02:06:05.000000;2016-03-24T02:06:05.000000;97fea651-d086-4689-979e-51be9cc50611;417.78;1.0;UNKNOWN
2016-03-24T02:07:00.000000;2016-03-24T02:07:00.000000;de006894-52fc-4c1b-8212-fa9466de6d6e;417.77;0.22233931;UNKNOWN
2016-03-24T02:07:00.000000;2016-03-24T02:07:00.000000;75b013f8-cb80-41db-bb49-88dded6ed334;417.77;0.97688982;UNKNOWN
2016-03-24T02:08:11.000000;2016-03-24T02:08:11.000000;c1b9163a-5ffb-434b-8b94-c6d36ebb47de;417.77;0.85;UNKNOWN
2016-03-24T02:08:39.000000;2016-03-24T02:08:39.000000;34ee54db-af12-4b14-8154-59982ac80a30;417.77;0.10949354;UNKNOWN
2016-03-24T02:08:43.000000;2016-03-24T02:08:43.000000;bdf649c9-03fd-490e-bf0a-7d01120aa135;417.77;0.02734251;UNKNOWN
2016-03-24T02:08:43.000000;2016-03-24T02:08:43.000000;97031342-6aa1-496e-838b-52d75f4a3f75;417.77;0.03674199;UNKNOWN
2016-03-24T02:08:50.000000;2016-03-24T02:08:50.000000;13b6e132-0b0b-44b2-a0a2-9acf4a6e8ffb;417.77;0.04979799;UNKNOWN
2016-03-24T02:09:05.000000;2016-03-24T02:09:05.000000;cc8ac138-0350-48eb-8fd9-976d7f7653c9;417.78;10.0;UNKNOWN
2016-03-24T02:09:40.000000;2016-03-24T02:09:40.000000;366d61f7-bb64-4906-8692-0d11161839cb;417.77;0.10949354;UNKNOWN
2016-03-24T02:09:44.000000;2016-03-24T02:09:44.000000;7d820a29-3fc2-4dcc-af6f-4e24a9d3651c;417.77;0.04381544;UNKNOWN
2016-03-24T02:10:28.000000;2016-03-24T02:10:28.000000;c027f216-89de-473c-9d3a-7ab61950fa12;417.77;0.05276608;UNKNOWN
2016-03-24T02:10:59.000000;2016-03-24T02:10:59.000000;51993d28-0715-40b6-8a61-e84f9135b3ed;417.77;2.79609129;UNKNOWN
2016-03-24T02:11:05.000000;2016-03-24T02:11:05.000000;b6cb9234-c053-45e4-ab35-c12ba077c75f;417.78;0.08018291;UNKNOWN
2016-03-24T02:11:05.000000;2016-03-24T02:11:05.000000;17052a23-f37c-440f-a2f7-5b17ee8fba16;417.78;0.1;UNKNOWN
2016-03-24T02:11:06.000000;2016-03-24T02:11:06.000000;100b110b-53c3-4eb0-96f4-bfdf67e0d887;417.78;9.58887591;UNKNOWN
2016-03-24T02:11:06.000000;2016-03-24T02:11:06.000000;be3a68cd-a14e-4f50-8e61-a2fecbf132f6;417.78;0.064507;UNKNOWN
2016-03-24T02:11:06.000000;2016-03-24T02:11:06.000000;78749cee-0003-4209-9182-9eee26a0134f;417.78;0.34661709;UNKNOWN
2016-03-24T02:11:24.000000;2016-03-24T02:11:24.000000;48ce5955-a843-4135-a34a-4be2cd3950cd;417.77;0.11992291;UNKNOWN
2016-03-24T02:11:38.000000;2016-03-24T02:11:38.000000;f6275dfb-1e95-48bc-831a-7d60959769e1;417.77;0.46659;UNKNOWN
2016-03-24T02:11:43.000000;2016-03-24T02:11:43.000000;e9e57522-2617-4ea0-a383-4fead35c49d2;417.77;0.0239;UNKNOWN
2016-03-24T02:11:43.000000;2016-03-24T02:11:43.000000;fb2afc92-923a-4782-b203-282181828dbb;417.77;0.33794471;UNKNOWN
2016-03-24T02:11:43.000000;2016-03-24T02:11:43.000000;eb4e273e-793a-4009-a633-ff811b28787d;417.75;0.08019829;UNKNOWN
2016-03-24T02:13:07.000000;2016-03-24T02:13:07.000000;5a11b430-14c6-4085-bf2d-a21d8adbd3ab;417.77;0.021439;UNKNOWN
2016-03-24T02:14:04.000000;2016-03-24T02:14:04.000000;fc147458-e58a-49e1-8161-d20ee2f6bc39;417.77;2.97556201;UNKNOWN
2016-03-24T02:14:05.000000;2016-03-24T02:14:05.000000;97a5c110-4ae6-48ac-9478-3e4dea8edc10;417.77;0.31069456;UNKNOWN
2016-03-24T02:14:06.000000;2016-03-24T02:14:06.000000;1a7f146c-8715-4877-a86d-bd6070f70a23;417.78;0.01813799;UNKNOWN
2016-03-24T02:14:06.000000;2016-03-24T02:14:06.000000;bb584748-99ea-4bf5-96eb-8f56a95b4bcb;417.78;2.35879426;UNKNOWN
2016-03-24T02:14:06.000000;2016-03-24T02:14:06.000000;07c31eb6-6ca8-48b0-97d8-45d3521922cd;417.78;0.4097;UNKNOWN
2016-03-24T02:14:06.000000;2016-03-24T02:14:06.000000;dd507bb9-ccd1-4d35-9a1d-0e781df84a83;417.78;4.64120574;UNKNOWN
2016-03-24T02:15:42.000000;2016-03-24T02:15:42.000000;cb3c719c-3a06-405d-9740-9b57936e261f;417.77;1.35;UNKNOWN
2016-03-24T02:16:38.000000;2016-03-24T02:16:38.000000;1dfa6f08-3597-4397-8cc2-679d75d91724;417.77;0.090989;UNKNOWN
2016-03-24T02:17:11.000000;2016-03-24T02:17:11.000000;fa3edcbc-a73f-4a14-a3b9-9ef7cd05079a;417.78;0.03639068;UNKNOWN
2016-03-24T02:17:11.000000;2016-03-24T02:17:11.000000;16683a30-ee7d-445e-b84c-b0e20d573e55;417.78;0.03639155;UNKNOWN
2016-03-24T02:17:13.000000;2016-03-24T02:17:13.000000;e55c5164-80b2-4897-90a3-c6e3f33d0ecb;417.78;0.03639155;UNKNOWN
2016-03-24T02:17:13.000000;2016-03-24T02:17:13.000000;26d8ec28-4f0d-4e8d-92f8-b3bd2d5786aa;417.78;0.26491391;UNKNOWN
2016-03-24T02:17:13.000000;2016-03-24T02:17:13.000000;da7244ff-72fa-47bc-90d7-9fe2b2fa7d0e;417.78;0.16774806;UNKNOWN
2016-03-24T02:17:15.000000;2016-03-24T02:17:15.000000;f3cd58b9-d770-44a3-ac10-fd171a61f556;417.78;0.45822347;UNKNOWN
2016-03-24T02:17:15.000000;2016-03-24T02:17:15.000000;46de83cf-1df1-43f0-99f5-f2d926ab8329;417.78;0.25408384;UNKNOWN
2016-03-24T02:17:16.000000;2016-03-24T02:17:16.000000;a54e6183-2b6d-42a7-b2b6-5bdf765c2675;417.78;0.25408384;UNKNOWN
2016-03-24T02:17:17.000000;2016-03-24T02:17:17.000000;476866ff-2acf-4d2a-a0cb-5e6a7b2c7a74;417.78;0.08179475;UNKNOWN
2016-03-24T02:17:17.000000;2016-03-24T02:17:17.000000;27cee115-d864-4c4c-979c-f0ecc1b46697;417.78;0.01066888;UNKNOWN
2016-03-24T02:17:18.000000;2016-03-24T02:17:18.000000;4e9b15c8-edeb-45f8-bdc5-a7d7da293725;417.78;0.0964495;UNKNOWN
2016-03-24T02:17:18.000000;2016-03-24T02:17:18.000000;43cbacd1-72f1-4e81-87ae-6271de27d3df;417.78;0.01258037;UNKNOWN
2016-03-24T02:17:19.000000;2016-03-24T02:17:19.000000;6941fda8-ff3f-47b5-bea6-50799ba90808;417.77;0.03254498;UNKNOWN
2016-03-24T02:17:21.000000;2016-03-24T02:17:21.000000;759e511c-d26b-4e92-a572-0f031bf718fb;417.78;0.10103007;UNKNOWN
2016-03-24T02:17:22.000000;2016-03-24T02:17:22.000000;8cab83cf-6a3a-465d-9f0b-afd3f4218f6b;417.78;0.01536008;UNKNOWN
2016-03-24T02:17:22.000000;2016-03-24T02:17:22.000000;0c2b2b0b-f96d-4321-bc7c-ae5e97d1319f;417.78;0.08566998;UNKNOWN
2016-03-24T02:17:52.000000;2016-03-24T02:17:52.000000;72cbdadf-05a4-480a-815d-12fb1865f798;417.78;0.02513;UNKNOWN
2016-03-24T02:18:14.000000;2016-03-24T02:18:14.000000;8571da3b-f4c9-4a0d-b212-ed7c5ca814bc;417.77;0.045343;UNKNOWN
2016-03-24T02:18:29.000000;2016-03-24T02:18:29.000000;71d0682c-5c72-4650-9c55-b60b4c21fad5;417.78;0.49803421;UNKNOWN
2016-03-24T02:18:29.000000;2016-03-24T02:18:29.000000;819a2813-f6d0-4472-be79-fc0f1f8f6234;417.78;0.55579904;UNKNOWN
2016-03-24T02:18:31.000000;2016-03-24T02:18:31.000000;82ace54d-7423-4ec6-9e10-aea0654029d3;417.78;0.05911787;UNKNOWN
2016-03-24T02:18:33.000000;2016-03-24T02:18:33.000000;84588e11-4f40-4297-9b59-11e12ff71a79;417.78;0.05911787;UNKNOWN
2016-03-24T02:18:34.000000;2016-03-24T02:18:34.000000;234d9beb-2dcf-4f4f-9650-b6e2a6f399b6;417.78;0.05911787;UNKNOWN
2016-03-24T02:18:36.000000;2016-03-24T02:18:36.000000;f5910ecd-b6b4-40cf-a4b7-b470c3ccdf16;417.78;0.05911787;UNKNOWN
2016-03-24T02:19:03.000000;2016-03-24T02:19:03.000000;02c8991b-ac95-4e14-b15e-9a6e3bfeaf50;417.77;0.06035155;UNKNOWN
2016-03-24T02:19:03.000000;2016-03-24T02:19:03.000000;2418f7db-f79b-4164-b20e-3f77a31b9538;417.77;0.17342745;UNKNOWN
2016-03-24T02:19:49.000000;2016-03-24T02:19:49.000000;0ade4e6b-30c4-4508-9e95-18a7f9ab3f71;417.77;0.04796916;UNKNOWN
2016-03-24T02:20:12.000000;2016-03-24T02:20:12.000000;298aba47-2f7a-45f6-8738-98febcb9a3ea;417.77;0.11855645;UNKNOWN
2016-03-24T02:20:33.000000;2016-03-24T02:20:33.000000;6c45b27b-976f-4fd5-8d63-f35113a9eab4;417.78;0.01;UNKNOWN
2016-03-24T02:21:04.000000;2016-03-24T02:21:04.000000;f9d3ad17-d9f4-4838-91e1-dbd7b194715e;417.78;0.3933;UNKNOWN
2016-03-24T02:21:15.000000;2016-03-24T02:21:15.000000;0c7efaf8-109c-4f0b-b88b-37707b679ef1;417.78;0.321948;UNKNOWN
2016-03-24T02:21:17.000000;2016-03-24T02:21:17.000000;b11aa1ad-2c04-4fb8-93da-55dcbd6d28ca;417.78;0.2477977;UNKNOWN
2016-03-24T02:21:17.000000;2016-03-24T02:21:17.000000;769efd80-6f36-4db5-a466-5e9df00eae22;417.78;0.1340715;UNKNOWN
2016-03-24T02:21:18.000000;2016-03-24T02:21:18.000000;ac1efece-267b-427c-9c25-f9d86bf9073f;417.78;0.40569541;UNKNOWN
2016-03-24T02:21:19.000000;2016-03-24T02:21:19.000000;2df8ba57-ea6c-421f-8c09-5a823c1e37f4;417.78;0.1885511;UNKNOWN
2016-03-24T02:21:20.000000;2016-03-24T02:21:20.000000;e9bb05f7-d283-4315-949a-9425747f2e5c;417.78;0.46494794;UNKNOWN
2016-03-24T02:21:21.000000;2016-03-24T02:21:21.000000;a7ef5a46-5b65-4590-9d3e-230ab49ad4c7;417.78;0.23698835;UNKNOWN
2016-03-24T02:22:41.000000;2016-03-24T02:22:41.000000;7030cf83-1256-41d0-9444-39a041325923;417.77;0.161079;UNKNOWN
2016-03-24T02:22:43.000000;2016-03-24T02:22:43.000000;80ab3253-09ee-4480-975a-6d7b504a9de5;417.77;0.02503124;UNKNOWN
2016-03-24T02:22:43.000000;2016-03-24T02:22:43.000000;6d8cf80c-3d06-4b12-b218-4ecb289c7237;417.77;0.1360522;UNKNOWN
2016-03-24T02:22:44.000000;2016-03-24T02:22:44.000000;171f0cf3-9c2d-4a0a-ac17-360e5e076652;417.77;0.89557806;UNKNOWN
2016-03-24T02:22:46.000000;2016-03-24T02:22:46.000000;15289135-9e3d-4e3f-981d-7444af641ae4;417.77;0.28939607;UNKNOWN
2016-03-24T02:22:48.000000;2016-03-24T02:22:48.000000;eb362b78-8a41-4a5e-b4db-ce055919f2f1;417.77;0.01606014;UNKNOWN
2016-03-24T02:22:49.000000;2016-03-24T02:22:49.000000;333c9733-2491-4327-92cb-e0b0be02c099;417.77;0.01606014;UNKNOWN
2016-03-24T02:24:05.000000;2016-03-24T02:24:05.000000;93ea38bc-37d0-4e8b-9b53-370d95b44171;417.78;0.0215938;UNKNOWN
2016-03-24T02:25:47.000000;2016-03-24T02:25:47.000000;19f2f721-77f7-47e0-ac9c-c508a4eeb2b2;417.77;0.13937867;UNKNOWN
2016-03-24T02:25:53.000000;2016-03-24T02:25:53.000000;6053a6ab-58f9-4a9f-9d70-8898371769b8;417.77;0.05917669;UNKNOWN
2016-03-24T02:25:55.000000;2016-03-24T02:25:55.000000;09ce6328-286d-437f-944d-095411f27f93;417.77;0.42122968;UNKNOWN
2016-03-24T02:25:55.000000;2016-03-24T02:25:55.000000;56bf43d6-2f1c-4477-8939-6ca33e2c79cb;417.77;0.05917811;UNKNOWN
2016-03-24T02:25:55.000000;2016-03-24T02:25:55.000000;3c18e3e3-2107-46b6-a828-194869cb22de;417.77;0.05917669;UNKNOWN
2016-03-24T02:25:56.000000;2016-03-24T02:25:56.000000;d7ed8838-ae0a-43ea-8841-5ed2073a397f;417.77;0.31454707;UNKNOWN
2016-03-24T02:25:56.000000;2016-03-24T02:25:56.000000;3b70202e-b1dd-4e54-9d19-7b97dbc146a6;417.77;0.05917811;UNKNOWN
2016-03-24T02:25:57.000000;2016-03-24T02:25:57.000000;586c7cb0-a61b-41e4-b4d6-38b84064831c;417.77;0.05917669;UNKNOWN
2016-03-24T02:25:57.000000;2016-03-24T02:25:57.000000;dc4b4cd0-1974-4048-aec1-15d0c5e474e8;417.77;0.34273869;UNKNOWN
2016-03-24T02:25:59.000000;2016-03-24T02:25:59.000000;4616713c-bad8-49d8-87cd-6f082f8dcfbf;417.77;0.4785267;UNKNOWN
2016-03-24T02:26:05.000000;2016-03-24T02:26:05.000000;ebea5332-f3e3-4703-913e-aae58f2b33c0;417.77;0.04424487;UNKNOWN
2016-03-24T02:26:05.000000;2016-03-24T02:26:05.000000;bb309192-99b6-444c-90cf-ee2b972d9c4a;417.77;0.04445085;UNKNOWN
2016-03-24T02:26:18.000000;2016-03-24T02:26:18.000000;4b1b3ff1-f64b-4b1c-ba6c-6243d11fe549;417.77;0.13675654;UNKNOWN
2016-03-24T02:26:18.000000;2016-03-24T02:26:18.000000;8d00c64f-d0fb-4cb6-a7a8-d2b975f5c515;417.77;0.085753;UNKNOWN
2016-03-24T02:26:44.000000;2016-03-24T02:26:44.000000;5ee7ab47-960b-4da9-b873-89c1383296b2;417.77;0.23984582;UNKNOWN
2016-03-24T02:27:05.000000;2016-03-24T02:27:05.000000;441ddb90-2fc6-4062-bea3-ffe513a7ec9d;417.77;0.06100332;UNKNOWN
2016-03-24T02:27:19.000000;2016-03-24T02:27:19.000000;5d5a5263-2bd0-4fca-89b3-60ee0d23319d;417.78;0.04092594;UNKNOWN
2016-03-24T02:27:19.000000;2016-03-24T02:27:19.000000;d0dd0cc9-ec9b-430d-8856-5de678cda2f0;417.78;0.01547551;UNKNOWN
2016-03-24T02:27:20.000000;2016-03-24T02:27:20.000000;06d72b49-3c4e-4cf3-a8d0-c12653d5be04;417.78;0.05645938;UNKNOWN
2016-03-24T02:27:55.000000;2016-03-24T02:27:55.000000;08070749-c871-407c-81e7-c8bbfa35381c;417.77;0.084221;UNKNOWN
2016-03-24T02:28:23.000000;2016-03-24T02:28:23.000000;1115f47d-3f38-45c3-9696-279f15f6e094;417.77;0.38723012;UNKNOWN
2016-03-24T02:28:34.000000;2016-03-24T02:28:34.000000;0c55eb08-70f4-40f8-8689-61e64a2487e3;417.78;0.27167136;UNKNOWN
2016-03-24T02:31:05.000000;2016-03-24T02:31:05.000000;dfc3ea07-6f4e-4e73-ae0b-b58c249a10a8;417.77;0.15805337;UNKNOWN
2016-03-24T02:31:05.000000;2016-03-24T02:31:05.000000;1147bfa1-75bc-426b-a950-d28c9fbd4a64;417.77;0.20134663;UNKNOWN
2016-03-24T02:31:06.000000;2016-03-24T02:31:06.000000;e1bbcc7c-5743-49a2-9e27-ab939f3cf21a;417.78;1.3;UNKNOWN
2016-03-24T02:31:07.000000;2016-03-24T02:31:07.000000;87b7da83-38f8-4e91-bce9-a60cfd5bb5d0;417.77;0.012199;UNKNOWN
2016-03-24T02:31:26.000000;2016-03-24T02:31:26.000000;388ba6d6-31ed-4f8e-8997-82d2769c45e0;417.77;0.0215561;UNKNOWN
2016-03-24T02:31:36.000000;2016-03-24T02:31:36.000000;2747d3a1-9717-4543-a85c-1abeaaed325d;417.78;0.01;UNKNOWN
2016-03-24T02:32:40.000000;2016-03-24T02:32:40.000000;288b9802-2e67-458e-988e-0153bccd3529;417.77;0.011866;UNKNOWN
2016-03-24T02:33:09.000000;2016-03-24T02:33:09.000000;fa7501b3-4e13-4d78-97a4-f5152baddc0c;417.77;0.11752445;UNKNOWN
2016-03-24T02:33:12.000000;2016-03-24T02:33:12.000000;adc97384-4fce-49fc-84ca-37e7c13de698;417.77;0.81824693;UNKNOWN
2016-03-24T02:33:24.000000;2016-03-24T02:33:24.000000;d3328d4d-c19b-4959-a1e6-d2a97f83a2e4;417.77;0.0289;UNKNOWN
2016-03-24T02:33:39.000000;2016-03-24T02:33:39.000000;bcab3bdf-b5c3-425d-92cb-8c59d228e7f2;417.77;0.042914;UNKNOWN
2016-03-24T02:36:08.000000;2016-03-24T02:36:08.000000;a3614e6c-7250-4374-85ff-c5accb46a8a8;417.77;0.15373533;UNKNOWN
2016-03-24T02:36:12.000000;2016-03-24T02:36:12.000000;55e4cb26-b5f1-454b-bd1e-1fab4e1601ce;417.77;0.03381583;UNKNOWN
2016-03-24T02:36:16.000000;2016-03-24T02:36:16.000000;78d3c3e9-c75e-492d-8712-c9168193359c;417.77;0.16853088;UNKNOWN
2016-03-24T02:36:19.000000;2016-03-24T02:36:19.000000;807996d2-2d07-4a53-a6a9-8dd5354a8e28;417.77;0.62594773;UNKNOWN
2016-03-24T02:37:14.000000;2016-03-24T02:37:14.000000;4e9c23db-9287-4c81-a17a-01ebd70e7be5;417.77;0.17424299;UNKNOWN
2016-03-24T02:37:33.000000;2016-03-24T02:37:33.000000;31ff9a33-0a17-4e65-a76c-aa894d9dd6be;417.78;0.0803;UNKNOWN
2016-03-24T02:37:37.000000;2016-03-24T02:37:37.000000;1363fc63-9d15-4569-bff8-55393cee5a62;417.77;0.01167056;UNKNOWN
2016-03-24T02:37:40.000000;2016-03-24T02:37:40.000000;7b33bc49-baaa-41df-ac68-4b90dcfcec86;417.77;0.11674407;UNKNOWN
2016-03-24T02:37:52.000000;2016-03-24T02:37:52.000000;ddda5f88-caf5-404f-b664-37f4fe28efa4;417.77;0.12827;UNKNOWN
2016-03-24T02:38:07.000000;2016-03-24T02:38:07.000000;dc673c5b-b473-4051-8c13-e91dc7e38de1;417.77;0.1388763;UNKNOWN
2016-03-24T02:39:05.000000;2016-03-24T02:39:05.000000;9a7a7424-1ac6-44ad-9d4b-cb50f408c872;417.78;0.02377839;UNKNOWN
2016-03-24T02:39:09.000000;2016-03-24T02:39:09.000000;fe8621c8-2f73-400e-86a2-5d0e05d1defb;417.77;0.08788539;UNKNOWN
2016-03-24T02:39:12.000000;2016-03-24T02:39:12.000000;4753a4df-bca8-4f70-a9c3-a75e68446c94;417.77;0.12356152;UNKNOWN
2016-03-24T02:39:16.000000;2016-03-24T02:39:16.000000;6c991f15-7e32-4759-a22a-40c3409e60e1;417.77;0.67834787;UNKNOWN
2016-03-24T02:39:19.000000;2016-03-24T02:39:19.000000;f5dafdac-a0b7-40d7-b30f-2660681622b4;417.77;0.19269081;UNKNOWN
2016-03-24T02:39:23.000000;2016-03-24T02:39:23.000000;13a64983-5212-4c25-aa1a-e61de1d750c0;417.77;0.13088343;UNKNOWN
2016-03-24T02:39:42.000000;2016-03-24T02:39:42.000000;b69fff0e-7f76-4e20-a9cd-f85fb3d8751e;417.77;0.17679802;UNKNOWN
2016-03-24T02:40:05.000000;2016-03-24T02:40:05.000000;3ab71440-b5f6-41ae-9338-6db2b92989ee;417.77;0.68163884;UNKNOWN
2016-03-24T02:40:17.000000;2016-03-24T02:40:17.000000;bfd8dfb7-24a5-4d1b-a2a0-8c0c0768f9f6;417.77;5.0;UNKNOWN
2016-03-24T02:40:17.000000;2016-03-24T02:40:17.000000;be76b2e9-0f4e-4ce5-a3ed-5db33ce48cc7;417.77;0.12180732;UNKNOWN
2016-03-24T02:40:53.000000;2016-03-24T02:40:53.000000;855d1bcc-c476-4b77-8317-912d42ec09d4;417.75;2.0;UNKNOWN
2016-03-24T02:40:53.000000;2016-03-24T02:40:53.000000;e3cd7646-e552-40fc-a834-2f7c555ebf89;417.55;1.45111329;UNKNOWN
2016-03-24T02:40:53.000000;2016-03-24T02:40:53.000000;35ef1ef7-aeaa-438f-ad28-0d8e052e8495;417.57;5.9549;UNKNOWN
2016-03-24T02:40:53.000000;2016-03-24T02:40:53.000000;f0eabc0a-c996-4c4e-af8f-704fe538d238;417.75;14.91980171;UNKNOWN
2016-03-24T02:40:53.000000;2016-03-24T02:40:53.000000;8ab0209e-207d-486c-8842-bb0be835a87d;417.66;0.5;UNKNOWN
2016-03-24T02:40:53.000000;2016-03-24T02:40:53.000000;37b72419-da8e-40d9-a66c-ff8339f11d94;417.75;4.684185;UNKNOWN
2016-03-24T02:40:53.000000;2016-03-24T02:40:53.000000;ca877da2-d51e-4aa7-a480-d20404292a21;417.74;0.49;UNKNOWN
2016-03-24T02:41:49.000000;2016-03-24T02:41:49.000000;f6083415-2681-428a-92e2-aa0ba464b988;417.58;0.0544;UNKNOWN
2016-03-24T02:43:05.000000;2016-03-24T02:43:05.000000;1bbfffa6-84e1-4cef-8505-da8457603f5d;417.57;0.22;UNKNOWN
2016-03-24T02:43:13.000000;2016-03-24T02:43:13.000000;39883cf6-ae5a-4570-83cc-cb37d59d18c4;417.56;0.1817558;UNKNOWN
2016-03-24T02:43:17.000000;2016-03-24T02:43:17.000000;0d1ce16b-abd1-488b-8da5-44ea015d1d12;417.56;0.14967666;UNKNOWN
2016-03-24T02:43:45.000000;2016-03-24T02:43:45.000000;483d6c07-5b1a-48a4-9d17-da039058d564;417.56;1.0;UNKNOWN
2016-03-24T02:45:23.000000;2016-03-24T02:45:23.000000;7ce28f62-bbe1-4741-8061-1cc4cd5bd4f9;417.56;0.0398138;UNKNOWN
2016-03-24T02:45:26.000000;2016-03-24T02:45:26.000000;508fbdb8-4c36-4696-b887-e12022e2c604;417.56;0.05710963;UNKNOWN
2016-03-24T02:45:30.000000;2016-03-24T02:45:30.000000;8fb5ec51-1229-46e9-b0cb-2b0a0ae99b85;417.56;0.12667007;UNKNOWN
2016-03-24T02:45:34.000000;2016-03-24T02:45:34.000000;e72a931a-efde-427b-9018-51a63a6d3cb0;417.56;0.63413799;UNKNOWN
2016-03-24T02:45:45.000000;2016-03-24T02:45:45.000000;2a6c2109-bdc8-4532-a0e5-cceceb84558d;417.56;1.05;UNKNOWN
2016-03-24T02:46:00.000000;2016-03-24T02:46:00.000000;df934601-4385-4b0e-a1ed-d49e4a3a2752;417.56;0.17232991;UNKNOWN
2016-03-24T02:46:03.000000;2016-03-24T02:46:03.000000;1f69cd75-81eb-4a4f-b354-f0fdfee50f4a;417.56;0.08417245;UNKNOWN
2016-03-24T02:46:07.000000;2016-03-24T02:46:07.000000;f4b6c6d1-82ab-48bb-ac2f-71dc4888d3f6;417.56;0.01642784;UNKNOWN
2016-03-24T02:46:19.000000;2016-03-24T02:46:19.000000;8b4e0d1c-ec3d-47d5-8602-5cd0149a9f2d;417.56;0.01883021;UNKNOWN
2016-03-24T02:46:23.000000;2016-03-24T02:46:23.000000;6ead0ccc-2d5c-43d4-bf83-27246e69f556;417.56;0.06398218;UNKNOWN
2016-03-24T02:46:27.000000;2016-03-24T02:46:27.000000;f093f144-4a15-4ff1-a3f2-dea0c7881f88;417.56;0.16391013;UNKNOWN
2016-03-24T02:46:38.000000;2016-03-24T02:46:38.000000;a42e2b9a-ab53-41e4-9005-7bb5be514e79;417.56;0.06337099;UNKNOWN
2016-03-24T02:46:42.000000;2016-03-24T02:46:42.000000;4efdb7a7-5780-42f6-97a0-8ea50162888f;417.56;0.06804202;UNKNOWN
2016-03-24T02:46:55.000000;2016-03-24T02:46:55.000000;0f149037-3211-456a-98fa-9cb41c308d08;417.56;0.17942094;UNKNOWN
2016-03-24T02:46:58.000000;2016-03-24T02:46:58.000000;77b58613-7b25-4c82-9508-8c7323fa89f4;417.56;0.07203672;UNKNOWN
2016-03-24T02:47:51.000000;2016-03-24T02:47:51.000000;c3090baa-f519-49f1-9446-e144ccc6ce30;417.56;0.01887674;UNKNOWN
2016-03-24T02:47:55.000000;2016-03-24T02:47:55.000000;5f52236a-25e1-4823-b202-ec22b237acf7;417.56;0.04473749;UNKNOWN
2016-03-24T02:48:13.000000;2016-03-24T02:48:13.000000;0ac30cc5-3cd7-4dbf-8484-286617035b17;417.56;0.03381015;UNKNOWN
2016-03-24T02:48:16.000000;2016-03-24T02:48:16.000000;da4a576a-8c06-4202-b423-e6456034ee9d;417.56;0.11897751;UNKNOWN
2016-03-24T02:48:20.000000;2016-03-24T02:48:20.000000;162b5bd2-47a9-4540-9061-7869edd5072e;417.56;0.01070282;UNKNOWN
2016-03-24T02:48:37.000000;2016-03-24T02:48:37.000000;e97aeebe-6180-4437-b0a3-b79f7e782974;417.56;0.2153804;UNKNOWN
2016-03-24T02:48:37.000000;2016-03-24T02:48:37.000000;8bbbeb58-22f4-4d7f-a654-ee86e27449a4;417.55;0.34129808;UNKNOWN
2016-03-24T02:48:38.000000;2016-03-24T02:48:38.000000;81fc9e9c-a335-47f8-8a04-733aa07fa340;417.55;0.55667848;UNKNOWN
2016-03-24T02:49:05.000000;2016-03-24T02:49:05.000000;1bdd1658-9f67-4ed8-a89e-9efa3a339d03;417.57;0.36280521;UNKNOWN
2016-03-24T02:50:09.000000;2016-03-24T02:50:09.000000;c1283f42-686f-497b-bc00-a53bea4592c9;417.55;0.0390366;UNKNOWN
2016-03-24T02:50:26.000000;2016-03-24T02:50:26.000000;c5e93d6c-60c8-48d2-9bfc-5d09b7babeda;417.55;1.0;UNKNOWN
2016-03-24T02:50:58.000000;2016-03-24T02:50:58.000000;d5fe4e06-5ab2-42cc-9843-2c0b34c5cd82;417.55;0.18123673;UNKNOWN
2016-03-24T02:51:01.000000;2016-03-24T02:51:01.000000;228e6281-3f96-43cf-8844-6b4bd22323bc;417.55;0.17317979;UNKNOWN
2016-03-24T02:51:03.000000;2016-03-24T02:51:03.000000;9cf0296e-b165-4d61-86e4-2ac600b7aa3d;416.61;6.0;UNKNOWN
2016-03-24T02:51:03.000000;2016-03-24T02:51:03.000000;98a43ae0-db24-4093-9f7d-a54d80c1624d;417.55;1.25745703;UNKNOWN
2016-03-24T02:51:03.000000;2016-03-24T02:51:03.000000;bcc86614-0a82-4c2f-941a-26289d36ba45;416.52;13.1346;UNKNOWN
2016-03-24T02:51:03.000000;2016-03-24T02:51:03.000000;2a3fe28c-ff8c-4488-a386-1d115d1bbe27;417.53;0.28484763;UNKNOWN
2016-03-24T02:51:03.000000;2016-03-24T02:51:03.000000;dc7abefc-d1c6-43b4-b2c1-c066d3ad5ac1;416.51;4.52;UNKNOWN
2016-03-24T02:51:03.000000;2016-03-24T02:51:03.000000;f0620007-8963-4afe-b126-350e199c91a4;416.5;0.98691736;UNKNOWN
2016-03-24T02:51:03.000000;2016-03-24T02:51:03.000000;1f06be4a-3aa1-401f-b8bd-09da7630a6bd;416.66;0.15;UNKNOWN
2016-03-24T02:51:03.000000;2016-03-24T02:51:03.000000;2dec1fc4-c86f-4e37-8ee7-822abe5bf738;416.9;0.0135;UNKNOWN
2016-03-24T02:51:03.000000;2016-03-24T02:51:03.000000;8ff1dc5e-ebac-43c3-b21f-3ad429e44288;417.5;19.0;UNKNOWN
2016-03-24T02:51:03.000000;2016-03-24T02:51:03.000000;48bf5f03-b11f-42ef-b099-16adb91cae07;416.9;0.02;UNKNOWN
2016-03-24T02:51:03.000000;2016-03-24T02:51:03.000000;8a4a8201-7028-4e6d-b7e2-0c115eea2d58;416.9;0.0296;UNKNOWN
2016-03-24T02:51:03.000000;2016-03-24T02:51:03.000000;945e70cf-c6b7-4cc6-9995-34463a76717f;417.05;20.0;UNKNOWN
2016-03-24T02:51:03.000000;2016-03-24T02:51:03.000000;5dc65615-e9ab-423d-bf5c-72572a23e502;417.04;11.375656;UNKNOWN
2016-03-24T02:51:03.000000;2016-03-24T02:51:03.000000;f9d730e7-6d37-4953-9fad-87be9cb29d83;417.0;0.01;UNKNOWN
2016-03-24T02:51:03.000000;2016-03-24T02:51:03.000000;f85f582b-4255-4f93-b5ee-0c20e4530960;417.0;19.0;UNKNOWN
2016-03-24T02:51:03.000000;2016-03-24T02:51:03.000000;f45a1bc5-666c-48bf-8b3d-7b309b66c1ff;417.36;0.91642198;UNKNOWN
2016-03-24T02:51:03.000000;2016-03-24T02:51:03.000000;f8098289-2a42-49c7-8fa6-6c239d12b8f7;416.94;2.19;UNKNOWN
2016-03-24T02:51:03.000000;2016-03-24T02:51:03.000000;05ef3a46-8727-4fbf-a778-a81d569d5c60;416.87;0.011;UNKNOWN
2016-03-24T02:51:03.000000;2016-03-24T02:51:03.000000;ff1df3cc-7af4-4954-8b66-c4e068bfff56;416.55;1.1;UNKNOWN
2016-03-24T02:51:06.000000;2016-03-24T02:51:06.000000;ce91e531-0927-4a12-ab77-d66a2d8adce1;416.5;0.01151757;UNKNOWN
2016-03-24T02:51:09.000000;2016-03-24T02:51:09.000000;6a042159-bc90-415d-a9f8-98b37b2ea1ab;416.5;17.7;UNKNOWN
2016-03-24T02:51:09.000000;2016-03-24T02:51:09.000000;6b8654a7-c6b0-40bd-8ed7-8fe29a14e2b7;416.3;2.0096;UNKNOWN
2016-03-24T02:51:09.000000;2016-03-24T02:51:09.000000;7a0b1a9d-a817-4406-a24a-0b0195837c02;416.5;0.105;UNKNOWN
2016-03-24T02:51:09.000000;2016-03-24T02:51:09.000000;0cdfefda-0ecc-4157-b447-ccfd7562d282;416.48;0.328776;UNKNOWN
2016-03-24T02:51:09.000000;2016-03-24T02:51:09.000000;f99fc8c4-73b0-46cf-9915-8b93483cf6e3;416.5;27.39656507;UNKNOWN
2016-03-24T02:51:09.000000;2016-03-24T02:51:09.000000;0346cada-de50-4e85-b793-085bfedc124c;416.25;2.0;UNKNOWN
2016-03-24T02:51:09.000000;2016-03-24T02:51:09.000000;777d62c1-dbd6-459b-9f2c-3fd9b1fbbea4;416.35;10.0;UNKNOWN
2016-03-24T02:51:09.000000;2016-03-24T02:51:09.000000;7e1d993f-3bc9-4d79-b46b-e24fe83b08ba;416.5;0.5;UNKNOWN
2016-03-24T02:51:09.000000;2016-03-24T02:51:09.000000;69a2bafb-97ca-42a6-88db-b70561692abe;416.25;10.0;UNKNOWN
2016-03-24T02:51:09.000000;2016-03-24T02:51:09.000000;065e227c-649f-4a01-a29b-477317056b56;416.19;1.69505893;UNKNOWN
2016-03-24T02:51:09.000000;2016-03-24T02:51:09.000000;284af6ce-b9c5-43e0-8dc0-18a5c0072c85;416.19;0.66821982;UNKNOWN
2016-03-24T02:51:09.000000;2016-03-24T02:51:09.000000;321059e5-b9a7-41e5-b0d3-37e2bdc2c75e;416.2;0.5;UNKNOWN
2016-03-24T02:51:11.000000;2016-03-24T02:51:11.000000;f3889983-6b93-4990-9905-ad494ecba85e;416.78;0.02816985;UNKNOWN
2016-03-24T02:51:12.000000;2016-03-24T02:51:12.000000;e4ca8072-ccca-4a58-90ad-722e826284c4;416.76;0.02816985;UNKNOWN
2016-03-24T02:51:13.000000;2016-03-24T02:51:13.000000;0a20672d-8e6f-4d93-a15d-ac327f7914c1;416.74;0.02818878;UNKNOWN
2016-03-24T02:51:13.000000;2016-03-24T02:51:13.000000;a815ecc6-7afa-4ced-84b3-59e9f1e7abee;416.36;0.012882;UNKNOWN
2016-03-24T02:51:14.000000;2016-03-24T02:51:14.000000;cd04a4ed-cdf0-4f95-8003-a73c6fb576b8;416.72;0.02818878;UNKNOWN
2016-03-24T02:51:14.000000;2016-03-24T02:51:14.000000;90cfb6e3-17bf-4d72-abdd-a7ea69bb5258;416.72;0.02819216;UNKNOWN
2016-03-24T02:51:15.000000;2016-03-24T02:51:15.000000;d4237a1c-f139-420d-806c-e0d1adc77cf9;416.71;0.02819216;UNKNOWN
2016-03-24T02:51:46.000000;2016-03-24T02:51:46.000000;03a067a4-3332-4777-80e0-8de0a6332b9d;416.52;0.0907984;UNKNOWN
2016-03-24T02:52:46.000000;2016-03-24T02:52:46.000000;6931d4d8-393e-4c5a-8aec-d818a264dcf0;416.51;0.22;UNKNOWN
2016-03-24T02:53:24.000000;2016-03-24T02:53:24.000000;a925f95e-d224-4615-bd40-d830f706f468;416.5;1.60061471;UNKNOWN
2016-03-24T02:54:28.000000;2016-03-24T02:54:28.000000;380f2a7f-bdb3-4890-9388-c9e326f64b5c;416.5;1.878796;UNKNOWN
2016-03-24T02:54:32.000000;2016-03-24T02:54:32.000000;0009475b-4cec-4fff-a45f-d633b94ea070;416.5;1.175751;UNKNOWN
2016-03-24T02:54:38.000000;2016-03-24T02:54:38.000000;236934db-0306-48ce-aa1c-ed38ac14fb84;416.42;0.0136;UNKNOWN
2016-03-24T02:54:38.000000;2016-03-24T02:54:38.000000;a1de2dd2-065a-4799-ae2c-34c6709b7857;416.37;0.17482605;UNKNOWN
2016-03-24T02:54:38.000000;2016-03-24T02:54:38.000000;fdd71e69-53c8-4de1-9bfc-48bb809bf23a;416.42;0.0287;UNKNOWN
2016-03-24T02:54:38.000000;2016-03-24T02:54:38.000000;f90eb359-20ef-4386-8672-fdd6e8fa02eb;416.5;0.34483829;UNKNOWN
2016-03-24T02:54:38.000000;2016-03-24T02:54:38.000000;12554d5c-7b0a-4c76-9253-625f1b86505b;416.16;1.64059366;UNKNOWN
2016-03-24T02:54:38.000000;2016-03-24T02:54:38.000000;a18331b3-2fa2-4d36-bb18-6ada99ba2678;416.42;0.0197;UNKNOWN
2016-03-24T02:54:45.000000;2016-03-24T02:54:45.000000;561a729b-e3a6-4586-a00c-29a20267cec6;416.1;0.5;UNKNOWN
2016-03-24T02:54:45.000000;2016-03-24T02:54:45.000000;8c95415e-77cb-4416-a0bf-e4616003cda8;416.05;0.2456327;UNKNOWN
2016-03-24T02:54:45.000000;2016-03-24T02:54:45.000000;77ca5806-a60d-4e8f-9a7b-343ba5ebd9f4;416.0;2.99071733;UNKNOWN
2016-03-24T02:54:45.000000;2016-03-24T02:54:45.000000;4115e1ce-a93c-4ab7-a2eb-ee0e00d78893;416.05;10.0;UNKNOWN
2016-03-24T02:54:45.000000;2016-03-24T02:54:45.000000;0ff5857c-e9ed-4dff-92b6-ac457059ef3f;416.01;17.2069;UNKNOWN
2016-03-24T02:54:45.000000;2016-03-24T02:54:45.000000;f9b874c0-e247-40a1-a17e-656e94bb30bd;416.15;10.0;UNKNOWN
2016-03-24T02:54:45.000000;2016-03-24T02:54:45.000000;c40e387d-5e94-45b3-b370-86e257334517;416.0;2.0;UNKNOWN
2016-03-24T02:55:01.000000;2016-03-24T02:55:01.000000;88429189-6794-437c-a744-00f2e7174cc7;416.16;0.213295;UNKNOWN
2016-03-24T02:56:01.000000;2016-03-24T02:56:01.000000;89e515e5-5b81-418a-925c-d52e70f671cf;416.16;0.23;UNKNOWN
2016-03-24T02:56:01.000000;2016-03-24T02:56:01.000000;9b174566-1f8a-4919-a462-bb9ce8dec92e;416.16;4.77;UNKNOWN
2016-03-24T02:56:09.000000;2016-03-24T02:56:09.000000;72454792-94d8-4600-8dac-62e575da1fa9;416.18;0.03003;UNKNOWN
2016-03-24T02:56:10.000000;2016-03-24T02:56:10.000000;c6cff1c4-b77a-46a2-af9b-e03084522170;416.43;0.12;UNKNOWN
2016-03-24T02:56:10.000000;2016-03-24T02:56:10.000000;750ca75f-bc5b-40d8-aab6-35b3efadd523;416.48;1.99043305;UNKNOWN
2016-03-24T02:56:10.000000;2016-03-24T02:56:10.000000;bda9a314-adb0-46c3-81ee-76447462c03e;416.18;0.20897;UNKNOWN
2016-03-24T02:56:10.000000;2016-03-24T02:56:10.000000;813f9558-ac3b-45c7-9f97-6593f89750f9;416.32;0.089767;UNKNOWN
2016-03-24T02:58:01.000000;2016-03-24T02:58:01.000000;b70e17ff-d7b2-4137-a52e-4e4d45388231;416.22;2.654744;UNKNOWN
2016-03-24T02:58:01.000000;2016-03-24T02:58:01.000000;2c684157-364b-4c3d-a414-3d0479837641;416.33;0.0195;UNKNOWN
2016-03-24T02:58:01.000000;2016-03-24T02:58:01.000000;b5570aa1-2c2b-48d1-b553-7410d9f18154;416.33;0.0281;UNKNOWN
2016-03-24T02:58:01.000000;2016-03-24T02:58:01.000000;9fb33abc-6b8a-4fe5-b09f-2ae53f20a816;416.33;0.0136;UNKNOWN
2016-03-24T02:58:03.000000;2016-03-24T02:58:03.000000;a26e687a-969c-46a0-a788-fd2a0a0a2717;416.34;0.0139549;UNKNOWN
2016-03-24T02:58:08.000000;2016-03-24T02:58:08.000000;12c2cabc-d44d-4cd8-b0dc-d42de654eec1;416.23;0.171892;UNKNOWN
2016-03-24T02:58:27.000000;2016-03-24T02:58:27.000000;059e44b3-e801-4fcd-a2c5-f77d2991d372;416.25;0.08548639;UNKNOWN
2016-03-24T02:58:31.000000;2016-03-24T02:58:31.000000;51481f9f-bff9-4ef0-a433-7e817ab0fddb;416.25;0.02108912;UNKNOWN
2016-03-24T02:58:34.000000;2016-03-24T02:58:34.000000;be9e7ef8-3b9e-4ac8-8095-b6d09366802f;416.25;0.16064084;UNKNOWN
2016-03-24T02:58:38.000000;2016-03-24T02:58:38.000000;264e83dc-e6bd-4e9c-9696-f37dd4f6bcca;416.25;0.68596139;UNKNOWN
2016-03-24T02:58:44.000000;2016-03-24T02:58:44.000000;7ed62b67-40e7-48e6-b2df-d63500d1e5c1;416.25;0.08972999;UNKNOWN
2016-03-24T02:58:47.000000;2016-03-24T02:58:47.000000;58f26967-8a59-4ef3-811f-d4e5ccbe62a5;416.25;0.04737318;UNKNOWN
2016-03-24T02:59:34.000000;2016-03-24T02:59:34.000000;75e1b1b1-974d-475a-981e-ddd58d808cfa;416.28;5.9788;UNKNOWN
2016-03-24T02:59:34.000000;2016-03-24T02:59:34.000000;2edc85fb-b7e8-4552-92f6-c4a12da75cf6;416.28;32.3994;UNKNOWN
2016-03-24T02:59:40.000000;2016-03-24T02:59:40.000000;d0d89055-cceb-4d33-aef2-942028ee934a;416.22;0.11221;UNKNOWN
2016-03-24T02:59:40.000000;2016-03-24T02:59:40.000000;7f2b4552-19a9-453f-8d2a-46a87fd612f5;416.15;0.06288387;UNKNOWN
2016-03-24T02:59:41.000000;2016-03-24T02:59:41.000000;6a24a508-66bf-40d8-8167-8d6a515b2bd1;416.27;0.7012;UNKNOWN
2016-03-24T02:59:41.000000;2016-03-24T02:59:41.000000;a36b988c-9a00-44e9-9750-7e8a17625b2a;416.26;0.5;UNKNOWN
2016-03-24T02:59:50.000000;2016-03-24T02:59:50.000000;6b20676a-87aa-41a9-921a-5d48d7b45277;416.27;0.12;UNKNOWN
2016-03-24T03:00:02.000000;2016-03-24T03:00:02.000000;fa5ea971-9b37-4e80-a063-b3450aa9537d;416.27;1.02089985;UNKNOWN
2016-03-24T03:00:35.000000;2016-03-24T03:00:35.000000;08cb181d-80ca-456e-8727-44b07556eb0f;416.27;0.15065546;UNKNOWN
2016-03-24T03:00:38.000000;2016-03-24T03:00:38.000000;0e3d554a-9697-4c89-bc79-5be591525fd7;416.27;0.18616818;UNKNOWN
2016-03-24T03:00:42.000000;2016-03-24T03:00:42.000000;49b145a0-4740-4732-8728-919c06180021;416.27;0.63704392;UNKNOWN
2016-03-24T03:01:17.000000;2016-03-24T03:01:17.000000;cf45d290-4de7-4561-bd09-4f4f71d7a7c1;416.27;0.50583259;UNKNOWN
2016-03-24T03:01:17.000000;2016-03-24T03:01:17.000000;dbeb634d-1550-4f81-818c-b83b74fed8b3;416.15;0.33520541;UNKNOWN
2016-03-24T03:01:25.000000;2016-03-24T03:01:25.000000;7d5bb8d3-5d68-4faf-a54f-055c0a845233;416.15;0.045416;UNKNOWN
2016-03-24T03:01:45.000000;2016-03-24T03:01:45.000000;c997150b-f7f1-4368-b344-420cf96e46cf;416.15;0.07935645;UNKNOWN
2016-03-24T03:01:48.000000;2016-03-24T03:01:48.000000;f72c021a-3dd5-4adb-8d1a-42f7e9852c05;416.15;0.03689774;UNKNOWN
2016-03-24T03:01:52.000000;2016-03-24T03:01:52.000000;ebbf4b86-cf40-4906-aa4b-bdd005428f9c;416.15;0.12939085;UNKNOWN
2016-03-24T03:01:54.000000;2016-03-24T03:01:54.000000;c6c0e04e-32fb-4a44-b68c-f4f4f680176d;416.15;0.836279;UNKNOWN
2016-03-24T03:01:57.000000;2016-03-24T03:01:57.000000;830033ac-3c61-462b-988b-f1e127ed339f;416.15;0.01661573;UNKNOWN
2016-03-24T03:02:00.000000;2016-03-24T03:02:00.000000;b367c70c-53e1-45d8-b06e-ed3d9e214929;416.15;0.03495309;UNKNOWN
2016-03-24T03:02:05.000000;2016-03-24T03:02:05.000000;fde5940d-bfd1-47a1-b3c4-777998c8bb16;416.15;0.13653566;UNKNOWN
2016-03-24T03:02:09.000000;2016-03-24T03:02:09.000000;fbff36b0-8932-4411-b2c8-0ae800514691;416.15;0.11663747;UNKNOWN
2016-03-24T03:02:14.000000;2016-03-24T03:02:14.000000;3226412e-e00c-41cc-ad42-ca0c97f78808;416.15;0.14696848;UNKNOWN
2016-03-24T03:02:18.000000;2016-03-24T03:02:18.000000;14af4eb5-2568-4a7a-a8ec-e2c955477072;416.15;0.08654036;UNKNOWN
2016-03-24T03:02:22.000000;2016-03-24T03:02:22.000000;f0d03e69-fe36-428c-8f5c-7016102885d6;416.15;0.050702;UNKNOWN
2016-03-24T03:02:23.000000;2016-03-24T03:02:23.000000;e838676c-9ce3-491a-880b-6db0bca5ab36;416.15;0.07020238;UNKNOWN
2016-03-24T03:02:31.000000;2016-03-24T03:02:31.000000;4a1e8bda-f3d9-4035-81b3-255fbd76b8a1;416.15;0.0466601;UNKNOWN
2016-03-24T03:02:35.000000;2016-03-24T03:02:35.000000;22e280a9-b489-4fda-b859-9e8a10be1720;416.15;0.0390358;UNKNOWN
2016-03-24T03:03:03.000000;2016-03-24T03:03:03.000000;8f3f851c-27b4-42c7-bc58-134ef481f527;416.16;0.15453724;UNKNOWN
2016-03-24T03:03:07.000000;2016-03-24T03:03:07.000000;cc7f0ce6-75d7-4e11-bd79-b30f8529b201;416.16;0.09546276;UNKNOWN
2016-03-24T03:03:07.000000;2016-03-24T03:03:07.000000;da2e5516-b67d-47ff-b8b1-83cf28f5a702;416.15;0.54492094;UNKNOWN
2016-03-24T03:03:36.000000;2016-03-24T03:03:36.000000;7b28184e-17ff-488b-9912-8b0b3e46e4fa;416.28;0.08365;UNKNOWN
2016-03-24T03:03:36.000000;2016-03-24T03:03:36.000000;40cd0c71-3567-4b7c-b830-3e04ceb7f49c;416.27;0.239;UNKNOWN
2016-03-24T03:03:36.000000;2016-03-24T03:03:36.000000;e1e5d8cf-cb1c-47c9-b599-805f0ec12501;416.28;0.80575595;UNKNOWN
2016-03-24T03:04:02.000000;2016-03-24T03:04:02.000000;5d020ff2-d0cc-4488-a55b-7e4a65b18560;416.24;0.02727994;UNKNOWN
2016-03-24T03:04:28.000000;2016-03-24T03:04:28.000000;5182136c-fe2e-4994-be83-3fb9446db5a9;416.24;0.02015623;UNKNOWN
2016-03-24T03:04:32.000000;2016-03-24T03:04:32.000000;8f50b200-d61a-4ebf-b649-4c2b3db555ea;416.24;0.16972204;UNKNOWN
2016-03-24T03:04:35.000000;2016-03-24T03:04:35.000000;bc895ffd-0b69-4317-888c-4d58b5251e79;416.24;0.03805035;UNKNOWN
2016-03-24T03:04:39.000000;2016-03-24T03:04:39.000000;39a03771-6163-48a7-a1fb-51a2d511f128;416.24;0.13185205;UNKNOWN
2016-03-24T03:04:43.000000;2016-03-24T03:04:43.000000;7cc407b9-54c4-446e-96ea-3e3af4b1bb82;416.24;0.68003719;UNKNOWN
2016-03-24T03:05:03.000000;2016-03-24T03:05:03.000000;61f0761a-6ad7-4c21-a10b-1c8e7fc51c50;416.24;0.0614291;UNKNOWN
2016-03-24T03:05:06.000000;2016-03-24T03:05:06.000000;7d8eadf7-c08f-473b-8c2e-dd800abc5134;416.24;0.03980293;UNKNOWN
2016-03-24T03:05:14.000000;2016-03-24T03:05:14.000000;36f01f6f-8e82-4bb5-b392-f4b15bfe0d2b;416.24;0.65227646;UNKNOWN
2016-03-24T03:05:18.000000;2016-03-24T03:05:18.000000;b2faf334-8d6b-4741-813a-3c05a478e46d;416.24;0.20588689;UNKNOWN
2016-03-24T03:05:23.000000;2016-03-24T03:05:23.000000;bb8d7e11-024c-43c9-bf31-f29e7102374f;416.24;0.18840648;UNKNOWN
2016-03-24T03:05:26.000000;2016-03-24T03:05:26.000000;d010662a-3ff7-4909-8aef-cf3ea236ddd0;416.24;0.01142178;UNKNOWN
2016-03-24T03:05:30.000000;2016-03-24T03:05:30.000000;fe2243de-1716-4da2-b373-be45c61f9c21;416.24;0.14463418;UNKNOWN
2016-03-24T03:05:34.000000;2016-03-24T03:05:34.000000;fea33025-66b7-4b52-8927-295e2fae80f9;416.24;0.20090827;UNKNOWN
2016-03-24T03:05:53.000000;2016-03-24T03:05:53.000000;4afee1f8-1c2a-4035-ab78-0f225e5cb80d;416.24;0.6521038;UNKNOWN
2016-03-24T03:05:56.000000;2016-03-24T03:05:56.000000;58e929ba-a2a4-4a15-a35c-806d08637f64;416.24;0.13325967;UNKNOWN
2016-03-24T03:05:59.000000;2016-03-24T03:05:59.000000;e2958e76-0e75-4746-bac2-dfa039c42d0b;416.24;0.0256746;UNKNOWN
2016-03-24T03:06:03.000000;2016-03-24T03:06:03.000000;797a951e-cd2b-4790-a08a-5f3e509e1a01;416.24;0.05686269;UNKNOWN
2016-03-24T03:06:07.000000;2016-03-24T03:06:07.000000;8b6350bb-b78a-4ce3-ba6f-8efa9a914040;416.24;0.20974336;UNKNOWN
2016-03-24T03:06:59.000000;2016-03-24T03:06:59.000000;cc11f76c-9901-46ab-8a51-76cef8ffd3d5;416.37;0.04555235;UNKNOWN
2016-03-24T03:07:04.000000;2016-03-24T03:07:04.000000;d6f6cc8c-3f74-47b6-91a3-77ca385ebe74;416.51;0.1617511;UNKNOWN
2016-03-24T03:07:08.000000;2016-03-24T03:07:08.000000;81812e7e-930a-41d0-b6af-33db7f8cacdf;416.51;0.62901914;UNKNOWN
2016-03-24T03:07:12.000000;2016-03-24T03:07:12.000000;9e0866be-196f-4a2d-96e7-face2b30b582;416.51;0.17032428;UNKNOWN
2016-03-24T03:07:24.000000;2016-03-24T03:07:24.000000;67b66e76-1adc-4ce4-b938-4d0ff2ff8a86;416.51;0.01362605;UNKNOWN
2016-03-24T03:07:28.000000;2016-03-24T03:07:28.000000;a09540f3-8cfb-4b41-a2f7-56ace7da9671;416.51;0.07088044;UNKNOWN
2016-03-24T03:07:32.000000;2016-03-24T03:07:32.000000;bcc8fb94-f60b-4c64-a2f8-2c7a7ea3e772;416.64;0.12176284;UNKNOWN
2016-03-24T03:07:36.000000;2016-03-24T03:07:36.000000;c588d535-d059-495d-aa38-4ececb825c70;416.64;0.67345939;UNKNOWN
2016-03-24T03:07:47.000000;2016-03-24T03:07:47.000000;12a19573-673c-4ba1-be7d-de1120c44435;416.64;0.15961298;UNKNOWN
2016-03-24T03:07:52.000000;2016-03-24T03:07:52.000000;a81ff431-d4c5-4569-be46-0ee87980b920;416.65;0.07850479;UNKNOWN
2016-03-24T03:07:56.000000;2016-03-24T03:07:56.000000;5b61608c-7e29-4efe-88f8-759dbc9155db;416.53;0.07546457;UNKNOWN
2016-03-24T03:08:34.000000;2016-03-24T03:08:34.000000;b9db21bd-ee62-4694-8bf4-68d9bbf4e31f;416.53;0.03013;UNKNOWN
2016-03-24T03:09:04.000000;2016-03-24T03:09:04.000000;53cac13e-e021-4255-b258-6efa71a621c5;416.53;0.119479;UNKNOWN
2016-03-24T03:09:05.000000;2016-03-24T03:09:05.000000;862c697a-9e08-4b34-9ca1-189ebbb51557;416.53;0.5;UNKNOWN
2016-03-24T03:09:06.000000;2016-03-24T03:09:06.000000;775f2d65-2bd7-46b6-a461-6184bd30df9e;416.62;2.16226807;UNKNOWN
2016-03-24T03:09:49.000000;2016-03-24T03:09:49.000000;5e8cd526-c7cd-490e-908b-c1abbb89901d;416.53;0.0823066;UNKNOWN
2016-03-24T03:09:53.000000;2016-03-24T03:09:53.000000;687e0475-d45b-46f0-a340-b48f9f2623ee;416.36;0.20478277;UNKNOWN
2016-03-24T03:09:57.000000;2016-03-24T03:09:57.000000;4ed43950-287b-4d3a-b33b-d365d5df3736;416.36;0.07559336;UNKNOWN
2016-03-24T03:10:00.000000;2016-03-24T03:10:00.000000;df0ba5ec-602e-4e8f-a60e-b74dc41f24ca;416.25;0.16434826;UNKNOWN
2016-03-24T03:10:04.000000;2016-03-24T03:10:04.000000;f02ed03b-02bf-413c-ad49-bce4be023dbd;416.25;0.68140079;UNKNOWN
2016-03-24T03:10:27.000000;2016-03-24T03:10:27.000000;03bc580c-0eb5-4142-81ac-b3635ad29910;416.37;0.080689;UNKNOWN
2016-03-24T03:10:38.000000;2016-03-24T03:10:38.000000;96e79867-77c0-4dda-aead-4a5d222cf6ed;416.37;0.216924;UNKNOWN
2016-03-24T03:11:52.000000;2016-03-24T03:11:52.000000;f992adb6-799c-4d9a-97a7-90cbb8de3b09;416.26;0.08276716;UNKNOWN
2016-03-24T03:11:57.000000;2016-03-24T03:11:57.000000;3840c1dc-3442-4094-8203-38634bc8ce72;416.38;0.1789624;UNKNOWN
2016-03-24T03:12:06.000000;2016-03-24T03:12:06.000000;18e11346-deee-4cc9-ab78-41ab63542df6;416.39;0.1327242;UNKNOWN
2016-03-24T03:12:10.000000;2016-03-24T03:12:10.000000;9d333eb3-2dcd-40dc-9f84-404a9d7555ea;416.39;0.63430732;UNKNOWN
2016-03-24T03:12:17.000000;2016-03-24T03:12:17.000000;40d023b5-fb86-4aa9-828b-ae828e045ca4;416.39;0.15942265;UNKNOWN
2016-03-24T03:12:29.000000;2016-03-24T03:12:29.000000;11d8b974-ea4b-4415-b775-fc71549dd19e;416.39;0.07805221;UNKNOWN
2016-03-24T03:12:33.000000;2016-03-24T03:12:33.000000;a598a9a4-73ad-491b-9759-ea020b131d43;416.39;0.14231662;UNKNOWN
2016-03-24T03:12:36.000000;2016-03-24T03:12:36.000000;4b26d72d-c990-466a-8997-5dba3df8945f;416.39;0.05661344;UNKNOWN
2016-03-24T03:12:40.000000;2016-03-24T03:12:40.000000;86a7cf35-eb04-4d80-972b-221b49a577da;416.38;0.15687933;UNKNOWN
2016-03-24T03:12:44.000000;2016-03-24T03:12:44.000000;9fe780a2-7460-4a67-9fa3-a275687894fc;416.38;0.63361744;UNKNOWN
2016-03-24T03:12:51.000000;2016-03-24T03:12:51.000000;83217559-f686-4566-b0b9-a0a056834e76;416.38;0.02022219;UNKNOWN
2016-03-24T03:13:07.000000;2016-03-24T03:13:07.000000;98a7ecf9-cb51-4130-94fd-c1e60f71da84;416.26;0.02561577;UNKNOWN
2016-03-24T03:13:11.000000;2016-03-24T03:13:11.000000;2fbd8663-6efa-4a46-9e26-3356589959c1;416.26;0.06638826;UNKNOWN
2016-03-24T03:13:14.000000;2016-03-24T03:13:14.000000;3e719a3e-fd47-47c9-bac5-fe81932f8ae3;416.3;0.17133978;UNKNOWN
2016-03-24T03:13:18.000000;2016-03-24T03:13:18.000000;7df85dde-6705-4bde-8f98-2a3f8d7b59ab;416.31;0.66011968;UNKNOWN
2016-03-24T03:13:22.000000;2016-03-24T03:13:22.000000;9bdb520f-4226-4362-a203-ad3129431f3b;416.31;0.15226831;UNKNOWN
2016-03-24T03:13:26.000000;2016-03-24T03:13:26.000000;d400b1ff-35be-411c-86f1-6a2ea6ed890e;416.31;0.11777019;UNKNOWN
2016-03-24T03:13:30.000000;2016-03-24T03:13:30.000000;90e58105-1f9e-4d5a-bbc0-c18e070661b9;416.31;0.06371064;UNKNOWN
2016-03-24T03:13:33.000000;2016-03-24T03:13:33.000000;f07b817d-05a5-4e08-8e06-5f07c199daa1;416.31;0.0132707;UNKNOWN
2016-03-24T03:13:37.000000;2016-03-24T03:13:37.000000;fe4aa4c3-b647-4a01-8b9a-fbec2bb8435b;416.31;0.13520943;UNKNOWN
2016-03-24T03:13:41.000000;2016-03-24T03:13:41.000000;2ac56c69-bb30-4eb8-af71-d3722f93099a;416.31;0.63647526;UNKNOWN
2016-03-24T03:13:41.000000;2016-03-24T03:13:41.000000;9b209edf-fcc4-44f0-9079-3ee5f2f9dcca;416.24;9.24039199;UNKNOWN
2016-03-24T03:13:41.000000;2016-03-24T03:13:41.000000;275f998f-821f-4e4d-8963-649e658cfb62;416.31;4.83329547;UNKNOWN
2016-03-24T03:13:41.000000;2016-03-24T03:13:41.000000;af7c56b3-2d7f-4f71-ac91-093772d5e896;416.31;20.0094;UNKNOWN
2016-03-24T03:13:41.000000;2016-03-24T03:13:41.000000;3db56934-d2ac-48b1-a852-ba0209a77bf7;415.96;12.6927;UNKNOWN
2016-03-24T03:13:41.000000;2016-03-24T03:13:41.000000;a48bded2-91f4-4982-8c79-5ab5f328dd38;416.3;9.82866022;UNKNOWN
2016-03-24T03:13:41.000000;2016-03-24T03:13:41.000000;3b2bf60c-0073-4f5d-b712-ba48a1d8a423;415.8;12.9364;UNKNOWN
2016-03-24T03:13:41.000000;2016-03-24T03:13:41.000000;e28e3ac6-a741-4387-9fb9-859d7fadbac6;416.0;0.05;UNKNOWN
2016-03-24T03:13:41.000000;2016-03-24T03:13:41.000000;3605fc07-9120-4a8c-bd2b-37aa50e6182e;416.1;13.0179;UNKNOWN
2016-03-24T03:13:41.000000;2016-03-24T03:13:41.000000;224102bf-bc0d-4814-8e54-386e023b2c31;415.7;4.08115745;UNKNOWN
2016-03-24T03:13:41.000000;2016-03-24T03:13:41.000000;b8a849a6-544b-43b8-b41f-a0521db64116;415.71;13.68;UNKNOWN
2016-03-24T03:13:41.000000;2016-03-24T03:13:41.000000;bc348155-c9e2-4710-8ae0-85f5050d881a;415.83;11.81444914;UNKNOWN
2016-03-24T03:13:41.000000;2016-03-24T03:13:41.000000;7fef6068-5143-488e-8570-10dc77729dee;416.05;0.0281;UNKNOWN
2016-03-24T03:13:41.000000;2016-03-24T03:13:41.000000;991adac0-62e3-4df3-8b46-640231659208;416.0;1.9138;UNKNOWN
2016-03-24T03:13:41.000000;2016-03-24T03:13:41.000000;3e6004d3-7345-4977-9057-71c51aa92e9c;415.9;19.99;UNKNOWN
2016-03-24T03:13:41.000000;2016-03-24T03:13:41.000000;458f4a2e-ff68-4356-9c50-63f50960c893;416.05;0.0196;UNKNOWN
2016-03-24T03:13:41.000000;2016-03-24T03:13:41.000000;f8d59336-94aa-4788-8f14-d411ad37ae9a;416.0;8.71950101;UNKNOWN
2016-03-24T03:13:41.000000;2016-03-24T03:13:41.000000;a814ec2f-3e93-4488-8610-50d3374d3797;416.05;0.0136;UNKNOWN
2016-03-24T03:13:41.000000;2016-03-24T03:13:41.000000;cf74c417-681c-4c56-80db-c63f78930f85;416.15;2.18479867;UNKNOWN
2016-03-24T03:13:53.000000;2016-03-24T03:13:53.000000;148e71d6-5ae3-4bd4-8c7c-541f231d676b;415.72;0.5;UNKNOWN
2016-03-24T03:13:58.000000;2016-03-24T03:13:58.000000;77e4e2d1-7e45-43c7-abf4-fe043ab6f2c9;415.74;0.073309;UNKNOWN
2016-03-24T03:14:02.000000;2016-03-24T03:14:02.000000;5541ca4a-c3c7-4592-a0ed-97fa4e78fb19;415.81;0.062231;UNKNOWN
2016-03-24T03:14:27.000000;2016-03-24T03:14:27.000000;5f208c67-c2ba-4ea3-91d2-f959f5ded980;415.81;0.06064152;UNKNOWN
2016-03-24T03:14:30.000000;2016-03-24T03:14:30.000000;9bb72374-2ee6-475b-91cd-6b2e8cb930fc;415.83;0.01487277;UNKNOWN
2016-03-24T03:14:33.000000;2016-03-24T03:14:33.000000;8b9bc98a-90ef-41a0-b029-d05c5e587de7;415.96;0.16769961;UNKNOWN
2016-03-24T03:14:37.000000;2016-03-24T03:14:37.000000;dd6640cf-5d69-4d4b-a177-f944186ffd7c;415.98;0.65813222;UNKNOWN
2016-03-24T03:14:41.000000;2016-03-24T03:14:41.000000;7d16e9d2-0163-441a-9f4a-d7051d806985;415.98;0.20893189;UNKNOWN
2016-03-24T03:15:22.000000;2016-03-24T03:15:22.000000;55b7f1b4-4cd7-476e-9fad-f033b21762a2;416.28;0.018032;UNKNOWN
2016-03-24T03:15:25.000000;2016-03-24T03:15:25.000000;c3b2c8fe-4283-47df-8048-5e070b13970a;416.3;0.012067;UNKNOWN
2016-03-24T03:15:58.000000;2016-03-24T03:15:58.000000;1e55989f-8dd4-49eb-927f-7852cd59b41f;416.37;0.11154196;UNKNOWN
2016-03-24T03:16:02.000000;2016-03-24T03:16:02.000000;9e0e1b2e-6dc7-462a-a303-4bfa78be7a2b;416.37;0.03545485;UNKNOWN
2016-03-24T03:16:05.000000;2016-03-24T03:16:05.000000;3994c16f-c8ea-417b-b615-95bce6458be8;416.38;0.05570037;UNKNOWN
2016-03-24T03:16:09.000000;2016-03-24T03:16:09.000000;01cdf3b7-a298-4310-b356-58ae1a64cfdb;416.39;0.15539889;UNKNOWN
2016-03-24T03:16:12.000000;2016-03-24T03:16:12.000000;880e5ca7-2aa5-46d3-8b40-cc82955e01f0;416.42;0.14583138;UNKNOWN
2016-03-24T03:16:12.000000;2016-03-24T03:16:12.000000;2be4cac1-8388-4ce5-958d-c329f9333f47;416.42;0.5;UNKNOWN
2016-03-24T03:16:14.000000;2016-03-24T03:16:14.000000;91447778-2d16-4af9-9aab-70e89abe6248;416.57;0.01;UNKNOWN
2016-03-24T03:16:20.000000;2016-03-24T03:16:20.000000;b0eac0e3-48fe-41d0-9257-e6b4fe8fc6cd;416.45;0.16232182;UNKNOWN
2016-03-24T03:16:23.000000;2016-03-24T03:16:23.000000;f50c8d61-39b7-41c8-9cbe-416c76d90cb7;416.35;0.03242032;UNKNOWN
2016-03-24T03:16:25.000000;2016-03-24T03:16:25.000000;e0059f2d-179b-40a2-9f3b-84c31f5a3b1e;416.35;0.032146;UNKNOWN
2016-03-24T03:16:27.000000;2016-03-24T03:16:27.000000;ac78311a-7e9e-4332-898c-1ae290760a36;416.35;0.13873238;UNKNOWN
2016-03-24T03:16:35.000000;2016-03-24T03:16:35.000000;7c5d7277-d85f-4ab2-b386-8714b408fedd;416.36;0.03569787;UNKNOWN
2016-03-24T03:16:38.000000;2016-03-24T03:16:38.000000;738bd154-eb86-4059-ac8d-60bd35b20db5;416.36;1.79414491;UNKNOWN
2016-03-24T03:16:54.000000;2016-03-24T03:16:54.000000;20030d1f-88ba-4a16-883d-80c7c6422555;416.39;0.68467962;UNKNOWN
2016-03-24T03:16:58.000000;2016-03-24T03:16:58.000000;403b5228-9963-498c-a2b1-64c563956742;416.39;0.01876835;UNKNOWN
2016-03-24T03:17:01.000000;2016-03-24T03:17:01.000000;78363437-04cd-4a59-9440-a7c42e4d6629;416.41;0.06845733;UNKNOWN
2016-03-24T03:17:04.000000;2016-03-24T03:17:04.000000;90f2f603-d624-47b5-911e-8923dda58f42;416.52;0.13581611;UNKNOWN
2016-03-24T03:17:07.000000;2016-03-24T03:17:07.000000;17a445d8-da33-4916-973a-8ce5008da4f1;416.52;0.18287425;UNKNOWN
2016-03-24T03:17:42.000000;2016-03-24T03:17:42.000000;0e7c03a3-bb30-44dd-b188-f9c17d6dcba6;416.51;0.07842431;UNKNOWN
2016-03-24T03:17:46.000000;2016-03-24T03:17:46.000000;b6a49032-046c-4596-8bfa-71047b764419;416.51;0.19604349;UNKNOWN
2016-03-24T03:17:50.000000;2016-03-24T03:17:50.000000;0256ccca-ac9b-45b2-8232-abe4323c1680;416.51;0.04134241;UNKNOWN
2016-03-24T03:17:54.000000;2016-03-24T03:17:54.000000;30e8831c-ae7a-4791-916b-8bacb3872608;416.51;0.15900942;UNKNOWN
2016-03-24T03:17:57.000000;2016-03-24T03:17:57.000000;61c42686-3fd2-4935-9a8a-7371ed5c7c8f;416.51;0.63738749;UNKNOWN
2016-03-24T03:18:20.000000;2016-03-24T03:18:20.000000;9a2c72e9-f6a0-4949-9eb5-a4d668bda434;416.51;0.15004062;UNKNOWN
2016-03-24T03:18:24.000000;2016-03-24T03:18:24.000000;7434a819-1b8b-419e-815f-948a71ee9ffd;416.51;0.05568942;UNKNOWN
2016-03-24T03:18:27.000000;2016-03-24T03:18:27.000000;a4e46a28-6b5e-4fb6-80f9-0a4a806b79d4;416.51;0.18144966;UNKNOWN
2016-03-24T03:18:31.000000;2016-03-24T03:18:31.000000;743a9c91-19e5-4560-9416-629046e17c4b;416.51;0.21286102;UNKNOWN
2016-03-24T03:18:34.000000;2016-03-24T03:18:34.000000;62efc3de-e73a-4749-9972-cff37f2a5320;416.51;0.01695928;UNKNOWN
2016-03-24T03:18:57.000000;2016-03-24T03:18:57.000000;80df08eb-04c1-4448-bc23-546723017b04;416.51;0.06696876;UNKNOWN
2016-03-24T03:19:01.000000;2016-03-24T03:19:01.000000;a896bfdc-4c0b-4d90-9c3c-0a9983b8a565;416.51;0.69651193;UNKNOWN
2016-03-24T03:19:28.000000;2016-03-24T03:19:28.000000;47fa372e-1303-4366-9b85-8dfe442cee66;416.58;2.20682251;UNKNOWN
2016-03-24T03:19:28.000000;2016-03-24T03:19:28.000000;f0000192-2d3f-4caf-90e8-00945e51ed9d;416.71;0.13437749;UNKNOWN
2016-03-24T03:19:28.000000;2016-03-24T03:19:28.000000;434bc770-8d9e-4708-8ca5-94913cd9b069;416.59;0.4488;UNKNOWN
2016-03-24T03:20:50.000000;2016-03-24T03:20:50.000000;53708faf-e9b9-4f6e-9c48-b0910b0d467b;416.53;17.092;UNKNOWN
2016-03-24T03:20:50.000000;2016-03-24T03:20:50.000000;f72e4108-3ca7-4e82-9540-c6762a260bbf;416.53;5.9445;UNKNOWN
2016-03-24T03:22:35.000000;2016-03-24T03:22:35.000000;5f55b75b-819b-4af5-b0fa-eccf15ab378c;416.52;2.78;UNKNOWN
2016-03-24T03:23:09.000000;2016-03-24T03:23:09.000000;0ba1e798-401e-4074-a1bc-3aa7adefbfe7;416.53;2.0;UNKNOWN
2016-03-24T03:23:54.000000;2016-03-24T03:23:54.000000;a4167f61-c9b6-4425-934b-e634bfb7cc9b;416.51;0.048331;UNKNOWN
2016-03-24T03:24:40.000000;2016-03-24T03:24:40.000000;3b33f521-a9af-4ae9-a1d4-0f4e389e2882;416.53;0.0365;UNKNOWN
2016-03-24T03:24:40.000000;2016-03-24T03:24:40.000000;e552d4c6-71e4-4647-a894-0d061498e2c5;416.53;74.9635;UNKNOWN
2016-03-24T03:25:18.000000;2016-03-24T03:25:18.000000;b20cd0bb-0266-4893-8b9c-558605228d14;416.64;0.59387587;UNKNOWN
2016-03-24T03:25:27.000000;2016-03-24T03:25:27.000000;42fd3b19-320f-4fb0-8821-a1e5dd24660c;416.64;0.028318;UNKNOWN
2016-03-24T03:25:30.000000;2016-03-24T03:25:30.000000;130222d0-c19d-4404-95f0-8842be5e323f;416.64;0.052563;UNKNOWN
2016-03-24T03:26:34.000000;2016-03-24T03:26:34.000000;0cdcb76c-ebb7-477b-b269-4035f918198a;416.8;0.05;UNKNOWN
2016-03-24T03:27:15.000000;2016-03-24T03:27:15.000000;1ca542cc-98b3-47c8-a440-f70b5887a259;416.81;0.024999;UNKNOWN
2016-03-24T03:27:26.000000;2016-03-24T03:27:26.000000;e235ff61-77a8-4217-a042-aa1a7e951d69;416.97;0.0499582;UNKNOWN
2016-03-24T03:28:52.000000;2016-03-24T03:28:52.000000;2d72944f-5a1b-4b92-b826-856fe7e4f226;416.65;0.013798;UNKNOWN
2016-03-24T03:30:25.000000;2016-03-24T03:30:25.000000;547b4779-999b-4631-bc9e-440e98057d4d;416.61;0.013375;UNKNOWN
2016-03-24T03:31:10.000000;2016-03-24T03:31:10.000000;eeb57795-d449-4925-b401-057aa3f1c9a5;416.6;0.029574;UNKNOWN
2016-03-24T03:32:31.000000;2016-03-24T03:32:31.000000;3a508de1-acdd-474e-9006-be12bc7f0323;416.6;0.01;UNKNOWN
2016-03-24T03:33:46.000000;2016-03-24T03:33:46.000000;1dece481-d0fe-4b02-870b-86ce97d1b0e0;416.6;0.58370476;UNKNOWN
2016-03-24T03:33:46.000000;2016-03-24T03:33:46.000000;123f16cd-4cf8-49f1-8cd3-2b39c99ee818;416.53;0.41629524;UNKNOWN
2016-03-24T03:37:51.000000;2016-03-24T03:37:51.000000;9952c9a0-9564-43ea-80e2-eedc74469421;416.53;0.5;UNKNOWN
2016-03-24T03:37:51.000000;2016-03-24T03:37:51.000000;9f416674-f233-43d5-ac05-9677a4cd4860;416.54;3.0;UNKNOWN
2016-03-24T03:37:57.000000;2016-03-24T03:37:57.000000;86d17cca-1966-4e32-946f-a17dcb307a6f;416.55;0.4294;UNKNOWN
2016-03-24T03:38:05.000000;2016-03-24T03:38:05.000000;73789481-1723-483b-ad53-23e941a05e28;416.67;1.85383244;UNKNOWN
2016-03-24T03:38:06.000000;2016-03-24T03:38:06.000000;dc45b143-2200-4dc4-8146-464d85e42a81;416.67;1.0;UNKNOWN
2016-03-24T03:39:19.000000;2016-03-24T03:39:19.000000;cf45cf35-5b51-4c8b-8cd0-65b8636f7ed7;416.55;0.020238;UNKNOWN
2016-03-24T03:40:55.000000;2016-03-24T03:40:55.000000;7648571f-c064-463b-a536-715af8d98341;416.55;0.010069;UNKNOWN
2016-03-24T03:40:57.000000;2016-03-24T03:40:57.000000;32bf391f-0f15-426a-8f79-312c4065758f;416.55;0.039667;UNKNOWN
2016-03-24T03:41:01.000000;2016-03-24T03:41:01.000000;7710473e-576f-4fc0-8cf3-8fa6691f447d;416.55;0.046892;UNKNOWN
2016-03-24T03:41:05.000000;2016-03-24T03:41:05.000000;2dd5f959-9dc4-4145-be98-dff9323b3007;416.57;1.58423494;UNKNOWN
2016-03-24T03:41:05.000000;2016-03-24T03:41:05.000000;559ca665-9e37-4c9c-ac8e-f300ea4ed149;416.56;0.4122;UNKNOWN
2016-03-24T03:41:36.000000;2016-03-24T03:41:36.000000;2a9106d4-fe60-4001-bd05-32b957fce881;416.55;2.953734;UNKNOWN
2016-03-24T03:41:36.000000;2016-03-24T03:41:36.000000;c4c5f57b-867d-4637-a766-cea00324f1a6;416.55;0.01;UNKNOWN
2016-03-24T03:44:05.000000;2016-03-24T03:44:05.000000;fdf9f619-86fd-4596-a984-e2108a5b147a;416.54;0.12;UNKNOWN
2016-03-24T03:44:05.000000;2016-03-24T03:44:05.000000;0799fbd5-79cf-4b91-b461-c154cdd6c72c;416.54;0.88;UNKNOWN
2016-03-24T03:45:27.000000;2016-03-24T03:45:27.000000;0cbbbd78-72c7-4b15-9184-170bf6451833;416.53;0.01559816;UNKNOWN
2016-03-24T03:46:47.000000;2016-03-24T03:46:47.000000;1ca60b03-ce33-4e62-8de3-2eb5d174b34f;416.55;0.04847058;UNKNOWN
2016-03-24T03:49:00.000000;2016-03-24T03:49:00.000000;604ab963-f449-4588-8ef3-0d36f2f50c88;416.55;0.01565625;UNKNOWN
2016-03-24T03:50:46.000000;2016-03-24T03:50:46.000000;450f1475-4646-43fb-9717-3fb74d764b4c;416.55;1.59;UNKNOWN
2016-03-24T03:50:46.000000;2016-03-24T03:50:46.000000;aa39f6fd-479c-4b36-a387-a6ad6653f838;416.54;0.01;UNKNOWN
2016-03-24T03:51:05.000000;2016-03-24T03:51:05.000000;ad31999b-c312-48e0-8259-6a96670acc35;416.55;1.30235922;UNKNOWN
2016-03-24T03:51:06.000000;2016-03-24T03:51:06.000000;ea17ec97-319d-413c-85d7-7b2d995cf43f;416.55;2.16217775;UNKNOWN
2016-03-24T03:53:30.000000;2016-03-24T03:53:30.000000;bec85d1d-bece-4de9-9879-2d04d0957ced;416.55;0.011;UNKNOWN
2016-03-24T03:53:30.000000;2016-03-24T03:53:30.000000;2a23d4f2-b34a-4da9-886f-03522299b78c;416.54;0.239;UNKNOWN
2016-03-24T03:53:58.000000;2016-03-24T03:53:58.000000;bb6c2558-e424-488b-8fb5-f7e89609aa73;416.5;0.03740283;UNKNOWN
2016-03-24T03:54:21.000000;2016-03-24T03:54:21.000000;f84e61eb-7d5e-47e8-b697-4f05a7567d46;416.5;0.10778131;UNKNOWN
2016-03-24T03:56:05.000000;2016-03-24T03:56:05.000000;d4744f18-4625-419d-9b4e-bae08663415c;416.55;1.44239576;UNKNOWN
2016-03-24T03:56:12.000000;2016-03-24T03:56:12.000000;ffc1ad65-c5d6-43ff-986c-29a7b55c5d8c;416.5;0.07134194;UNKNOWN
2016-03-24T03:56:28.000000;2016-03-24T03:56:28.000000;152aecd0-ca42-4a0c-b5bb-8979896325f2;416.5;4.81154385;UNKNOWN
2016-03-24T03:59:16.000000;2016-03-24T03:59:16.000000;aeac2c05-5f7f-4a70-b48a-9475c9de7433;416.5;0.01561276;UNKNOWN
2016-03-24T04:05:12.000000;2016-03-24T04:05:12.000000;afc591db-f115-451e-be97-f4fdbbffd4b4;416.55;0.25;UNKNOWN
2016-03-24T04:07:38.000000;2016-03-24T04:07:38.000000;c04d279b-8dde-4b91-b31a-48251818be23;416.52;0.053707;UNKNOWN
2016-03-24T04:09:05.000000;2016-03-24T04:09:05.000000;dd020b2f-4b4a-4141-b977-977c60ebe876;416.55;2.14071643;UNKNOWN
2016-03-24T04:09:13.000000;2016-03-24T04:09:13.000000;b1d60ead-3eec-497b-99f0-40a1de1ba32f;416.53;0.136275;UNKNOWN
2016-03-24T04:09:16.000000;2016-03-24T04:09:16.000000;dd9c7183-fe04-44d5-9fa7-3f989a54c199;416.53;0.093806;UNKNOWN
2016-03-24T04:09:31.000000;2016-03-24T04:09:31.000000;e4d0dc80-6186-4c01-8cf6-a21179482a35;416.53;1.4433937;UNKNOWN
2016-03-24T04:10:05.000000;2016-03-24T04:10:05.000000;3a703fdc-4ecb-4130-ba1a-104de545ea4d;416.53;0.72175315;UNKNOWN
2016-03-24T04:11:26.000000;2016-03-24T04:11:26.000000;3e6e4fe4-c140-4453-8a2a-507c7866649e;416.52;4.0;UNKNOWN
2016-03-24T04:13:53.000000;2016-03-24T04:13:53.000000;a2f1901d-5155-4333-8fb9-59b41f950538;416.55;8.07349001;UNKNOWN
2016-03-24T04:14:19.000000;2016-03-24T04:14:19.000000;c635a2c8-e51f-4538-a0e2-5f557150e9e0;416.91;6.24;UNKNOWN
2016-03-24T04:14:19.000000;2016-03-24T04:14:19.000000;83fa10ba-8c5a-4279-aa7a-d6d18954c7ad;416.72;0.01;UNKNOWN
2016-03-24T04:15:06.000000;2016-03-24T04:15:06.000000;154762fc-52c7-4bed-9957-506ea1ceefbb;416.93;4.182;UNKNOWN
2016-03-24T04:15:28.000000;2016-03-24T04:15:28.000000;855de026-a6f2-4f4e-819e-78ad99a2dbd8;416.84;28.125;UNKNOWN
2016-03-24T04:16:19.000000;2016-03-24T04:16:19.000000;2cb6f090-26aa-4196-8ca2-d5bf75cdf654;416.66;5.32;UNKNOWN
2016-03-24T04:16:19.000000;2016-03-24T04:16:19.000000;ef72cd04-d8a1-45be-86c6-f7e29964dc60;416.65;12.1817;UNKNOWN
2016-03-24T04:16:19.000000;2016-03-24T04:16:19.000000;20eb0c98-be05-4f3e-a57f-3ac9dbb1828b;416.51;1.51974225;UNKNOWN
2016-03-24T04:16:19.000000;2016-03-24T04:16:19.000000;a63ea9b2-cf0f-445d-938b-cc1858b788d9;416.66;21.8346;UNKNOWN
2016-03-24T04:16:19.000000;2016-03-24T04:16:19.000000;2a165d0c-87c6-44ac-a96a-c247364f37e4;416.66;5.956;UNKNOWN
2016-03-24T04:16:25.000000;2016-03-24T04:16:25.000000;e98bf870-5fbd-490c-8207-e298cfad139d;416.5;0.25;UNKNOWN
2016-03-24T04:17:25.000000;2016-03-24T04:17:25.000000;0b53669c-93f7-4398-9abf-1df154d87edd;416.52;3.29290698;UNKNOWN
2016-03-24T04:18:18.000000;2016-03-24T04:18:18.000000;6e142cf3-30f8-46f9-9676-c2eab3ef2ac0;416.24;7.9687;UNKNOWN
2016-03-24T04:18:18.000000;2016-03-24T04:18:18.000000;6a7e155d-9c56-401e-a350-aa373acb0153;416.49;12.3694;UNKNOWN
2016-03-24T04:18:18.000000;2016-03-24T04:18:18.000000;df70d931-bb5e-4c72-be03-e0fed94aff2f;416.0;10.0;UNKNOWN
2016-03-24T04:18:18.000000;2016-03-24T04:18:18.000000;7c40221d-7744-47ec-a12d-62093d1f1cbf;416.05;0.0273;UNKNOWN
2016-03-24T04:18:18.000000;2016-03-24T04:18:18.000000;2d451332-9e5a-4d58-8467-56917886da13;416.01;4.6;UNKNOWN
2016-03-24T04:18:18.000000;2016-03-24T04:18:18.000000;0a1f8b3c-020d-4667-b446-752d5b55ae3c;416.05;0.0193;UNKNOWN
2016-03-24T04:18:18.000000;2016-03-24T04:18:18.000000;0778cfb0-e92c-46f4-8b69-077bf3d0844a;416.05;0.0136;UNKNOWN
2016-03-24T04:18:18.000000;2016-03-24T04:18:18.000000;9c2b6794-cb86-4e20-8291-173c1ee559ad;416.0;5.65628269;UNKNOWN
2016-03-24T04:18:18.000000;2016-03-24T04:18:18.000000;bfe3e2f7-3979-4578-be17-0661dd8e623e;416.23;4.52;UNKNOWN
2016-03-24T04:18:18.000000;2016-03-24T04:18:18.000000;d0480875-94d6-490b-bfca-7f66a1f45aa3;416.02;25.0;UNKNOWN
2016-03-24T04:18:18.000000;2016-03-24T04:18:18.000000;c1ab5c43-4a28-4509-b7f3-e5a075461b4d;416.1;1.0;UNKNOWN
2016-03-24T04:18:18.000000;2016-03-24T04:18:18.000000;eeaac0c2-0540-458a-957e-62380390a49e;416.5;13.70631731;UNKNOWN
2016-03-24T04:18:18.000000;2016-03-24T04:18:18.000000;f274e519-0229-4526-b78d-6751f0c54e04;416.52;5.993;UNKNOWN
2016-03-24T04:18:18.000000;2016-03-24T04:18:18.000000;9e3d6014-936e-46f0-bf8c-2a8987210bb3;416.07;13.5756;UNKNOWN
2016-03-24T04:18:18.000000;2016-03-24T04:18:18.000000;d1c7e247-ffc3-4a0d-b3de-f8a2ba73a0b9;416.4;5.0;UNKNOWN
2016-03-24T04:18:18.000000;2016-03-24T04:18:18.000000;652fc47a-1d63-4d33-8226-9b2b2bc508c0;416.52;13.2911;UNKNOWN
2016-03-24T04:18:18.000000;2016-03-24T04:18:18.000000;0b9921ea-a24f-4c01-9b25-c17715353062;416.22;13.735;UNKNOWN
2016-03-24T04:18:18.000000;2016-03-24T04:18:18.000000;27122fb0-ad0c-493c-ad16-a61ef41c4702;416.35;13.5244;UNKNOWN
