time_exchange;time_coinpai;guid;price;base_amount;taker_side
2016-04-14T00:00:31.000000;2016-04-14T00:00:31.000000;15d5189e-0eff-45ec-8288-5035ee356791;425.58;2.03726;UNKNOWN
2016-04-14T00:00:31.000000;2016-04-14T00:00:31.000000;e36edf4e-b0e9-4590-96e4-0cb405b98b4a;425.58;0.3;UNKNOWN
2016-04-14T00:00:31.000000;2016-04-14T00:00:31.000000;914fc2ac-f3f8-4f08-9613-61d4b9c5647f;425.58;0.067;UNKNOWN
2016-04-14T00:00:31.000000;2016-04-14T00:00:31.000000;10acd11d-8408-412c-894d-1603d9c9ccfa;425.58;1.45766;UNKNOWN
2016-04-14T00:01:01.000000;2016-04-14T00:01:01.000000;3dab24a0-1f70-4eda-b51e-307dbe3b5b54;425.6;0.569237;UNKNOWN
2016-04-14T00:01:01.000000;2016-04-14T00:01:01.000000;6c984b6b-343c-4c63-ae87-b1777c5d2ce6;425.6;0.012343;UNKNOWN
2016-04-14T00:01:31.000000;2016-04-14T00:01:31.000000;fed31c97-00fb-49d7-bdf7-90317d09debe;425.6;4.58171;UNKNOWN
2016-04-14T00:01:31.000000;2016-04-14T00:01:31.000000;3943892e-57e6-4665-a934-3beba38daeb3;425.6;0.01234;UNKNOWN
2016-04-14T00:01:36.000000;2016-04-14T00:01:36.000000;f923ecb0-5bfa-424a-aa7d-856cf0cc28d9;425.63;0.03;UNKNOWN
2016-04-14T00:01:36.000000;2016-04-14T00:01:36.000000;3bb19d28-4f65-4e8f-8148-8c2367ceeba0;425.63;0.03;UNKNOWN
2016-04-14T00:02:01.000000;2016-04-14T00:02:01.000000;f164d806-24ab-4bc1-860c-c46827a7f9b2;425.57;1.20728;UNKNOWN
2016-04-14T00:02:01.000000;2016-04-14T00:02:01.000000;4dda2fab-ad49-4a3b-a977-6e7ef500221a;425.57;0.01;UNKNOWN
2016-04-14T00:02:31.000000;2016-04-14T00:02:31.000000;2647462b-9779-4101-bd63-81d93d5d5145;425.59;0.23265;UNKNOWN
2016-04-14T00:03:01.000000;2016-04-14T00:03:01.000000;a2a06d21-7548-4407-bd7a-f40238585ad2;425.59;0.11631;UNKNOWN
2016-04-14T00:04:04.000000;2016-04-14T00:04:04.000000;1feb120a-bb6e-414d-8cdf-4c989da7bf9f;425.59;0.23193;UNKNOWN
2016-04-14T00:04:08.000000;2016-04-14T00:04:08.000000;65f412c2-e44b-4211-bb9f-dfdc7b3a8b80;425.52;0.035;UNKNOWN
2016-04-14T00:04:08.000000;2016-04-14T00:04:08.000000;375cc741-f7e4-412b-835b-63973f6e849f;425.54;0.01;UNKNOWN
2016-04-14T00:04:08.000000;2016-04-14T00:04:08.000000;2cc3b24c-07ef-4571-9bf0-ddb589c3737c;425.52;0.01;UNKNOWN
2016-04-14T00:04:08.000000;2016-04-14T00:04:08.000000;5dc5e30e-75bc-40ac-a13d-d4d173c73e30;425.55;0.01;UNKNOWN
2016-04-14T00:04:08.000000;2016-04-14T00:04:08.000000;7e8a0c37-fa90-497a-aec0-dad231740f55;425.55;0.035;UNKNOWN
2016-04-14T00:04:08.000000;2016-04-14T00:04:08.000000;179807a8-c586-4c0e-9aa6-65fb65ad0d52;425.56;0.035;UNKNOWN
2016-04-14T00:04:08.000000;2016-04-14T00:04:08.000000;7c91acc5-49f7-471c-ac71-f3a617e789e5;425.54;0.035;UNKNOWN
2016-04-14T00:04:08.000000;2016-04-14T00:04:08.000000;6bbb5c39-f617-4c4e-bd2d-f0e07aab16a3;425.53;0.035;UNKNOWN
2016-04-14T00:04:08.000000;2016-04-14T00:04:08.000000;4a977b51-fd1c-438b-a859-0e4c7107068f;425.53;0.01;UNKNOWN
2016-04-14T00:04:08.000000;2016-04-14T00:04:08.000000;9cbc19e5-8fcf-403f-b423-62e154440ed8;425.56;0.01;UNKNOWN
2016-04-14T00:04:08.000000;2016-04-14T00:04:08.000000;9d7c2d0a-c27f-4dc0-8315-8415c67bcd8a;425.51;0.01;UNKNOWN
2016-04-14T00:04:08.000000;2016-04-14T00:04:08.000000;4f2dae19-d0e2-4b94-a213-8f5adc0aaa1a;425.5;0.035;UNKNOWN
2016-04-14T00:04:08.000000;2016-04-14T00:04:08.000000;94e45c29-11ea-4be2-94c4-d743fbd5c7e2;425.49;0.035;UNKNOWN
2016-04-14T00:04:08.000000;2016-04-14T00:04:08.000000;efaf6f68-80f0-40fe-ab91-5b53be9a04fe;425.51;0.035;UNKNOWN
2016-04-14T00:04:08.000000;2016-04-14T00:04:08.000000;db8bb256-6feb-483f-ab3a-092bb25c21a7;425.57;0.035;UNKNOWN
2016-04-14T00:04:08.000000;2016-04-14T00:04:08.000000;887e9e25-d9a1-4e97-b048-9df9b6728b74;425.58;0.01;UNKNOWN
2016-04-14T00:04:31.000000;2016-04-14T00:04:31.000000;e05546f9-e191-4dc3-a0a1-ab8361ba2303;425.49;0.06;UNKNOWN
2016-04-14T00:05:01.000000;2016-04-14T00:05:01.000000;222737de-b094-4dd2-a0e6-47281f0c382d;425.49;0.055;UNKNOWN
2016-04-14T00:05:01.000000;2016-04-14T00:05:01.000000;c397a9c4-4a8e-4ff6-86dc-4009f1e8e283;425.49;1.25834;UNKNOWN
2016-04-14T00:05:31.000000;2016-04-14T00:05:31.000000;e6880d0b-2887-44cd-b80b-d743d66fd6f5;425.5;0.035;UNKNOWN
2016-04-14T00:05:31.000000;2016-04-14T00:05:31.000000;04778948-61b3-46a5-b946-0604d87c09a9;425.5;0.04784;UNKNOWN
2016-04-14T00:06:01.000000;2016-04-14T00:06:01.000000;662f06a1-b84e-4b72-a889-927ede04d595;425.46;0.035;UNKNOWN
2016-04-14T00:06:01.000000;2016-04-14T00:06:01.000000;530d7a79-5014-4c3a-abfd-7ed6158a8b34;425.47;0.035;UNKNOWN
2016-04-14T00:06:01.000000;2016-04-14T00:06:01.000000;780fa3b1-2bbe-4d12-8324-8a57250db197;425.48;0.5;UNKNOWN
2016-04-14T00:06:01.000000;2016-04-14T00:06:01.000000;1f7a0a54-8f7a-4671-86ac-0d3f03da7517;425.48;0.035;UNKNOWN
2016-04-14T00:06:01.000000;2016-04-14T00:06:01.000000;6db144ec-faae-4333-84d1-c297f9a447c8;425.45;0.035;UNKNOWN
2016-04-14T00:06:01.000000;2016-04-14T00:06:01.000000;a4f14443-3b9a-40b0-b6f6-cbb92688972e;425.36;0.002916;UNKNOWN
2016-04-14T00:06:01.000000;2016-04-14T00:06:01.000000;16cfe2ac-8c9b-4925-8bef-31f2ba9eaa1e;425.37;0.035;UNKNOWN
2016-04-14T00:06:01.000000;2016-04-14T00:06:01.000000;d3990e35-3269-4b4c-93f0-cddf953ab990;425.43;0.035;UNKNOWN
2016-04-14T00:06:01.000000;2016-04-14T00:06:01.000000;48ce6570-36b3-46ce-9008-b6158bec5b89;425.44;0.035;UNKNOWN
2016-04-14T00:06:01.000000;2016-04-14T00:06:01.000000;0d83cf3f-fb7a-47a0-a28a-a17e5becf769;425.44;0.01;UNKNOWN
2016-04-14T00:06:01.000000;2016-04-14T00:06:01.000000;6eeeee39-e769-41f2-9cc2-7b0c161dbb2c;425.42;0.035;UNKNOWN
2016-04-14T00:06:01.000000;2016-04-14T00:06:01.000000;bed09d15-f966-49f0-a9b8-650d68844423;425.38;0.035;UNKNOWN
2016-04-14T00:06:01.000000;2016-04-14T00:06:01.000000;297b6d15-c8ea-49d1-9ad7-dca3325b9e6d;425.39;0.035;UNKNOWN
2016-04-14T00:06:01.000000;2016-04-14T00:06:01.000000;3fc18694-2bb4-497c-8edf-4a28c819dcca;425.4;0.035;UNKNOWN
2016-04-14T00:06:01.000000;2016-04-14T00:06:01.000000;bc553e43-3a39-4f53-8b3e-59a82786570a;425.41;0.067;UNKNOWN
2016-04-14T00:06:01.000000;2016-04-14T00:06:01.000000;48773888-9f5e-4a0f-bc92-0c9c67bf7616;425.41;0.035;UNKNOWN
2016-04-14T00:06:01.000000;2016-04-14T00:06:01.000000;899eef12-a59c-47f4-b706-243aac8d4d18;425.41;0.020004;UNKNOWN
2016-04-14T00:06:31.000000;2016-04-14T00:06:31.000000;82ee2a02-6c0a-4112-84a0-a6bd77ed4a29;425.36;0.032084;UNKNOWN
2016-04-14T00:06:31.000000;2016-04-14T00:06:31.000000;a3ab27b4-1cfc-4784-8e3d-833013f9c37d;425.36;2.85;UNKNOWN
2016-04-14T00:06:31.000000;2016-04-14T00:06:31.000000;25817c86-e0d4-4b86-b159-097ade23cac8;425.35;0.689306;UNKNOWN
2016-04-14T00:06:31.000000;2016-04-14T00:06:31.000000;47bec238-0909-4461-a3ad-7fd4e08938fe;425.35;0.035;UNKNOWN
2016-04-14T00:06:31.000000;2016-04-14T00:06:31.000000;cc9c5142-eb46-41a4-ba4c-bd2a4d1db256;425.35;0.02;UNKNOWN
2016-04-14T00:07:01.000000;2016-04-14T00:07:01.000000;9e2d6908-6caa-4f70-ab12-bcb1cf8d4710;425.36;1.71025;UNKNOWN
2016-04-14T00:07:01.000000;2016-04-14T00:07:01.000000;aa47d70c-c776-4dd7-b0c6-9e7ed824d084;425.36;0.035;UNKNOWN
2016-04-14T00:07:35.000000;2016-04-14T00:07:35.000000;8e226e07-16d5-415d-ab20-5b53a6ba2816;425.37;2.78977;UNKNOWN
2016-04-14T00:07:35.000000;2016-04-14T00:07:35.000000;ba6d22ea-b957-4157-a0c0-ea5a6b79d6d0;425.37;0.035;UNKNOWN
2016-04-14T00:08:31.000000;2016-04-14T00:08:31.000000;04d76345-6017-4022-9416-8d74e3f94e1f;425.35;0.02;UNKNOWN
2016-04-14T00:08:31.000000;2016-04-14T00:08:31.000000;ff9ef0b3-4029-430e-b980-06d3259a4424;425.35;0.035;UNKNOWN
2016-04-14T00:08:31.000000;2016-04-14T00:08:31.000000;9e0ba0b5-0772-4403-b6a2-0c60fc4b6830;425.35;1.105474;UNKNOWN
2016-04-14T00:08:31.000000;2016-04-14T00:08:31.000000;8681a582-8892-447c-9b4a-5ea135cee137;425.35;0.757076;UNKNOWN
2016-04-14T00:09:01.000000;2016-04-14T00:09:01.000000;a644c1da-f77e-4753-bc98-8c38caf04f25;425.36;0.035;UNKNOWN
2016-04-14T00:09:01.000000;2016-04-14T00:09:01.000000;65ed6f67-cc69-4f2a-a26d-d85121c274c3;425.4;0.035;UNKNOWN
2016-04-14T00:09:01.000000;2016-04-14T00:09:01.000000;a4f9e742-fca2-441a-a3e5-c536f439d7c6;425.39;0.035;UNKNOWN
2016-04-14T00:09:01.000000;2016-04-14T00:09:01.000000;321d6534-cf5f-4c22-bce1-bd8efd51361f;425.38;0.035;UNKNOWN
2016-04-14T00:09:01.000000;2016-04-14T00:09:01.000000;8d5f3a1d-296a-4b66-839d-c7eee825110a;425.41;0.035;UNKNOWN
2016-04-14T00:09:01.000000;2016-04-14T00:09:01.000000;3a18137d-a1fa-45a6-8762-0cd20fce465f;425.42;0.0266;UNKNOWN
2016-04-14T00:09:31.000000;2016-04-14T00:09:31.000000;0de0d32a-dd95-48ff-b629-070549047895;425.42;0.45701;UNKNOWN
2016-04-14T00:09:31.000000;2016-04-14T00:09:31.000000;b1427098-4d0e-4f9f-bad1-c6f78ae927b0;425.42;0.0084;UNKNOWN
2016-04-14T00:10:01.000000;2016-04-14T00:10:01.000000;98063675-d94c-449e-a453-ef43cda63ca7;425.4;0.15254;UNKNOWN
2016-04-14T00:10:01.000000;2016-04-14T00:10:01.000000;d8a3eca0-1bfc-4c68-b89c-85a4b605933e;425.4;0.035;UNKNOWN
2016-04-14T00:10:14.000000;2016-04-14T00:10:14.000000;97197c18-9061-4283-9444-43c1f0589f80;425.41;0.01612;UNKNOWN
2016-04-14T00:10:32.000000;2016-04-14T00:10:32.000000;bcf6ebef-c463-4eb2-816d-d6577b9dc162;425.4;4.68688;UNKNOWN
2016-04-14T00:10:32.000000;2016-04-14T00:10:32.000000;74fed2bb-7c3d-4fb6-8d41-977316aff686;425.4;0.36;UNKNOWN
2016-04-14T00:10:32.000000;2016-04-14T00:10:32.000000;842bd0bd-197e-4dce-af3a-333752e5dcbb;425.4;7.05161;UNKNOWN
2016-04-14T00:11:01.000000;2016-04-14T00:11:01.000000;f18fa919-8e76-4caf-8f59-65dc43b388dd;425.32;0.22565;UNKNOWN
2016-04-14T00:11:01.000000;2016-04-14T00:11:01.000000;e8cb229b-64e1-4949-9a11-9a66023f457c;425.39;0.5;UNKNOWN
2016-04-14T00:11:01.000000;2016-04-14T00:11:01.000000;5485cddb-7f92-4000-bea6-90eb6e6f7b1d;425.32;0.035;UNKNOWN
2016-04-14T00:11:01.000000;2016-04-14T00:11:01.000000;9aa83bc8-4aa6-4907-93b6-11ffc43757c9;425.33;0.035;UNKNOWN
2016-04-14T00:11:01.000000;2016-04-14T00:11:01.000000;1c54779b-3c84-4726-8203-1ff4a88a0b53;425.34;0.3;UNKNOWN
2016-04-14T00:11:01.000000;2016-04-14T00:11:01.000000;09884c6b-86ba-47d1-9603-3fff3c506e92;425.34;0.1;UNKNOWN
2016-04-14T00:11:01.000000;2016-04-14T00:11:01.000000;17b58a84-1e5e-432e-b8b4-2171f5946a99;425.39;4.05;UNKNOWN
2016-04-14T00:11:01.000000;2016-04-14T00:11:01.000000;3bf50f15-2ba8-49ab-82f4-661376b456d0;425.34;0.035;UNKNOWN
2016-04-14T00:11:01.000000;2016-04-14T00:11:01.000000;b41fa2d5-85d0-48a0-afb8-3bbcc4e49bbc;425.39;0.035;UNKNOWN
2016-04-14T00:11:01.000000;2016-04-14T00:11:01.000000;1dfcb7ac-0971-445f-9543-b3a31c80d784;425.38;0.035;UNKNOWN
2016-04-14T00:11:01.000000;2016-04-14T00:11:01.000000;fab5493d-6c63-4479-ba14-debc84d1bfe1;425.36;0.01;UNKNOWN
2016-04-14T00:11:01.000000;2016-04-14T00:11:01.000000;500cfd82-075a-4554-ae5f-eac0a9796e8d;425.35;0.035;UNKNOWN
2016-04-14T00:11:01.000000;2016-04-14T00:11:01.000000;48976ace-d51b-42fe-bdc6-fad16959f506;425.37;0.035;UNKNOWN
2016-04-14T00:11:01.000000;2016-04-14T00:11:01.000000;45caba1a-2372-46b9-997e-da2308dba6a5;425.37;0.01;UNKNOWN
2016-04-14T00:11:01.000000;2016-04-14T00:11:01.000000;a0374667-4709-41b8-9261-8158dbb1972e;425.36;0.02;UNKNOWN
2016-04-14T00:11:01.000000;2016-04-14T00:11:01.000000;8b8183aa-c1cd-4b69-bdea-ccc315b52614;425.36;0.035;UNKNOWN
2016-04-14T00:11:31.000000;2016-04-14T00:11:31.000000;81ee880e-8aad-49f2-9ffc-87c1b459d2d5;425.35;0.035;UNKNOWN
2016-04-14T00:11:31.000000;2016-04-14T00:11:31.000000;012f8251-8939-41a6-9b47-6d2a03d3b431;425.37;0.035;UNKNOWN
2016-04-14T00:11:31.000000;2016-04-14T00:11:31.000000;0ce2f74e-eb07-4d20-8b61-39d9f81a21a2;425.36;0.035;UNKNOWN
2016-04-14T00:11:31.000000;2016-04-14T00:11:31.000000;e78e25c9-4858-45d8-8611-7c13978ebed9;425.34;0.035;UNKNOWN
2016-04-14T00:11:31.000000;2016-04-14T00:11:31.000000;b8acbdf6-b5b7-44c6-bb5e-3ed753ba9ace;425.39;0.035;UNKNOWN
2016-04-14T00:11:31.000000;2016-04-14T00:11:31.000000;b3add4ef-f730-4b94-a36d-4faf9cf055c8;425.41;0.08868;UNKNOWN
2016-04-14T00:11:31.000000;2016-04-14T00:11:31.000000;3c9a9297-053f-42e3-ab0a-a2b84603233e;425.38;0.035;UNKNOWN
2016-04-14T00:11:31.000000;2016-04-14T00:11:31.000000;0b9a7691-b275-4d42-b41f-925e29f32bdd;425.41;0.01888;UNKNOWN
2016-04-14T00:11:31.000000;2016-04-14T00:11:31.000000;c56d1770-ca30-4e8d-bfff-1cb452a7f499;425.4;0.078;UNKNOWN
2016-04-14T00:11:31.000000;2016-04-14T00:11:31.000000;b87d7afd-61e8-4237-9acb-370fd5871108;425.4;0.035;UNKNOWN
2016-04-14T00:11:31.000000;2016-04-14T00:11:31.000000;dbb7f2e0-7e70-4791-9fb6-15bc65d16042;425.4;0.035;UNKNOWN
2016-04-14T00:12:31.000000;2016-04-14T00:12:31.000000;3f776323-332a-4eb6-a9ec-55142d689584;425.42;0.502;UNKNOWN
2016-04-14T00:12:31.000000;2016-04-14T00:12:31.000000;dba5699d-53ae-44c4-b550-01d9b056054f;425.42;0.10038;UNKNOWN
2016-04-14T00:13:01.000000;2016-04-14T00:13:01.000000;aa47f417-4422-49f4-b2fe-95e20f029e5e;425.42;0.68857;UNKNOWN
2016-04-14T00:13:01.000000;2016-04-14T00:13:01.000000;60e7cff8-7beb-43d0-b847-5bbc727d12f0;425.42;0.00962;UNKNOWN
2016-04-14T00:14:07.000000;2016-04-14T00:14:07.000000;d0df2beb-355e-4095-ac92-03a8e6270a05;425.43;0.035;UNKNOWN
2016-04-14T00:14:07.000000;2016-04-14T00:14:07.000000;5ed690eb-0baf-4af0-8452-075b8b8a2e6b;425.43;2.55063;UNKNOWN
2016-04-14T00:14:32.000000;2016-04-14T00:14:32.000000;d557b89d-e49a-4b18-940b-bcf00d570dab;425.44;0.035;UNKNOWN
2016-04-14T00:14:32.000000;2016-04-14T00:14:32.000000;6d00031b-c415-45a3-87b3-a3366c4a3167;425.44;0.42108;UNKNOWN
2016-04-14T00:15:05.000000;2016-04-14T00:15:05.000000;b3965f7b-2a4c-4a74-a444-a02c2d5f7fe7;425.4;0.035;UNKNOWN
2016-04-14T00:15:05.000000;2016-04-14T00:15:05.000000;fcaea51a-4d55-4519-bb23-69aa1bf0a9b4;425.32;0.035;UNKNOWN
2016-04-14T00:15:05.000000;2016-04-14T00:15:05.000000;bc30c5b1-686a-4aa3-b21b-fd6648a7ae4f;425.41;0.035;UNKNOWN
2016-04-14T00:15:05.000000;2016-04-14T00:15:05.000000;db3aecaf-4c3e-4573-9661-e341ec3e8129;425.42;0.035;UNKNOWN
2016-04-14T00:15:05.000000;2016-04-14T00:15:05.000000;5c8f2140-69cf-4d4b-9558-d1802f870633;425.39;0.035;UNKNOWN
2016-04-14T00:15:05.000000;2016-04-14T00:15:05.000000;df9e8411-d0de-46c2-83e1-648b324e1af3;425.33;0.035;UNKNOWN
2016-04-14T00:15:05.000000;2016-04-14T00:15:05.000000;338c6d3f-ee29-422b-a0e1-f22d4a86d561;425.38;0.035;UNKNOWN
2016-04-14T00:15:05.000000;2016-04-14T00:15:05.000000;909e377e-f1c9-4f59-913e-48dd3606a84d;425.35;0.105;UNKNOWN
2016-04-14T00:15:05.000000;2016-04-14T00:15:05.000000;5140a03a-d33a-4565-9ae8-92c9f6a3a5fb;425.32;0.105;UNKNOWN
2016-04-14T00:15:05.000000;2016-04-14T00:15:05.000000;18b91347-5456-48b8-bd90-6ae1d17bf76b;425.31;0.01;UNKNOWN
2016-04-14T00:15:05.000000;2016-04-14T00:15:05.000000;fb869b7b-df38-4494-8dcd-27faef6fe2b7;425.31;0.035;UNKNOWN
2016-04-14T00:15:05.000000;2016-04-14T00:15:05.000000;a082bade-a71b-4f14-bb43-8bdcf5542a86;425.3;0.44023;UNKNOWN
2016-04-14T00:15:05.000000;2016-04-14T00:15:05.000000;9d19df3f-a992-4d9a-8ef3-334ea022ce70;425.31;0.09;UNKNOWN
2016-04-14T00:15:32.000000;2016-04-14T00:15:32.000000;1d48e7e2-6816-463b-8ed4-1cebeca06f39;425.38;0.86948;UNKNOWN
2016-04-14T00:15:32.000000;2016-04-14T00:15:32.000000;57431ecd-ba21-4797-a8e2-b237cf9324e9;425.38;0.01;UNKNOWN
2016-04-14T00:16:02.000000;2016-04-14T00:16:02.000000;5666c3ad-58be-4d27-84b2-416101ac169d;425.39;0.035;UNKNOWN
2016-04-14T00:16:02.000000;2016-04-14T00:16:02.000000;a290d214-5498-4f34-9a21-f49e9ad025b9;425.39;0.035;UNKNOWN
2016-04-14T00:16:02.000000;2016-04-14T00:16:02.000000;edf5392f-6ba8-4964-85bd-0219d17ea197;425.39;0.035;UNKNOWN
2016-04-14T00:16:02.000000;2016-04-14T00:16:02.000000;88675dd6-9148-4afd-b8f6-dd1f87b0a56c;425.49;0.19693;UNKNOWN
2016-04-14T00:16:02.000000;2016-04-14T00:16:02.000000;1afaca51-a6d3-47f4-a48e-e558ff0f1736;425.45;0.035;UNKNOWN
2016-04-14T00:16:02.000000;2016-04-14T00:16:02.000000;98535491-838e-4ea5-9f72-b37682fc11cc;425.49;0.119;UNKNOWN
2016-04-14T00:16:02.000000;2016-04-14T00:16:02.000000;fc74e76f-b583-44b9-a929-04117fb136ff;425.43;0.035;UNKNOWN
2016-04-14T00:16:02.000000;2016-04-14T00:16:02.000000;0a2cd577-4e73-4280-9f85-6bdabb196461;425.42;0.035;UNKNOWN
2016-04-14T00:16:02.000000;2016-04-14T00:16:02.000000;7e392ee2-b6b8-4401-a97f-8519ad366995;425.41;0.035;UNKNOWN
2016-04-14T00:16:02.000000;2016-04-14T00:16:02.000000;2786a1b4-56df-4cf3-93f6-e7a0e0564c63;425.4;0.035;UNKNOWN
2016-04-14T00:16:02.000000;2016-04-14T00:16:02.000000;923e920c-9723-455b-8cfa-b4c5ce0f8ae8;425.39;0.035;UNKNOWN
2016-04-14T00:16:02.000000;2016-04-14T00:16:02.000000;53923544-78c4-4bb7-8ecf-601e8642c3c7;425.49;0.035;UNKNOWN
2016-04-14T00:16:02.000000;2016-04-14T00:16:02.000000;a8a4b2bb-3a70-4cd5-8dab-185484de353d;425.48;0.035;UNKNOWN
2016-04-14T00:16:02.000000;2016-04-14T00:16:02.000000;bbd1149f-d043-44a3-8e10-a162aabe33ad;425.47;0.035;UNKNOWN
2016-04-14T00:16:02.000000;2016-04-14T00:16:02.000000;82afcda7-7d6e-47f7-91bc-d3fba71752bd;425.46;0.035;UNKNOWN
2016-04-14T00:16:02.000000;2016-04-14T00:16:02.000000;6c81662d-01c5-41d0-b217-e8cdecdef598;425.46;0.3;UNKNOWN
2016-04-14T00:16:31.000000;2016-04-14T00:16:31.000000;884b4c95-839f-41ef-abe6-b973019d78c8;425.5;0.00941;UNKNOWN
2016-04-14T00:16:31.000000;2016-04-14T00:16:31.000000;ceff12a0-9c45-45ca-9d99-20994949a336;425.49;0.0138;UNKNOWN
2016-04-14T00:17:01.000000;2016-04-14T00:17:01.000000;1d998f23-245f-46f6-b106-6de428fcf1e9;425.49;0.0303;UNKNOWN
2016-04-14T00:17:01.000000;2016-04-14T00:17:01.000000;3b1e3f01-a5b0-4298-8222-64629bb2046f;425.48;0.7674;UNKNOWN
2016-04-14T00:17:01.000000;2016-04-14T00:17:01.000000;95fb87a4-b1dd-4f05-85b2-74598fc3b009;425.48;0.035;UNKNOWN
2016-04-14T00:17:01.000000;2016-04-14T00:17:01.000000;795c009d-c7f6-45d6-b104-ebd2227125d7;425.49;0.0304;UNKNOWN
2016-04-14T00:17:01.000000;2016-04-14T00:17:01.000000;99a08211-c710-4193-8adc-2282afea7ed9;425.49;0.0318;UNKNOWN
2016-04-14T00:17:02.000000;2016-04-14T00:17:02.000000;73dd4b24-fe12-42c0-8c2a-86307688060c;425.51;0.035;UNKNOWN
2016-04-14T00:17:02.000000;2016-04-14T00:17:02.000000;4be79109-577a-467b-9475-2ec6d3becbca;425.5;0.067;UNKNOWN
2016-04-14T00:17:02.000000;2016-04-14T00:17:02.000000;66dd315e-6134-4440-996e-8d5fec36adf3;425.51;0.08491;UNKNOWN
2016-04-14T00:17:02.000000;2016-04-14T00:17:02.000000;1f83f769-e37e-4a91-8404-b046a0ef2278;425.5;0.0125;UNKNOWN
2016-04-14T00:17:02.000000;2016-04-14T00:17:02.000000;2b167a2e-3613-4db0-9d1f-42a21b6e4b12;425.5;0.01;UNKNOWN
2016-04-14T00:17:02.000000;2016-04-14T00:17:02.000000;22a74350-e31c-450b-a69d-2560549c25d7;425.5;0.00059;UNKNOWN
2016-04-14T00:17:31.000000;2016-04-14T00:17:31.000000;732fc1e7-a0a3-4ce5-aa84-7aba882fb171;425.56;0.035;UNKNOWN
2016-04-14T00:17:31.000000;2016-04-14T00:17:31.000000;7bf82dd8-a5b1-418f-9645-efa0333ab98c;425.53;0.035;UNKNOWN
2016-04-14T00:17:31.000000;2016-04-14T00:17:31.000000;91bf15f3-020a-4966-a914-142f03a067b4;425.54;0.035;UNKNOWN
2016-04-14T00:17:31.000000;2016-04-14T00:17:31.000000;9086ea04-45e6-45b8-81a0-c7f5c459d0cb;425.56;0.1424;UNKNOWN
2016-04-14T00:17:31.000000;2016-04-14T00:17:31.000000;d458fe7a-2d0f-4047-80ad-e0fcbd933e9a;425.51;0.128;UNKNOWN
2016-04-14T00:17:31.000000;2016-04-14T00:17:31.000000;0f76f613-af2d-4b72-8b3a-af7a5d88acb5;425.54;0.01;UNKNOWN
2016-04-14T00:17:31.000000;2016-04-14T00:17:31.000000;014d53dc-82f7-45a0-b9d5-1be9939d98bb;425.52;0.035;UNKNOWN
2016-04-14T00:17:31.000000;2016-04-14T00:17:31.000000;ce1928b6-f906-4c5a-8e73-a24d50ea9e12;425.55;0.035;UNKNOWN
2016-04-14T00:17:31.000000;2016-04-14T00:17:31.000000;fdf92e0a-980d-498c-9bc6-379cc7575cf5;425.51;0.01;UNKNOWN
2016-04-14T00:17:31.000000;2016-04-14T00:17:31.000000;2f4074d0-abd2-4a61-bef4-e7453c482972;425.52;0.035;UNKNOWN
2016-04-14T00:17:31.000000;2016-04-14T00:17:31.000000;141db5d9-a695-46a6-b922-4407f7794472;425.52;0.01;UNKNOWN
2016-04-14T00:17:31.000000;2016-04-14T00:17:31.000000;1ccea2a1-61c2-447a-ab99-955cb5e6ed05;425.51;0.15509;UNKNOWN
2016-04-14T00:18:01.000000;2016-04-14T00:18:01.000000;04f5391b-4d19-4920-8a8a-c523935eaa80;425.88;3.668;UNKNOWN
2016-04-14T00:18:01.000000;2016-04-14T00:18:01.000000;2febf871-9ea9-42de-bad7-00029e2aea12;425.88;0.5;UNKNOWN
2016-04-14T00:18:01.000000;2016-04-14T00:18:01.000000;a7ba0922-3638-446d-8cb0-6c64c04147ca;425.88;0.03;UNKNOWN
2016-04-14T00:18:01.000000;2016-04-14T00:18:01.000000;3114c080-d023-4b10-9d59-50f60c1f0232;425.88;0.03;UNKNOWN
2016-04-14T00:18:01.000000;2016-04-14T00:18:01.000000;bd54da38-95e9-461d-ac90-8ad2dffb4c3e;425.87;0.01;UNKNOWN
2016-04-14T00:18:01.000000;2016-04-14T00:18:01.000000;9c333a6b-cdd6-41e8-9928-62ea90dcf32c;425.87;0.12;UNKNOWN
2016-04-14T00:18:01.000000;2016-04-14T00:18:01.000000;2a3af485-2b2b-4d6e-8ce3-f804e8071f3a;425.7;0.05;UNKNOWN
2016-04-14T00:18:01.000000;2016-04-14T00:18:01.000000;9d9b22c7-d399-4ef3-a146-f526d4b93a33;425.69;0.01;UNKNOWN
2016-04-14T00:18:01.000000;2016-04-14T00:18:01.000000;458f3af6-8b8b-453f-9843-6b7959db030a;425.69;0.03;UNKNOWN
2016-04-14T00:18:01.000000;2016-04-14T00:18:01.000000;b83a6758-e394-409d-b5fb-d1b01c31f4f1;425.7;0.02;UNKNOWN
2016-04-14T00:18:01.000000;2016-04-14T00:18:01.000000;4548ee7c-94c3-42c6-8db5-cbaa9698b2ec;425.7;0.01;UNKNOWN
2016-04-14T00:18:01.000000;2016-04-14T00:18:01.000000;c2df70b3-2606-4aaf-9b1d-1f0eb6713773;425.87;0.03;UNKNOWN
2016-04-14T00:18:01.000000;2016-04-14T00:18:01.000000;14c872f7-14ac-4de2-8ed2-913211e045d5;425.7;0.01;UNKNOWN
2016-04-14T00:18:01.000000;2016-04-14T00:18:01.000000;51f0e041-2a30-4bef-aa9f-a773dfd1bade;425.78;0.03;UNKNOWN
2016-04-14T00:18:01.000000;2016-04-14T00:18:01.000000;ad3613c4-2f51-4fff-bea6-727fd4f863ce;425.7;0.01234;UNKNOWN
2016-04-14T00:18:01.000000;2016-04-14T00:18:01.000000;c3da2685-a8f3-4201-ad59-825f73a851ff;425.82;0.03;UNKNOWN
2016-04-14T00:18:01.000000;2016-04-14T00:18:01.000000;f2fdec3e-c846-47ea-af32-51ec1932334d;425.84;0.03;UNKNOWN
2016-04-14T00:18:01.000000;2016-04-14T00:18:01.000000;4fd0e43c-39b5-4d78-bdc3-fa4548f07372;425.82;0.097;UNKNOWN
2016-04-14T00:18:01.000000;2016-04-14T00:18:01.000000;b523b443-b16e-4c9c-939d-bd33a9bb1f19;425.83;0.03;UNKNOWN
2016-04-14T00:18:01.000000;2016-04-14T00:18:01.000000;7638964a-36cd-43ca-84d1-43ac498ab201;425.87;0.03;UNKNOWN
2016-04-14T00:18:01.000000;2016-04-14T00:18:01.000000;c6f61957-8ce7-4eab-9b10-00f94aced505;425.85;0.03;UNKNOWN
2016-04-14T00:18:01.000000;2016-04-14T00:18:01.000000;8c567c23-a0d4-41ef-9c5f-9e34338f3f05;425.81;0.01;UNKNOWN
2016-04-14T00:18:01.000000;2016-04-14T00:18:01.000000;77ce7f09-81bd-4c72-a46b-cea12a8b63a6;425.8;0.01;UNKNOWN
2016-04-14T00:18:01.000000;2016-04-14T00:18:01.000000;8a726ef0-3d2f-43ef-8ac8-df871e9709fb;425.8;0.03;UNKNOWN
2016-04-14T00:18:01.000000;2016-04-14T00:18:01.000000;c3cc4f6b-5d84-4335-8cfe-f1d1cace890e;425.81;0.03;UNKNOWN
2016-04-14T00:18:01.000000;2016-04-14T00:18:01.000000;701afd6a-c1f1-4771-bb34-09fbda15c28b;425.79;0.03;UNKNOWN
2016-04-14T00:18:01.000000;2016-04-14T00:18:01.000000;1670eaa6-b619-440d-8abe-b9ddf17e40c6;425.8;0.01;UNKNOWN
2016-04-14T00:18:01.000000;2016-04-14T00:18:01.000000;c7921e4a-7638-42b0-b6f3-aa644df95e42;425.68;0.03;UNKNOWN
2016-04-14T00:18:01.000000;2016-04-14T00:18:01.000000;ec51c511-64fe-42d2-93cb-60a64b76f785;425.77;0.077;UNKNOWN
2016-04-14T00:18:01.000000;2016-04-14T00:18:01.000000;568ad78a-890d-409b-b250-d1fd546ea72d;425.71;0.01;UNKNOWN
2016-04-14T00:18:01.000000;2016-04-14T00:18:01.000000;122402f4-cf30-40b0-a512-d50aec04ac09;425.72;0.106;UNKNOWN
2016-04-14T00:18:01.000000;2016-04-14T00:18:01.000000;7bce2da4-3cfd-4f84-909d-4cf38c4d8ae5;425.74;0.01;UNKNOWN
2016-04-14T00:18:01.000000;2016-04-14T00:18:01.000000;d164cc35-17e8-4b16-a9ce-5be5cfeb901d;425.95;0.01;UNKNOWN
2016-04-14T00:18:01.000000;2016-04-14T00:18:01.000000;c1824def-cedd-4de7-99b6-037157b7b1bc;426.0;0.38415;UNKNOWN
2016-04-14T00:18:01.000000;2016-04-14T00:18:01.000000;8652dda4-aad8-4ef8-a57f-1109acb745c7;425.67;0.096;UNKNOWN
2016-04-14T00:18:01.000000;2016-04-14T00:18:01.000000;e3ee8e04-2d3b-4599-8c63-a97f6fca5d62;425.86;0.03;UNKNOWN
2016-04-14T00:18:01.000000;2016-04-14T00:18:01.000000;0b54794d-1623-406d-b47e-fc59a95caf5e;425.74;0.03;UNKNOWN
2016-04-14T00:18:01.000000;2016-04-14T00:18:01.000000;be5ede83-974a-41b2-a47b-fcd5a40b2d25;425.92;0.125;UNKNOWN
2016-04-14T00:18:01.000000;2016-04-14T00:18:01.000000;30a2ed15-cc9a-4256-8836-2161be8c16c6;425.85;0.01;UNKNOWN
2016-04-14T00:18:01.000000;2016-04-14T00:18:01.000000;949d2afe-c2b9-4713-9bda-dba88e21a42f;425.73;0.51;UNKNOWN
2016-04-14T00:18:01.000000;2016-04-14T00:18:01.000000;ee967f6b-9803-4393-abfa-e2c785988fd2;425.9;0.05;UNKNOWN
2016-04-14T00:18:01.000000;2016-04-14T00:18:01.000000;58a0c257-6d2d-48fa-b25a-a8e317438446;425.9;0.01;UNKNOWN
2016-04-14T00:18:01.000000;2016-04-14T00:18:01.000000;ed3cb891-ef1d-4dae-8ab0-041dcff5e221;425.68;0.03;UNKNOWN
2016-04-14T00:18:01.000000;2016-04-14T00:18:01.000000;07d6859c-5bd1-485a-b0de-3a8ab78c5d30;425.89;0.01;UNKNOWN
2016-04-14T00:18:01.000000;2016-04-14T00:18:01.000000;3e69124a-7fc8-4f16-afc6-4c3f538b609e;425.72;0.68;UNKNOWN
2016-04-14T00:18:01.000000;2016-04-14T00:18:01.000000;264802e4-7fa5-4f81-82ec-10a82482a0f4;425.73;0.8;UNKNOWN
2016-04-14T00:18:01.000000;2016-04-14T00:18:01.000000;c30142a7-b465-4bc2-9751-34474bd0df1c;425.73;0.01;UNKNOWN
2016-04-14T00:18:01.000000;2016-04-14T00:18:01.000000;c2dddab3-2eb3-4b84-b147-9daeabf752a6;425.74;0.03;UNKNOWN
2016-04-14T00:18:01.000000;2016-04-14T00:18:01.000000;1923f12f-3e2b-4f7d-8924-0f492eed5e24;425.77;0.01;UNKNOWN
2016-04-14T00:18:01.000000;2016-04-14T00:18:01.000000;6acb7200-0f71-4c1d-ae5d-55b0a4300c3e;425.97;0.3;UNKNOWN
2016-04-14T00:18:01.000000;2016-04-14T00:18:01.000000;0c5b7d6f-8d53-4819-9ed0-4db6a31f3148;426.0;0.1;UNKNOWN
2016-04-14T00:18:01.000000;2016-04-14T00:18:01.000000;fb4a89e7-9545-41f0-af6b-bff28730f679;425.77;0.03;UNKNOWN
2016-04-14T00:18:01.000000;2016-04-14T00:18:01.000000;60fd5b5b-eab1-4ea5-92c5-d493a03f19bf;425.67;0.03;UNKNOWN
2016-04-14T00:18:01.000000;2016-04-14T00:18:01.000000;7df1572c-54eb-442f-9d26-25b628a94dea;425.57;0.08;UNKNOWN
2016-04-14T00:18:01.000000;2016-04-14T00:18:01.000000;1c6f5046-03dd-4173-93bf-6a7385abe0b8;425.96;0.0871;UNKNOWN
2016-04-14T00:18:01.000000;2016-04-14T00:18:01.000000;1c4e2134-7d93-4b26-aab9-00390cef52d3;425.57;0.035;UNKNOWN
2016-04-14T00:18:01.000000;2016-04-14T00:18:01.000000;c434bf4d-735e-4944-9aec-424599a218ae;425.97;0.2;UNKNOWN
2016-04-14T00:18:01.000000;2016-04-14T00:18:01.000000;01aa838b-fda3-443c-bbda-5b85b5a8c043;425.76;0.01;UNKNOWN
2016-04-14T00:18:01.000000;2016-04-14T00:18:01.000000;a1fb8026-cca2-4a87-870f-9e8ac91daa16;425.75;0.25;UNKNOWN
2016-04-14T00:18:01.000000;2016-04-14T00:18:01.000000;2cde2dc7-83ad-41d6-85c4-5bce2a05d825;425.62;0.091;UNKNOWN
2016-04-14T00:18:01.000000;2016-04-14T00:18:01.000000;7718a22c-f621-402f-be2d-26e954d9cbe7;426.0;0.05;UNKNOWN
2016-04-14T00:18:01.000000;2016-04-14T00:18:01.000000;f2209f64-b420-43cf-a02d-499f4f7072dc;426.0;0.05;UNKNOWN
2016-04-14T00:18:01.000000;2016-04-14T00:18:01.000000;1ea97894-df66-4f29-955f-f42dc4e963c1;425.74;7.04127;UNKNOWN
2016-04-14T00:18:01.000000;2016-04-14T00:18:01.000000;d1e8a8bb-8802-46e4-9e5d-1d1d8543147f;425.67;0.03;UNKNOWN
2016-04-14T00:18:01.000000;2016-04-14T00:18:01.000000;53f3487b-f576-413b-91f6-e95677b1ffc8;425.77;0.03;UNKNOWN
2016-04-14T00:18:01.000000;2016-04-14T00:18:01.000000;7ed25ea5-72cb-4cc0-8562-7486aa87eac0;426.0;1.77664464;UNKNOWN
2016-04-14T00:18:01.000000;2016-04-14T00:18:01.000000;169af23e-d27e-49b7-ba48-e51d37f492ec;425.97;0.098;UNKNOWN
2016-04-14T00:18:01.000000;2016-04-14T00:18:01.000000;def4dcef-02a8-40ac-bbe4-428ba9a5f5d1;425.57;0.067;UNKNOWN
2016-04-14T00:18:01.000000;2016-04-14T00:18:01.000000;bb2c840b-ff7e-4996-885c-1ddda20ab39c;425.62;1.79478;UNKNOWN
2016-04-14T00:18:01.000000;2016-04-14T00:18:01.000000;b6df95ab-af79-4d05-81bf-47466d7e1d00;425.74;4.015;UNKNOWN
2016-04-14T00:18:01.000000;2016-04-14T00:18:01.000000;b171c41c-d169-4bf0-a07f-4118b14f9cb4;425.75;0.03;UNKNOWN
2016-04-14T00:18:01.000000;2016-04-14T00:18:01.000000;0ee0ef99-4453-4e7e-96bd-f2744f3a9604;426.0;0.1;UNKNOWN
2016-04-14T00:18:01.000000;2016-04-14T00:18:01.000000;33afa43a-4909-480b-8a82-05be5ccbc62d;425.75;0.01;UNKNOWN
2016-04-14T00:18:01.000000;2016-04-14T00:18:01.000000;f65f28a8-916f-4f0d-b774-b63c37153740;425.75;0.067;UNKNOWN
2016-04-14T00:18:01.000000;2016-04-14T00:18:01.000000;e105b94b-c20e-4663-9a84-c4de91052985;425.58;0.035;UNKNOWN
2016-04-14T00:18:01.000000;2016-04-14T00:18:01.000000;b6ff1db4-a2f4-436b-a5e4-a1b179977198;425.6;0.01;UNKNOWN
2016-04-14T00:18:01.000000;2016-04-14T00:18:01.000000;cc42c084-ec6c-4f44-a49e-210246a22628;425.75;0.01;UNKNOWN
2016-04-14T00:18:01.000000;2016-04-14T00:18:01.000000;9d8d3642-8137-43ad-93c4-9bd583696b9d;425.59;0.25;UNKNOWN
2016-04-14T00:18:01.000000;2016-04-14T00:18:01.000000;c61e4734-6261-4f21-bbc6-c5d5826109ba;425.75;0.0115;UNKNOWN
2016-04-14T00:18:01.000000;2016-04-14T00:18:01.000000;c9939d0b-3687-46b8-a6b9-3abdae6921f9;425.76;0.03;UNKNOWN
2016-04-14T00:18:01.000000;2016-04-14T00:18:01.000000;cf449eb5-161b-4567-a0e5-52331d45da32;425.64;0.03;UNKNOWN
2016-04-14T00:18:01.000000;2016-04-14T00:18:01.000000;8dd40753-d2dd-4849-af7d-303a5e92ee2c;425.66;0.01;UNKNOWN
2016-04-14T00:18:01.000000;2016-04-14T00:18:01.000000;910e6d91-0b5e-4697-8871-103d1991afb0;425.66;0.03;UNKNOWN
2016-04-14T00:18:01.000000;2016-04-14T00:18:01.000000;0964a2b1-4d86-4240-ac58-d6e7aa2c3ae4;425.64;0.01;UNKNOWN
2016-04-14T00:18:01.000000;2016-04-14T00:18:01.000000;b8414ee0-b760-4141-8a84-1cdee48b5f26;425.65;0.03;UNKNOWN
2016-04-14T00:18:01.000000;2016-04-14T00:18:01.000000;51d00988-470e-448a-92ed-6e0acd519ad3;426.0;0.01;UNKNOWN
2016-04-14T00:18:01.000000;2016-04-14T00:18:01.000000;6ea25195-500f-48d7-b9e5-aad59e8499e2;426.0;0.01931703;UNKNOWN
2016-04-14T00:18:01.000000;2016-04-14T00:18:01.000000;334dd8f6-70a4-4caf-bad3-ecc2950d9ed6;426.01;0.02;UNKNOWN
2016-04-14T00:18:01.000000;2016-04-14T00:18:01.000000;e427909b-5bc5-494f-98f5-f008999e0384;426.01;0.03;UNKNOWN
2016-04-14T00:18:01.000000;2016-04-14T00:18:01.000000;ec30725b-b2d3-48d0-8a7a-ab8317bde444;426.01;0.01;UNKNOWN
2016-04-14T00:18:01.000000;2016-04-14T00:18:01.000000;e5118ca5-47f4-4e9f-a92b-9ffb1cd027a5;426.01;0.72380833;UNKNOWN
2016-04-14T00:18:31.000000;2016-04-14T00:18:31.000000;d0bdd1ce-b04a-4f3a-a5d7-ef7d3ae7e7b2;425.69;0.23257;UNKNOWN
2016-04-14T00:18:33.000000;2016-04-14T00:18:33.000000;bf2d036d-e379-47ec-af13-2d7551d4f1f6;425.67;0.01;UNKNOWN
2016-04-14T00:18:58.000000;2016-04-14T00:18:58.000000;6dff9d8c-e6f7-4be4-829b-a63e5ae80040;425.68;0.01;UNKNOWN
2016-04-14T00:19:00.000000;2016-04-14T00:19:00.000000;cfe981c6-1f62-4d16-8534-8df104c10177;425.69;0.019;UNKNOWN
2016-04-14T00:19:01.000000;2016-04-14T00:19:01.000000;54e4d960-5ade-44f9-98fd-cffd76d317f1;425.69;0.12651;UNKNOWN
2016-04-14T00:20:01.000000;2016-04-14T00:20:01.000000;d14c858e-1408-40d8-9e0b-e65035c93820;425.7;0.01;UNKNOWN
2016-04-14T00:20:01.000000;2016-04-14T00:20:01.000000;57907329-714c-49ed-9fcf-a447aa3bd32d;425.71;0.02;UNKNOWN
2016-04-14T00:20:01.000000;2016-04-14T00:20:01.000000;7dea1448-59df-44c2-9e31-cb1e4d77fa9a;425.81;0.0974;UNKNOWN
2016-04-14T00:20:01.000000;2016-04-14T00:20:01.000000;20371ee4-7eee-4a86-8f61-13469b0d3484;425.8;0.01;UNKNOWN
2016-04-14T00:21:01.000000;2016-04-14T00:21:01.000000;76a2e998-65f0-4f01-9952-19642e804236;425.86;0.01;UNKNOWN
2016-04-14T00:21:01.000000;2016-04-14T00:21:01.000000;e50bcb2d-8a5d-412b-96bf-a5b9b2e18178;425.86;0.0545;UNKNOWN
2016-04-14T00:21:01.000000;2016-04-14T00:21:01.000000;071f6215-77b6-453c-b243-b97560dddfbf;425.86;0.0654;UNKNOWN
2016-04-14T00:21:01.000000;2016-04-14T00:21:01.000000;5fc8741c-dc84-4201-8c36-a4d5e5c6ab7a;425.86;0.02;UNKNOWN
2016-04-14T00:21:01.000000;2016-04-14T00:21:01.000000;dcfa91d3-bf7a-4ba9-808f-77a092c53f3d;425.86;0.0574;UNKNOWN
2016-04-14T00:21:01.000000;2016-04-14T00:21:01.000000;d6c8d7d5-acc3-4659-bb5f-feba3ed8abb5;425.86;0.0619;UNKNOWN
2016-04-14T00:21:01.000000;2016-04-14T00:21:01.000000;2b9a817e-b1c0-4b53-883e-ddaaecbb4e0f;425.86;0.0553;UNKNOWN
2016-04-14T00:21:01.000000;2016-04-14T00:21:01.000000;4f66bbbb-55cd-4d9e-bce8-5d012edd7706;425.86;0.0606;UNKNOWN
2016-04-14T00:21:01.000000;2016-04-14T00:21:01.000000;ec0ac394-d148-4d67-824b-d2afa2ff50b1;425.86;0.0501;UNKNOWN
2016-04-14T00:21:01.000000;2016-04-14T00:21:01.000000;c3171cf5-d5aa-4f7b-846f-edeb71fba57b;425.86;0.0557;UNKNOWN
2016-04-14T00:21:01.000000;2016-04-14T00:21:01.000000;fcf4fd77-3bdf-4454-97a6-d25365daa69e;425.86;0.0479;UNKNOWN
2016-04-14T00:21:01.000000;2016-04-14T00:21:01.000000;1673cac6-8628-4cc8-8e6c-6ea3c3bab29b;425.86;0.0587;UNKNOWN
2016-04-14T00:21:01.000000;2016-04-14T00:21:01.000000;d3a5617e-496a-41cc-a0d7-5251309dd92c;425.86;0.0581;UNKNOWN
2016-04-14T00:21:01.000000;2016-04-14T00:21:01.000000;e3bc2db5-be26-4492-98b7-5657fb036c19;425.86;0.0595;UNKNOWN
2016-04-14T00:21:01.000000;2016-04-14T00:21:01.000000;b4a12240-64c7-487d-9666-f561b45187d9;425.86;0.0612;UNKNOWN
2016-04-14T00:21:01.000000;2016-04-14T00:21:01.000000;3d6074a3-6e34-49d3-bbe1-dba363ffc139;425.86;0.0622;UNKNOWN
2016-04-14T00:21:01.000000;2016-04-14T00:21:01.000000;32968453-69cc-45f7-9917-f8016fe1c539;425.85;0.7044;UNKNOWN
2016-04-14T00:21:01.000000;2016-04-14T00:21:01.000000;dcabcc68-8bcb-45cf-b356-fbbc739cee45;425.86;0.056;UNKNOWN
2016-04-14T00:21:01.000000;2016-04-14T00:21:01.000000;33f00fe7-d168-43f5-b5b2-cf2d575fd2ec;425.86;0.0554;UNKNOWN
2016-04-14T00:21:36.000000;2016-04-14T00:21:36.000000;68edfad6-34f1-467c-9cb8-eff75a4547b4;425.85;0.035;UNKNOWN
2016-04-14T00:21:36.000000;2016-04-14T00:21:36.000000;e5c273c2-e1de-4707-a951-485f67eeee1d;425.84;0.035;UNKNOWN
2016-04-14T00:21:36.000000;2016-04-14T00:21:36.000000;dac4a7fc-4fb3-4420-b9dc-e94114b2bf86;425.85;0.067;UNKNOWN
2016-04-14T00:21:36.000000;2016-04-14T00:21:36.000000;1718bb64-e575-4f07-8281-27d9df80d436;425.71;0.035;UNKNOWN
2016-04-14T00:21:36.000000;2016-04-14T00:21:36.000000;d40c650e-b7b4-4aed-aac4-2145b4c0dd0f;425.81;0.01;UNKNOWN
2016-04-14T00:21:36.000000;2016-04-14T00:21:36.000000;2b9e87a7-09f2-4211-a604-8eb7d405f78c;425.8;0.01;UNKNOWN
2016-04-14T00:21:36.000000;2016-04-14T00:21:36.000000;cab96fb7-8d19-4954-a10b-6b0efbff3f18;425.72;0.035;UNKNOWN
2016-04-14T00:21:36.000000;2016-04-14T00:21:36.000000;c3324737-b253-401b-b17a-86f65daef0fa;425.84;0.349;UNKNOWN
2016-04-14T00:21:36.000000;2016-04-14T00:21:36.000000;3498acbd-1869-47e7-ba86-92964008cee5;425.82;0.035;UNKNOWN
2016-04-14T00:21:36.000000;2016-04-14T00:21:36.000000;1b0831a1-87be-47e0-abae-6cef10b2d3d1;425.83;0.035;UNKNOWN
2016-04-14T00:21:36.000000;2016-04-14T00:21:36.000000;52cb8069-d1b5-4dfd-a766-7ea2737ed7a9;425.81;0.035;UNKNOWN
2016-04-14T00:21:36.000000;2016-04-14T00:21:36.000000;59446795-a4a9-4394-9984-cfe4afc8b17a;425.7;0.035;UNKNOWN
2016-04-14T00:21:36.000000;2016-04-14T00:21:36.000000;e98b5726-6c0b-4e33-8ae3-2999d6df1e31;425.69;0.17;UNKNOWN
2016-04-14T00:21:36.000000;2016-04-14T00:21:36.000000;63737e9a-2326-4fdc-b5cb-e5bf81ccc519;425.73;0.035;UNKNOWN
2016-04-14T00:21:36.000000;2016-04-14T00:21:36.000000;8778ea6b-3175-4710-aff2-07eba4606ffa;425.69;0.035;UNKNOWN
2016-04-14T00:21:36.000000;2016-04-14T00:21:36.000000;3f97dbc3-e4db-4ad4-aefa-eb6d187d0b13;425.69;0.01;UNKNOWN
2016-04-14T00:21:36.000000;2016-04-14T00:21:36.000000;0455b152-36e5-4912-a446-afe980e65153;425.79;0.035;UNKNOWN
2016-04-14T00:21:36.000000;2016-04-14T00:21:36.000000;2b82b928-4bca-456e-8051-d567902d0aeb;425.8;0.035;UNKNOWN
2016-04-14T00:21:36.000000;2016-04-14T00:21:36.000000;cb5e4d53-efad-4f4a-bed5-5d3f1ae98fa7;425.86;0.0232;UNKNOWN
2016-04-14T00:21:36.000000;2016-04-14T00:21:36.000000;91498ffc-7754-4ff6-9209-e5ca44746f9e;425.69;0.314;UNKNOWN
2016-04-14T00:21:36.000000;2016-04-14T00:21:36.000000;c8028e8f-d070-457b-8f8b-b07e79b0c5ad;425.67;0.067;UNKNOWN
2016-04-14T00:21:36.000000;2016-04-14T00:21:36.000000;469ee83e-37f7-4c63-9a3b-36859d95ad07;425.78;0.035;UNKNOWN
2016-04-14T00:21:36.000000;2016-04-14T00:21:36.000000;4d3a9c18-96e2-4166-8501-16e86785d62b;425.7;0.02;UNKNOWN
2016-04-14T00:21:36.000000;2016-04-14T00:21:36.000000;6d33668e-ccaf-4d12-84ae-1ab641fe2b67;425.68;1.02;UNKNOWN
2016-04-14T00:21:36.000000;2016-04-14T00:21:36.000000;b4ca7e95-22bc-4464-81e4-f7f4f49ff5fa;425.68;0.035;UNKNOWN
2016-04-14T00:21:36.000000;2016-04-14T00:21:36.000000;a3c64ffd-786f-4aaf-8630-e2e2b5a0fb8b;425.67;0.035;UNKNOWN
2016-04-14T00:21:36.000000;2016-04-14T00:21:36.000000;6e90edd0-5d58-4c4e-a0f3-eea9651bbd41;425.74;0.334;UNKNOWN
2016-04-14T00:21:36.000000;2016-04-14T00:21:36.000000;09926561-8286-464c-9867-e241b69ba1d0;425.79;0.311;UNKNOWN
2016-04-14T00:21:36.000000;2016-04-14T00:21:36.000000;e8cbf92d-f2fd-4aa8-b6ec-053ea7d05d14;425.86;0.0265;UNKNOWN
2016-04-14T00:21:36.000000;2016-04-14T00:21:36.000000;18ad7194-e352-44e5-a1cb-531e0103a6e7;425.67;0.5059;UNKNOWN
2016-04-14T00:21:36.000000;2016-04-14T00:21:36.000000;415d153d-48bd-4cb0-bfe5-b96f0eaf5adf;425.86;0.0305;UNKNOWN
2016-04-14T00:21:36.000000;2016-04-14T00:21:36.000000;e5717f13-c69f-48ae-ae2a-8d8564c36eaa;425.78;0.19;UNKNOWN
2016-04-14T00:21:36.000000;2016-04-14T00:21:36.000000;51d459d7-57f3-4e5f-9f59-039006e6bfdb;425.78;0.24;UNKNOWN
2016-04-14T00:21:36.000000;2016-04-14T00:21:36.000000;63229849-125e-4a9c-9b8c-7f57ddc91731;425.76;0.035;UNKNOWN
2016-04-14T00:21:36.000000;2016-04-14T00:21:36.000000;b346097b-ecbf-4418-97a1-7c78d2434875;425.77;0.035;UNKNOWN
2016-04-14T00:21:36.000000;2016-04-14T00:21:36.000000;7b257000-e89b-46a2-bc8d-eb3293a29d7c;425.86;0.0281;UNKNOWN
2016-04-14T00:21:36.000000;2016-04-14T00:21:36.000000;ee500458-9021-4e57-a0f9-7d58af170985;425.74;0.035;UNKNOWN
2016-04-14T00:21:36.000000;2016-04-14T00:21:36.000000;2b228b6f-2129-4d4c-93c3-6ff6ed2c55a7;425.86;0.0305;UNKNOWN
2016-04-14T00:21:36.000000;2016-04-14T00:21:36.000000;a74f6387-2e71-4b04-ad19-136eeef09cbf;425.86;0.0412;UNKNOWN
2016-04-14T00:21:36.000000;2016-04-14T00:21:36.000000;68fb2727-36d9-41c8-a309-130833ea91ee;425.86;0.0305;UNKNOWN
2016-04-14T00:21:36.000000;2016-04-14T00:21:36.000000;75e32388-f834-4dfb-9897-24556315d466;425.86;0.0542;UNKNOWN
2016-04-14T00:21:36.000000;2016-04-14T00:21:36.000000;ec9976f5-cf01-4b7e-b314-5d16f4e2a755;425.86;0.0444;UNKNOWN
2016-04-14T00:21:36.000000;2016-04-14T00:21:36.000000;f5a71376-b782-43da-895f-5eace3512e64;425.86;0.0432;UNKNOWN
2016-04-14T00:21:36.000000;2016-04-14T00:21:36.000000;a77bb1db-3fe4-4c06-ab96-eb17626e816c;425.86;0.0405;UNKNOWN
2016-04-14T00:21:36.000000;2016-04-14T00:21:36.000000;cdab5822-62aa-4f19-8ecf-01edd4c82f3f;425.86;0.0501;UNKNOWN
2016-04-14T00:21:36.000000;2016-04-14T00:21:36.000000;c6b4e205-da42-428d-b5e0-9c9bed6ce08e;425.86;0.0381;UNKNOWN
2016-04-14T00:21:36.000000;2016-04-14T00:21:36.000000;fe6bbebb-93a0-4cdd-80f0-8a62d674752f;425.86;0.9;UNKNOWN
2016-04-14T00:21:36.000000;2016-04-14T00:21:36.000000;825fd513-cf96-4d65-8e99-c8bd8177b8ae;425.75;0.035;UNKNOWN
2016-04-14T00:21:36.000000;2016-04-14T00:21:36.000000;3f0db467-d254-48ce-a6ce-e2efff9b04b0;425.75;0.0115;UNKNOWN
2016-04-14T00:21:36.000000;2016-04-14T00:21:36.000000;c38b8390-3913-4e0b-b1c3-3aeae694cf85;425.75;0.01;UNKNOWN
2016-04-14T00:22:01.000000;2016-04-14T00:22:01.000000;3e1e2b70-9b95-41ff-a9d0-fdcb9b567d23;425.7;0.91995;UNKNOWN
2016-04-14T00:22:01.000000;2016-04-14T00:22:01.000000;b7cd6899-fb67-40a1-8ab0-13f128c78405;425.7;0.035;UNKNOWN
2016-04-14T00:22:31.000000;2016-04-14T00:22:31.000000;a8245256-b6ce-4f34-a8c5-078c22847b03;425.7;3.51143;UNKNOWN
2016-04-14T00:23:01.000000;2016-04-14T00:23:01.000000;9bd32d1a-abf0-4bb2-9477-119857709e97;425.57;0.035;UNKNOWN
2016-04-14T00:23:01.000000;2016-04-14T00:23:01.000000;4e2b3642-598d-4475-8a93-80833c4e74e2;425.69;0.01;UNKNOWN
2016-04-14T00:23:01.000000;2016-04-14T00:23:01.000000;84126760-dbcb-492a-bbdc-3946097f1c2c;425.67;0.035;UNKNOWN
2016-04-14T00:23:01.000000;2016-04-14T00:23:01.000000;080b046c-27c2-4d82-8ec6-f859a7e7753c;425.68;0.035;UNKNOWN
2016-04-14T00:23:01.000000;2016-04-14T00:23:01.000000;279086ed-e987-4fc1-9a4d-c9580e6b52bf;425.69;0.124;UNKNOWN
2016-04-14T00:23:01.000000;2016-04-14T00:23:01.000000;0a02423a-2362-4593-9b3a-9fc2be1c5eed;425.58;0.3;UNKNOWN
2016-04-14T00:23:01.000000;2016-04-14T00:23:01.000000;19925839-ef5d-40c8-81de-a27cdf89489a;425.62;0.035;UNKNOWN
2016-04-14T00:23:01.000000;2016-04-14T00:23:01.000000;2c3db631-f0eb-4ac5-b116-175a0f763180;425.63;0.035;UNKNOWN
2016-04-14T00:23:01.000000;2016-04-14T00:23:01.000000;60d4fce1-fc13-4614-ab3a-71b33b54fcac;425.66;0.01;UNKNOWN
2016-04-14T00:23:01.000000;2016-04-14T00:23:01.000000;0b3ac72f-cbab-44e1-a09b-9d525ff01720;425.64;0.096;UNKNOWN
2016-04-14T00:23:01.000000;2016-04-14T00:23:01.000000;d36e0039-5aa9-4298-b045-24d87dd38a8c;425.64;0.035;UNKNOWN
2016-04-14T00:23:01.000000;2016-04-14T00:23:01.000000;7ea49d87-79e4-4469-923b-ce7b04a3d2a2;425.66;0.035;UNKNOWN
2016-04-14T00:23:01.000000;2016-04-14T00:23:01.000000;cb1d7285-536d-481e-924e-aad5231f990a;425.58;0.035;UNKNOWN
2016-04-14T00:23:01.000000;2016-04-14T00:23:01.000000;736cb022-5328-4681-b823-2c92db564565;425.66;0.067;UNKNOWN
2016-04-14T00:23:01.000000;2016-04-14T00:23:01.000000;fbe77b98-6404-46cd-9115-7cb470090213;425.65;0.035;UNKNOWN
2016-04-14T00:23:01.000000;2016-04-14T00:23:01.000000;da8cb73c-1eeb-45b9-ab17-7cb698c31ddc;425.59;0.089;UNKNOWN
2016-04-14T00:23:01.000000;2016-04-14T00:23:01.000000;e6d2a4fb-f3e1-4176-a88d-7cf51bab453b;425.61;0.035;UNKNOWN
2016-04-14T00:23:01.000000;2016-04-14T00:23:01.000000;7efec184-62f8-4c0f-83a5-b6a0a61c11ca;425.59;0.035;UNKNOWN
2016-04-14T00:23:01.000000;2016-04-14T00:23:01.000000;dd255a54-1f37-4f3e-ae11-5abebc1ef02e;425.6;0.035;UNKNOWN
2016-04-14T00:23:01.000000;2016-04-14T00:23:01.000000;d88bc7d5-d509-4b60-b5cd-c55f9e23217e;425.6;0.02;UNKNOWN
2016-04-14T00:23:01.000000;2016-04-14T00:23:01.000000;b47cd3bd-84aa-483e-99b8-d4eccf9c9fe5;425.54;0.035;UNKNOWN
2016-04-14T00:23:01.000000;2016-04-14T00:23:01.000000;26b3b89c-f980-416d-a78e-e5856aed57d4;425.57;0.035;UNKNOWN
2016-04-14T00:23:01.000000;2016-04-14T00:23:01.000000;50b0c8b1-a62d-43d8-a18a-ac52b5e16e18;425.56;0.035;UNKNOWN
2016-04-14T00:23:01.000000;2016-04-14T00:23:01.000000;aca373f4-8acd-426d-be7d-ed5319f6e951;425.55;0.8;UNKNOWN
2016-04-14T00:23:01.000000;2016-04-14T00:23:01.000000;b36a21de-bcab-4870-ac53-8ae5377c10d7;425.55;0.035;UNKNOWN
2016-04-14T00:23:01.000000;2016-04-14T00:23:01.000000;759a40c6-9856-42a2-b20b-1b4545363782;425.54;2.36651;UNKNOWN
2016-04-14T00:24:01.000000;2016-04-14T00:24:01.000000;d5884ad5-12c1-4972-a566-42355e2823f5;425.8;0.01;UNKNOWN
2016-04-14T00:24:01.000000;2016-04-14T00:24:01.000000;b106764f-1f91-4cd4-83cd-3bb6b5927d7f;425.79;0.51;UNKNOWN
2016-04-14T00:24:01.000000;2016-04-14T00:24:01.000000;35fca794-7838-4bd5-9edb-51e5538b5028;425.8;0.02;UNKNOWN
2016-04-14T00:24:01.000000;2016-04-14T00:24:01.000000;08b2405b-32f9-4188-ac23-ec09875ec1d4;425.75;0.17;UNKNOWN
2016-04-14T00:24:01.000000;2016-04-14T00:24:01.000000;97ec5e3d-b815-4065-b7bd-a4c9d917ea6d;425.75;0.0125;UNKNOWN
2016-04-14T00:24:01.000000;2016-04-14T00:24:01.000000;387d31e8-600d-4f82-8498-f4d5be8a0b15;425.75;0.333;UNKNOWN
2016-04-14T00:24:01.000000;2016-04-14T00:24:01.000000;36812a23-d545-444d-a150-e368d0ed4207;425.75;0.035;UNKNOWN
2016-04-14T00:24:01.000000;2016-04-14T00:24:01.000000;a2d55cc9-b9f4-4bf8-b89b-e54e29518300;425.8;0.035;UNKNOWN
2016-04-14T00:24:01.000000;2016-04-14T00:24:01.000000;646bf3eb-c237-407a-a723-f95424784565;425.69;0.035;UNKNOWN
2016-04-14T00:24:01.000000;2016-04-14T00:24:01.000000;9f2d866d-d12d-4ce4-8482-0e749e7c7eac;425.74;0.17;UNKNOWN
2016-04-14T00:24:01.000000;2016-04-14T00:24:01.000000;8b733359-aaa9-4504-a26b-2feeb4e282f2;425.8;0.51;UNKNOWN
2016-04-14T00:24:01.000000;2016-04-14T00:24:01.000000;2fa375cb-bfdf-4d5f-8639-573f38090dfd;425.79;0.035;UNKNOWN
2016-04-14T00:24:01.000000;2016-04-14T00:24:01.000000;aa639056-dccd-480c-96e5-3e552d2cd0ef;425.76;0.035;UNKNOWN
2016-04-14T00:24:01.000000;2016-04-14T00:24:01.000000;062aa48f-d38b-4e42-861a-94d24f76c7c3;425.76;0.68;UNKNOWN
2016-04-14T00:24:01.000000;2016-04-14T00:24:01.000000;51ddcf02-ab30-4f45-831d-644f88af7772;425.68;0.035;UNKNOWN
2016-04-14T00:24:01.000000;2016-04-14T00:24:01.000000;e12d9b88-204a-4992-ac33-ec5c368bb941;425.81;0.035;UNKNOWN
2016-04-14T00:24:01.000000;2016-04-14T00:24:01.000000;ca5205e7-66e0-459f-9666-fab5df12c1c9;425.78;0.68;UNKNOWN
2016-04-14T00:24:01.000000;2016-04-14T00:24:01.000000;00268a3d-6fd9-405b-817d-4af6da4c68e3;425.77;0.035;UNKNOWN
2016-04-14T00:24:01.000000;2016-04-14T00:24:01.000000;afe0fa30-4163-4748-8d8a-e2f639008dac;425.74;0.035;UNKNOWN
2016-04-14T00:24:01.000000;2016-04-14T00:24:01.000000;ddb569c4-6044-424b-8f9b-d7fb53067d07;425.77;0.68;UNKNOWN
2016-04-14T00:24:01.000000;2016-04-14T00:24:01.000000;8e005c77-cb42-42a0-8057-0d13e1118a39;425.81;0.371;UNKNOWN
2016-04-14T00:24:01.000000;2016-04-14T00:24:01.000000;41101300-9cea-4f3e-8430-ef2d39d5d980;425.78;0.035;UNKNOWN
2016-04-14T00:24:01.000000;2016-04-14T00:24:01.000000;596279a4-0355-4e6a-9c6c-981ef6bda6be;425.69;0.369;UNKNOWN
2016-04-14T00:24:01.000000;2016-04-14T00:24:01.000000;ed4452f0-9bc4-47dc-9b81-dc3aa94f9dac;425.7;0.02;UNKNOWN
2016-04-14T00:24:01.000000;2016-04-14T00:24:01.000000;0c274c94-9bb0-4079-954e-a837f02d0bc7;425.73;0.035;UNKNOWN
2016-04-14T00:24:01.000000;2016-04-14T00:24:01.000000;003085c7-4d3a-4e9a-8713-5ded1b1576a4;425.67;0.035;UNKNOWN
2016-04-14T00:24:01.000000;2016-04-14T00:24:01.000000;4a871f24-528d-41e2-8743-7754c64bf592;425.66;0.035;UNKNOWN
2016-04-14T00:24:01.000000;2016-04-14T00:24:01.000000;3ea59c9c-bce0-4256-b43c-de6c3aa34788;425.72;0.035;UNKNOWN
2016-04-14T00:24:01.000000;2016-04-14T00:24:01.000000;4ff24639-6588-454d-aca4-d8845f30d311;425.81;0.17;UNKNOWN
2016-04-14T00:24:01.000000;2016-04-14T00:24:01.000000;5cf298e9-06bb-4c66-ae77-6437321c81e7;425.71;0.035;UNKNOWN
2016-04-14T00:24:01.000000;2016-04-14T00:24:01.000000;7a9e90f8-a512-4cfc-92d5-58a22876edd0;425.71;0.035;UNKNOWN
2016-04-14T00:24:01.000000;2016-04-14T00:24:01.000000;d8084ca9-0b67-49a2-a997-923e91dfec67;425.82;0.01;UNKNOWN
2016-04-14T00:24:01.000000;2016-04-14T00:24:01.000000;368721c0-2527-4678-907e-96970f37b6ed;425.71;0.035;UNKNOWN
2016-04-14T00:24:01.000000;2016-04-14T00:24:01.000000;3454c68f-0163-42eb-9a90-e2dc10edd157;425.82;0.51;UNKNOWN
2016-04-14T00:24:01.000000;2016-04-14T00:24:01.000000;d5a48bf4-7035-4bbc-ad26-a18b5923bf63;425.65;0.035;UNKNOWN
2016-04-14T00:24:01.000000;2016-04-14T00:24:01.000000;ec241d3b-5220-4cf3-b481-7495dadc62e9;425.82;0.035;UNKNOWN
2016-04-14T00:24:01.000000;2016-04-14T00:24:01.000000;0bd23206-31cc-4fe4-8f2c-9f62722e81f9;425.64;0.3;UNKNOWN
2016-04-14T00:24:01.000000;2016-04-14T00:24:01.000000;4b06f328-cc99-4a18-9a66-bd76a8d44fe5;425.83;0.68;UNKNOWN
2016-04-14T00:24:01.000000;2016-04-14T00:24:01.000000;9a758723-5db1-4dc4-9f0c-52de5d574690;425.63;0.19;UNKNOWN
2016-04-14T00:24:01.000000;2016-04-14T00:24:01.000000;a7db091f-e915-441d-85b6-7d4b57dbf726;425.83;0.035;UNKNOWN
2016-04-14T00:24:01.000000;2016-04-14T00:24:01.000000;bbbfb7bd-6028-46b8-8636-9d9a38443b55;425.64;0.035;UNKNOWN
2016-04-14T00:24:01.000000;2016-04-14T00:24:01.000000;8dd80e11-eee1-42dc-bce3-c739e54acd5a;425.63;0.035;UNKNOWN
2016-04-14T00:24:01.000000;2016-04-14T00:24:01.000000;c041d230-b8dd-432b-a350-accad9fcbb1d;425.85;0.13188;UNKNOWN
2016-04-14T00:24:01.000000;2016-04-14T00:24:01.000000;80008b2a-a4b7-4b95-bd81-27134b21a4ab;425.61;0.035;UNKNOWN
2016-04-14T00:24:01.000000;2016-04-14T00:24:01.000000;0105941b-e429-4966-93e4-4c7b8ab2313b;425.6;0.035;UNKNOWN
2016-04-14T00:24:01.000000;2016-04-14T00:24:01.000000;5817b55c-5093-42ef-a93d-7862ba290372;425.62;0.035;UNKNOWN
2016-04-14T00:24:01.000000;2016-04-14T00:24:01.000000;0c2337b7-16b8-4026-b214-6ab1f38e5a74;425.6;1.31;UNKNOWN
2016-04-14T00:24:01.000000;2016-04-14T00:24:01.000000;349ea84f-6ac2-4cfb-85f8-56a22ddda3a8;425.84;0.035;UNKNOWN
2016-04-14T00:24:01.000000;2016-04-14T00:24:01.000000;26ba6547-b855-41c8-822a-7b79c1e22b7e;425.85;0.01;UNKNOWN
2016-04-14T00:24:01.000000;2016-04-14T00:24:01.000000;b27d0c5d-2122-4eb6-b577-7e10ff2948d7;425.85;0.035;UNKNOWN
2016-04-14T00:24:01.000000;2016-04-14T00:24:01.000000;67cc4bdc-fa0f-4250-8b2f-72053fa8e591;425.84;0.51;UNKNOWN
2016-04-14T00:24:31.000000;2016-04-14T00:24:31.000000;c47698df-ecb3-4277-9aa0-4c29561174ff;425.51;4.26185;UNKNOWN
2016-04-14T00:24:31.000000;2016-04-14T00:24:31.000000;cb4f39d9-2e34-4554-b178-e17205aea076;425.51;0.035;UNKNOWN
2016-04-14T00:24:31.000000;2016-04-14T00:24:31.000000;19d98647-d2dd-499a-a964-c2caeffda354;425.52;0.035;UNKNOWN
2016-04-14T00:24:31.000000;2016-04-14T00:24:31.000000;7902f929-f2a8-49ea-83f5-8b6d1047b7d7;425.53;0.035;UNKNOWN
2016-04-14T00:24:31.000000;2016-04-14T00:24:31.000000;a7fc9f31-08fd-4761-8677-d77a3bec5080;425.55;0.035;UNKNOWN
2016-04-14T00:24:31.000000;2016-04-14T00:24:31.000000;d7b8af33-1467-44a5-80e5-8c0491af4004;425.54;0.035;UNKNOWN
2016-04-14T00:24:31.000000;2016-04-14T00:24:31.000000;d6476e9c-46b3-4da7-92fe-9795aa05e6fb;425.57;0.035;UNKNOWN
2016-04-14T00:24:31.000000;2016-04-14T00:24:31.000000;522b8138-3dd6-4054-8b18-d427d7316308;425.56;0.035;UNKNOWN
2016-04-14T00:24:31.000000;2016-04-14T00:24:31.000000;09fbb41e-48e8-4b17-bc25-c1bbc656995e;425.57;0.109;UNKNOWN
2016-04-14T00:24:31.000000;2016-04-14T00:24:31.000000;cc4a0659-3c6a-41e0-a5fe-b362827b0022;425.57;0.035;UNKNOWN
2016-04-14T00:25:01.000000;2016-04-14T00:25:01.000000;d12d7166-382f-4f3d-9013-ad598c372974;425.52;0.3;UNKNOWN
2016-04-14T00:25:01.000000;2016-04-14T00:25:01.000000;c841cf63-7ce9-4e6d-9073-28402741b419;425.51;3.32117;UNKNOWN
2016-04-14T00:25:01.000000;2016-04-14T00:25:01.000000;0dd094fb-09b4-404e-8f33-ab96d92090c9;425.52;0.078;UNKNOWN
2016-04-14T00:25:01.000000;2016-04-14T00:25:01.000000;c88def71-83ef-40ad-8e80-281b0960731e;425.52;0.01;UNKNOWN
2016-04-14T00:25:31.000000;2016-04-14T00:25:31.000000;ca480499-e120-4b23-9ebb-b69b0f5f68c8;425.53;0.035;UNKNOWN
2016-04-14T00:25:31.000000;2016-04-14T00:25:31.000000;08f8736f-ff5f-471a-954a-3f124f60354b;425.52;0.035;UNKNOWN
2016-04-14T00:25:31.000000;2016-04-14T00:25:31.000000;e29f8453-c5ef-4ac5-a745-479fcbbc8b7b;425.54;0.035;UNKNOWN
2016-04-14T00:25:31.000000;2016-04-14T00:25:31.000000;dd112685-8c76-4717-8da2-87164bd472d6;425.55;0.035;UNKNOWN
2016-04-14T00:25:31.000000;2016-04-14T00:25:31.000000;6851c8cf-77b8-4e01-b43b-3621d5a33598;425.56;0.035;UNKNOWN
2016-04-14T00:25:31.000000;2016-04-14T00:25:31.000000;2ed7eb4b-ff31-4a31-b614-b1983fed18e3;425.57;0.035;UNKNOWN
2016-04-14T00:25:31.000000;2016-04-14T00:25:31.000000;95e7361a-3843-4c8b-aa48-f1c6e95aba6d;425.65;0.01;UNKNOWN
2016-04-14T00:25:31.000000;2016-04-14T00:25:31.000000;fa225957-7168-4485-8844-9ac468f88a7c;425.67;0.35074;UNKNOWN
2016-04-14T00:25:31.000000;2016-04-14T00:25:31.000000;ad685623-d286-4745-aef7-d30f5a1b17d0;425.61;0.035;UNKNOWN
2016-04-14T00:25:31.000000;2016-04-14T00:25:31.000000;c22ed005-0cd8-4976-88bf-9dbac275bff1;425.59;0.035;UNKNOWN
2016-04-14T00:25:31.000000;2016-04-14T00:25:31.000000;9aafaa95-d833-472c-a039-ca2db46e5a8b;425.57;0.3;UNKNOWN
2016-04-14T00:25:31.000000;2016-04-14T00:25:31.000000;8bd3c0ad-c321-4189-9671-2321598e034f;425.58;0.035;UNKNOWN
2016-04-14T00:25:31.000000;2016-04-14T00:25:31.000000;e1baaf48-0199-42d1-8b0e-286200c46e61;425.58;0.035;UNKNOWN
2016-04-14T00:25:31.000000;2016-04-14T00:25:31.000000;69763e57-595f-4378-8f97-0a812633015a;425.58;0.035;UNKNOWN
2016-04-14T00:25:31.000000;2016-04-14T00:25:31.000000;cc6d401e-b3ec-4197-a68d-986dcf7344f8;425.58;0.035;UNKNOWN
2016-04-14T00:26:01.000000;2016-04-14T00:26:01.000000;281a867e-34e5-4417-85c3-a46249367068;425.82;0.067;UNKNOWN
2016-04-14T00:26:01.000000;2016-04-14T00:26:01.000000;12958af7-f4db-459a-81ca-f023982446c3;425.84;0.6941613;UNKNOWN
2016-04-14T00:26:01.000000;2016-04-14T00:26:01.000000;de475fc1-de76-4bcc-9124-97bc7ff62a59;425.83;0.020004;UNKNOWN
2016-04-14T00:26:01.000000;2016-04-14T00:26:01.000000;870016e7-2767-40a3-8cee-b5be3b446a7f;425.8;0.02000235;UNKNOWN
2016-04-14T00:26:01.000000;2016-04-14T00:26:01.000000;7c557ce8-d710-4f49-9176-5309cd6efe40;425.83;0.035;UNKNOWN
2016-04-14T00:26:01.000000;2016-04-14T00:26:01.000000;03b0c4d7-dee2-455f-ad7b-2c27b5ac73cb;425.77;0.08;UNKNOWN
2016-04-14T00:26:01.000000;2016-04-14T00:26:01.000000;0ef56cb3-0f1c-4878-8515-4a569f397e71;425.7;0.01;UNKNOWN
2016-04-14T00:26:01.000000;2016-04-14T00:26:01.000000;99fb77e1-6879-4543-be69-35cd53ee8897;425.7;0.02000235;UNKNOWN
2016-04-14T00:26:30.000000;2016-04-14T00:26:30.000000;456b3b57-f620-4be1-82bc-dc8b3f5428de;425.84;0.429;UNKNOWN
2016-04-14T00:26:30.000000;2016-04-14T00:26:30.000000;ea1f81b0-a308-4a06-ae25-d66fad266cd9;425.85;0.15222;UNKNOWN
2016-04-14T00:27:03.000000;2016-04-14T00:27:03.000000;04c48d5d-b9f1-4cc4-b75e-42f323d722d6;425.79;0.389;UNKNOWN
2016-04-14T00:27:03.000000;2016-04-14T00:27:03.000000;216fee59-f8c2-47b4-8529-4a83bb6bc985;425.8;0.76382;UNKNOWN
2016-04-14T00:27:35.000000;2016-04-14T00:27:35.000000;bc8a5a23-bf81-4657-84a1-4e295a8cb972;425.85;0.0704;UNKNOWN
2016-04-14T00:27:35.000000;2016-04-14T00:27:35.000000;398d89fb-61a9-4840-a09c-0f01acb65851;425.85;0.3;UNKNOWN
2016-04-14T00:27:35.000000;2016-04-14T00:27:35.000000;aae20508-76af-42ab-b1c1-ce2cd537e3bd;425.86;0.035;UNKNOWN
2016-04-14T00:27:35.000000;2016-04-14T00:27:35.000000;15e9d7a1-32fa-489b-b57e-919fe02b1586;425.85;0.072;UNKNOWN
2016-04-14T00:27:35.000000;2016-04-14T00:27:35.000000;5d3196eb-8244-4094-9aad-99094dae1c9e;425.88;0.0276;UNKNOWN
2016-04-14T00:27:35.000000;2016-04-14T00:27:35.000000;0d1774b2-2f64-4cbc-89d8-021d9916cd9e;425.86;0.035;UNKNOWN
2016-04-14T00:28:02.000000;2016-04-14T00:28:02.000000;34f50349-e430-42c0-aec8-a78f333cf29e;426.03;0.03;UNKNOWN
2016-04-14T00:28:02.000000;2016-04-14T00:28:02.000000;9007ecc5-3b8d-4c37-81b7-6d9d7feac984;426.03;0.30458;UNKNOWN
2016-04-14T00:28:02.000000;2016-04-14T00:28:02.000000;86a3ba9e-ad3e-4853-9626-f312af748a6a;426.02;0.01;UNKNOWN
2016-04-14T00:28:02.000000;2016-04-14T00:28:02.000000;006b84c7-b0bf-4874-893f-271d8cc80265;426.02;0.8;UNKNOWN
2016-04-14T00:28:02.000000;2016-04-14T00:28:02.000000;da6d5586-a1dc-4170-9325-91d5072b1c3a;425.94;0.01;UNKNOWN
2016-04-14T00:28:02.000000;2016-04-14T00:28:02.000000;5d089259-34f3-4bef-b64a-d48ea67bfd71;425.92;0.01;UNKNOWN
2016-04-14T00:28:02.000000;2016-04-14T00:28:02.000000;28e44dac-a6cd-4f05-a245-4f9486c58b68;425.91;0.125;UNKNOWN
2016-04-14T00:28:02.000000;2016-04-14T00:28:02.000000;3d65bef0-a9c8-4b30-87ba-2e287111e273;425.9;0.01;UNKNOWN
2016-04-14T00:28:02.000000;2016-04-14T00:28:02.000000;231bbc5e-96f6-40e4-9b7c-832bea99a98c;425.91;0.01;UNKNOWN
2016-04-14T00:28:02.000000;2016-04-14T00:28:02.000000;42bec0f6-86ec-4f5d-a912-e33b15ce03af;425.9;0.01;UNKNOWN
2016-04-14T00:28:02.000000;2016-04-14T00:28:02.000000;d7c04a46-c888-4fff-aa50-1d0088ad624b;426.0;0.01;UNKNOWN
2016-04-14T00:28:02.000000;2016-04-14T00:28:02.000000;3802fb20-5364-4401-8c1d-87975ab4de57;426.0;0.093;UNKNOWN
2016-04-14T00:28:02.000000;2016-04-14T00:28:02.000000;86c7c3f1-a92e-4bcb-9b25-6160af40c043;426.02;0.03;UNKNOWN
2016-04-14T00:28:02.000000;2016-04-14T00:28:02.000000;5b0898b0-53ea-4fb6-aadc-28978b2c55e7;426.02;0.03;UNKNOWN
2016-04-14T00:28:02.000000;2016-04-14T00:28:02.000000;2fe145d1-18f6-4b4a-a933-ed08047e6e87;426.0;0.01;UNKNOWN
2016-04-14T00:28:02.000000;2016-04-14T00:28:02.000000;2fc6a4c3-3fd0-4b2a-a09d-2ed5263bbbce;425.96;0.02;UNKNOWN
2016-04-14T00:28:02.000000;2016-04-14T00:28:02.000000;1dc5dc54-3d91-464a-adfd-33d6870ac0e6;425.95;0.01;UNKNOWN
2016-04-14T00:28:36.000000;2016-04-14T00:28:36.000000;71e5dd8b-a788-4b5d-afa7-1a1fae3242f2;425.96;0.04491;UNKNOWN
2016-04-14T00:28:36.000000;2016-04-14T00:28:36.000000;a140d26b-81cb-4c71-a630-4d279cba7f1b;425.96;0.02;UNKNOWN
2016-04-14T00:29:00.000000;2016-04-14T00:29:00.000000;c901748c-eada-49b5-9ca1-600351224b48;425.98;0.24154;UNKNOWN
2016-04-14T00:29:00.000000;2016-04-14T00:29:00.000000;b3d63ca4-1487-4566-9301-a5a5cf3aca85;425.96;0.02209;UNKNOWN
2016-04-14T00:29:00.000000;2016-04-14T00:29:00.000000;77cf6dbe-a33a-4381-b926-3ce6a9661b6c;425.96;0.02;UNKNOWN
2016-04-14T00:29:31.000000;2016-04-14T00:29:31.000000;4b722daa-edcb-402b-87dc-e8afc96032de;425.96;0.02;UNKNOWN
2016-04-14T00:29:31.000000;2016-04-14T00:29:31.000000;74336a12-e906-45d6-bfc4-2148570b9279;426.03;0.108;UNKNOWN
2016-04-14T00:29:31.000000;2016-04-14T00:29:31.000000;cc9cc45e-e221-4c44-8d53-655209a4098a;426.05;0.01;UNKNOWN
2016-04-14T00:29:31.000000;2016-04-14T00:29:31.000000;b506c080-626d-418c-a2b4-4b7dd943f9e1;426.05;0.01;UNKNOWN
2016-04-14T00:29:31.000000;2016-04-14T00:29:31.000000;46fe3905-fc23-4794-bc9a-9d338d5350cc;426.05;0.03;UNKNOWN
2016-04-14T00:29:31.000000;2016-04-14T00:29:31.000000;7a353b2d-21ce-497c-a1af-a37874d2d8f6;426.04;0.02;UNKNOWN
2016-04-14T00:29:31.000000;2016-04-14T00:29:31.000000;93e336e3-e390-4d6a-bae7-4e6ce6d26620;426.04;0.03121;UNKNOWN
2016-04-14T00:29:31.000000;2016-04-14T00:29:31.000000;48f1254a-8494-4c1d-b22a-5145a6df07a0;426.04;0.03;UNKNOWN
2016-04-14T00:29:31.000000;2016-04-14T00:29:31.000000;ccd7af46-6dfd-4a80-8356-ac3b3c5195cb;426.04;0.01;UNKNOWN
2016-04-14T00:29:31.000000;2016-04-14T00:29:31.000000;f66eb9be-3c6e-4ffa-ad44-a0e670ebc4f9;426.06;0.02613;UNKNOWN
2016-04-14T00:29:31.000000;2016-04-14T00:29:31.000000;0835055f-94ba-43c4-accb-32b7dad83a15;426.06;0.03;UNKNOWN
2016-04-14T00:29:31.000000;2016-04-14T00:29:31.000000;22c2f3f3-15d5-433f-94c5-92d61fc8de57;426.05;0.1;UNKNOWN
2016-04-14T00:30:02.000000;2016-04-14T00:30:02.000000;a5d15d3a-5f1f-456b-b6e3-7acd72adf209;426.01;0.22355;UNKNOWN
2016-04-14T00:30:02.000000;2016-04-14T00:30:02.000000;668ccc78-0d59-4fe4-b1be-49cd53dc2cc6;426.02;0.01;UNKNOWN
2016-04-14T00:30:30.000000;2016-04-14T00:30:30.000000;77ebf702-e274-4166-95d9-7347315ef389;426.06;0.00387;UNKNOWN
2016-04-14T00:30:30.000000;2016-04-14T00:30:30.000000;b0ac9f09-73c7-4795-b826-4a4b7641aaf6;426.08;0.02545;UNKNOWN
2016-04-14T00:30:30.000000;2016-04-14T00:30:30.000000;53f59261-4322-4945-aa6e-8bed7509a33c;426.08;0.01;UNKNOWN
2016-04-14T00:30:30.000000;2016-04-14T00:30:30.000000;9f253a18-4bf7-4ff3-8925-641b15c33a0a;426.08;0.03;UNKNOWN
2016-04-14T00:30:30.000000;2016-04-14T00:30:30.000000;a310e4cf-0703-4e59-b575-e685b79cb5d7;426.07;0.01;UNKNOWN
2016-04-14T00:30:30.000000;2016-04-14T00:30:30.000000;5930d85e-dfcd-43ea-a19c-02c8b0815baa;426.06;0.01;UNKNOWN
2016-04-14T00:30:30.000000;2016-04-14T00:30:30.000000;376a5f3b-4251-476c-b772-6e1a5c3d17eb;426.07;0.03;UNKNOWN
2016-04-14T00:30:30.000000;2016-04-14T00:30:30.000000;82da16f7-d917-4039-b18a-041c4efbc6a4;426.06;0.01;UNKNOWN
2016-04-14T00:30:30.000000;2016-04-14T00:30:30.000000;3bbbf0dd-29e9-4dfa-8cc0-10c655890553;426.06;0.106;UNKNOWN
2016-04-14T00:30:43.000000;2016-04-14T00:30:43.000000;d0b17c4f-311c-40e1-95b0-6b06304ac0ab;426.09;0.03;UNKNOWN
2016-04-14T00:30:43.000000;2016-04-14T00:30:43.000000;73d13ead-87e5-4470-8237-6fa1ef820d96;426.08;0.00455;UNKNOWN
2016-04-14T00:30:43.000000;2016-04-14T00:30:43.000000;be8ae2cb-8abe-429c-918d-3f9dada0c003;426.08;0.082;UNKNOWN
2016-04-14T00:30:43.000000;2016-04-14T00:30:43.000000;c70b0ed6-148c-4a91-854d-38fee7b1dbf6;426.08;0.01;UNKNOWN
2016-04-14T00:30:43.000000;2016-04-14T00:30:43.000000;fccd200d-6351-4813-a966-167ad46e9e5e;426.1;0.00245;UNKNOWN
2016-04-14T00:30:43.000000;2016-04-14T00:30:43.000000;7dc8e060-3b27-447b-903c-53f06c5e61b2;426.1;0.03;UNKNOWN
2016-04-14T00:30:43.000000;2016-04-14T00:30:43.000000;e64801c1-62fa-4a04-bb1a-2bb1897711a2;426.08;0.02;UNKNOWN
2016-04-14T00:30:43.000000;2016-04-14T00:30:43.000000;c5ddaa58-a3d9-4f56-85dc-dfb645414181;426.09;0.03;UNKNOWN
2016-04-14T00:30:43.000000;2016-04-14T00:30:43.000000;c70ab829-d938-49be-99f1-7461ab129d62;426.09;0.231;UNKNOWN
2016-04-14T00:30:43.000000;2016-04-14T00:30:43.000000;880b5f1e-cd20-43ac-96bb-2d9f417f0980;426.08;0.01;UNKNOWN
2016-04-14T00:30:43.000000;2016-04-14T00:30:43.000000;65da6cd0-5c73-460c-bb24-7581256a820a;426.09;0.03;UNKNOWN
2016-04-14T00:30:54.000000;2016-04-14T00:30:54.000000;b53c2fe5-cffb-4f2c-b79e-93c274bc98ee;426.1;0.01;UNKNOWN
2016-04-14T00:31:00.000000;2016-04-14T00:31:00.000000;1a44417c-851f-433b-b125-63fbf5ba9bb0;426.15;0.237;UNKNOWN
2016-04-14T00:31:00.000000;2016-04-14T00:31:00.000000;b5637a3a-31cd-4ec8-bda2-d3dbd91c06f5;426.15;0.093;UNKNOWN
2016-04-14T00:31:00.000000;2016-04-14T00:31:00.000000;911f3ae8-178b-4958-bc83-39d66773df5d;426.14;0.01271105;UNKNOWN
2016-04-14T00:31:00.000000;2016-04-14T00:31:00.000000;5f9e82f1-a03b-4325-9fb7-613627d02019;426.14;0.03;UNKNOWN
2016-04-14T00:31:00.000000;2016-04-14T00:31:00.000000;a70be520-b8fd-452b-aa8b-68693d3629d4;426.15;0.01;UNKNOWN
2016-04-14T00:31:00.000000;2016-04-14T00:31:00.000000;c329e675-30d7-4af1-a66f-b3935432a40f;426.11;0.03;UNKNOWN
2016-04-14T00:31:00.000000;2016-04-14T00:31:00.000000;929b1a6e-09ed-4f5b-96f9-3bb84b173778;426.1;0.01;UNKNOWN
2016-04-14T00:31:00.000000;2016-04-14T00:31:00.000000;33fb6c2f-502a-4327-a1cb-1fef1c60d987;426.12;0.01;UNKNOWN
2016-04-14T00:31:00.000000;2016-04-14T00:31:00.000000;31aad379-1492-4ae2-9273-921b573c9d7a;426.11;0.01;UNKNOWN
2016-04-14T00:31:00.000000;2016-04-14T00:31:00.000000;dba05f23-7461-4a37-aa19-3fe560770f06;426.13;0.03;UNKNOWN
2016-04-14T00:31:00.000000;2016-04-14T00:31:00.000000;48250630-4aff-49f0-a137-232389cb8618;426.18;0.03;UNKNOWN
2016-04-14T00:31:00.000000;2016-04-14T00:31:00.000000;f1d1f4f6-417c-465c-a553-0fa70192d034;426.1;0.01;UNKNOWN
2016-04-14T00:31:00.000000;2016-04-14T00:31:00.000000;f608ca0b-8826-4991-8419-df9bd46e101d;426.17;0.03;UNKNOWN
2016-04-14T00:31:00.000000;2016-04-14T00:31:00.000000;ef953452-aa05-4ab7-9e5d-2513cf06c9b1;426.12;0.03;UNKNOWN
2016-04-14T00:31:00.000000;2016-04-14T00:31:00.000000;09446c43-8286-4550-a1bd-17ae5197fa9d;426.1;0.096;UNKNOWN
2016-04-14T00:31:00.000000;2016-04-14T00:31:00.000000;4f205b8f-b308-491f-a46a-b34ad22d28b6;426.16;0.03;UNKNOWN
2016-04-14T00:31:00.000000;2016-04-14T00:31:00.000000;05f95044-3a6b-43e4-a273-d210fd0cd2b5;426.18;0.02;UNKNOWN
2016-04-14T00:31:00.000000;2016-04-14T00:31:00.000000;5974a2e7-d141-4d39-ad33-5d5444f9966f;426.1;0.01;UNKNOWN
2016-04-14T00:31:00.000000;2016-04-14T00:31:00.000000;1b076947-eddf-4603-b3b4-a53951a5da3e;426.17;0.01715427;UNKNOWN
2016-04-14T00:31:00.000000;2016-04-14T00:31:00.000000;0c47921c-1650-45da-b0db-fca3453f20be;426.17;0.03;UNKNOWN
2016-04-14T00:31:00.000000;2016-04-14T00:31:00.000000;08f91f54-c2e1-441d-ac67-6b2146b438cc;426.16;0.01715427;UNKNOWN
2016-04-14T00:31:00.000000;2016-04-14T00:31:00.000000;5195a584-c213-46bc-8c51-93840ecbb3a5;426.16;0.01;UNKNOWN
2016-04-14T00:31:00.000000;2016-04-14T00:31:00.000000;ce821a4e-284c-49c8-9ce9-ffa4b00183a3;426.16;2.224;UNKNOWN
2016-04-14T00:31:00.000000;2016-04-14T00:31:00.000000;8832e7f5-003f-42f5-b506-5895e601e5f4;426.19;1.81513041;UNKNOWN
2016-04-14T00:31:00.000000;2016-04-14T00:31:00.000000;29ad0ab2-af0d-4eac-9a3c-39e204f640e0;426.19;0.03;UNKNOWN
2016-04-14T00:31:00.000000;2016-04-14T00:31:00.000000;0d65c9d6-620b-445c-8578-4dacb469c661;426.1;0.00755;UNKNOWN
2016-04-14T00:31:06.000000;2016-04-14T00:31:06.000000;0b40dedf-1c3b-4057-953d-bfacc510c553;426.14;0.01;UNKNOWN
2016-04-14T00:31:30.000000;2016-04-14T00:31:30.000000;ecf42402-2334-4da8-8b12-a9e4e4c3a9b5;426.18;1.90741;UNKNOWN
2016-04-14T00:31:30.000000;2016-04-14T00:31:30.000000;e5a4389e-e3c1-4070-aabf-dcf2c2d8570c;426.16;0.349;UNKNOWN
2016-04-14T00:31:30.000000;2016-04-14T00:31:30.000000;60b73641-a1ed-4abb-9119-e1f135716669;426.16;0.067;UNKNOWN
2016-04-14T00:32:03.000000;2016-04-14T00:32:03.000000;61827bbe-6cf8-4a03-b5b1-114bdaeca745;426.2;0.01236496;UNKNOWN
2016-04-14T00:32:03.000000;2016-04-14T00:32:03.000000;e3c38d94-4521-4f42-b2ca-afdea7fb214e;426.2;0.01;UNKNOWN
2016-04-14T00:32:03.000000;2016-04-14T00:32:03.000000;0cb2998a-75ae-44b0-bcb7-3b6e9363683a;426.2;0.01;UNKNOWN
2016-04-14T00:32:03.000000;2016-04-14T00:32:03.000000;1e513d37-41ba-4e67-b0f1-1ac9f4bddf1a;426.2;0.03;UNKNOWN
2016-04-14T00:32:03.000000;2016-04-14T00:32:03.000000;97cfbff3-1c7b-45ab-901b-ec8ac1258053;426.2;0.1;UNKNOWN
2016-04-14T00:32:03.000000;2016-04-14T00:32:03.000000;e101f775-bfc3-4e5c-89d2-f9f846e1abf7;426.2;0.01;UNKNOWN
2016-04-14T00:32:03.000000;2016-04-14T00:32:03.000000;9e583b7c-62ae-4aca-91da-f11de4187b93;426.2;0.1;UNKNOWN
2016-04-14T00:32:03.000000;2016-04-14T00:32:03.000000;ab2a1393-d2ab-4029-af7f-8911eafbb7c9;426.2;0.03;UNKNOWN
2016-04-14T00:32:03.000000;2016-04-14T00:32:03.000000;641a6c1d-b6d2-41a7-8455-4da0506df389;426.2;0.01;UNKNOWN
2016-04-14T00:32:03.000000;2016-04-14T00:32:03.000000;c8c51c24-824c-4655-aaf1-4d4aeb8bd258;426.2;0.01;UNKNOWN
2016-04-14T00:32:03.000000;2016-04-14T00:32:03.000000;2eae09c5-d88f-464b-877e-aeff00705ff5;426.2;0.02755504;UNKNOWN
2016-04-14T00:32:30.000000;2016-04-14T00:32:30.000000;eef115d5-86c6-4627-8245-d29181eb9e3c;426.22;0.03;UNKNOWN
2016-04-14T00:32:30.000000;2016-04-14T00:32:30.000000;5e4b8887-22b5-48d7-b751-370ad74c1405;426.21;0.071;UNKNOWN
2016-04-14T00:32:30.000000;2016-04-14T00:32:30.000000;3f0c0c69-5ab9-4a53-92aa-6cf5388a91ed;426.21;0.03;UNKNOWN
2016-04-14T00:32:30.000000;2016-04-14T00:32:30.000000;94bc8e75-e504-4d32-a447-71e1804c42fb;426.22;0.0686171;UNKNOWN
2016-04-14T00:32:30.000000;2016-04-14T00:32:30.000000;d441dd0b-9573-4792-a9a2-047d67451976;426.25;0.01929755;UNKNOWN
2016-04-14T00:32:30.000000;2016-04-14T00:32:30.000000;1f992f8d-8aea-41cf-a3fb-f41e87d9cda3;426.24;0.01;UNKNOWN
2016-04-14T00:32:30.000000;2016-04-14T00:32:30.000000;14674afa-1513-4955-a674-81a7c59c8709;426.24;0.03;UNKNOWN
2016-04-14T00:32:30.000000;2016-04-14T00:32:30.000000;67a34dcb-50f6-4d41-829e-c063d2f76fc2;426.23;0.03;UNKNOWN
2016-04-14T00:32:30.000000;2016-04-14T00:32:30.000000;037c70c9-cf3f-4e32-b6fd-80b63b205ef4;426.28;0.01;UNKNOWN
2016-04-14T00:32:30.000000;2016-04-14T00:32:30.000000;da5464ce-3c75-42bd-ad0a-6cf6e9791238;426.25;0.17775436;UNKNOWN
2016-04-14T00:32:30.000000;2016-04-14T00:32:30.000000;3602825c-5289-486d-a3ae-e5f1b1cc0309;426.26;0.095;UNKNOWN
2016-04-14T00:32:30.000000;2016-04-14T00:32:30.000000;c96a50bf-a5a4-4c25-811f-150cd756cc94;426.25;0.01;UNKNOWN
2016-04-14T00:32:30.000000;2016-04-14T00:32:30.000000;250a126e-0066-46d5-8d59-8bfbc6b431a1;426.26;0.04941252;UNKNOWN
2016-04-14T00:32:30.000000;2016-04-14T00:32:30.000000;7d27ec43-2fec-4263-8ee9-5365a86b2031;426.25;0.02;UNKNOWN
2016-04-14T00:32:30.000000;2016-04-14T00:32:30.000000;5951b863-b7d3-400b-97ff-72c0cf2138eb;426.3;0.01;UNKNOWN
2016-04-14T00:32:30.000000;2016-04-14T00:32:30.000000;ed03dcae-b1ab-4cc5-a6d4-17ccb62ff773;426.3;2.87460432;UNKNOWN
2016-04-14T00:32:30.000000;2016-04-14T00:32:30.000000;dc185d1d-e24d-4148-8eeb-a831eae5036d;426.29;0.01616415;UNKNOWN
2016-04-14T00:32:30.000000;2016-04-14T00:32:30.000000;1657466e-80d3-4e4a-a313-c7971eea130d;426.3;0.01;UNKNOWN
2016-04-14T00:32:30.000000;2016-04-14T00:32:30.000000;bc4af549-9c2b-4553-8230-f88f5eb9c2eb;426.3;0.067;UNKNOWN
2016-04-14T00:33:07.000000;2016-04-14T00:33:07.000000;44a24773-2546-44db-85b7-4c48ec55f80b;426.21;0.19915;UNKNOWN
2016-04-14T00:33:31.000000;2016-04-14T00:33:31.000000;d2627a43-d6cb-4754-a80b-3ac2b387acaf;426.2;0.02;UNKNOWN
2016-04-14T00:33:31.000000;2016-04-14T00:33:31.000000;08d3b2b6-f980-4298-a701-ff17097dc729;426.2;0.0902;UNKNOWN
2016-04-14T00:33:31.000000;2016-04-14T00:33:31.000000;f58be6f7-3f19-4db1-a0a8-eb2a21651594;426.2;0.02;UNKNOWN
2016-04-14T00:33:54.000000;2016-04-14T00:33:54.000000;9cca200a-c15d-4db4-b8dc-fb06e945f1e3;426.21;0.5088798;UNKNOWN
2016-04-14T00:33:55.000000;2016-04-14T00:33:55.000000;92c3288f-32ce-444c-8784-d5d7b60fd052;426.3;0.01;UNKNOWN
2016-04-14T00:33:55.000000;2016-04-14T00:33:55.000000;2be039e6-9aa6-438e-b816-e575b3c7be96;426.31;0.0218798;UNKNOWN
2016-04-14T00:33:55.000000;2016-04-14T00:33:55.000000;54792a63-98f6-466b-aa5a-59b91e034dfd;426.3;0.02;UNKNOWN
2016-04-14T00:33:55.000000;2016-04-14T00:33:55.000000;f5b99b18-10d4-42b7-bfd8-457b3713f0c5;426.25;0.01;UNKNOWN
2016-04-14T00:33:55.000000;2016-04-14T00:33:55.000000;c4bdbf7f-b00f-4c86-969c-020530f0cdab;426.25;0.02;UNKNOWN
2016-04-14T00:33:55.000000;2016-04-14T00:33:55.000000;fa3d20e0-6eca-450d-95d9-d98440ea1629;426.26;0.338;UNKNOWN
2016-04-14T00:33:55.000000;2016-04-14T00:33:55.000000;bf9ed3c5-e4f7-4ddd-ae0f-b387ec13675a;426.25;0.089;UNKNOWN
2016-04-14T00:33:55.000000;2016-04-14T00:33:55.000000;3e097d2a-a746-4080-b756-f7e20b20b32c;426.31;0.5088798;UNKNOWN
2016-04-14T00:33:56.000000;2016-04-14T00:33:56.000000;1c793d50-6c0d-442b-b887-1e35931a4da9;426.31;0.5088798;UNKNOWN
2016-04-14T00:33:57.000000;2016-04-14T00:33:57.000000;c73c5325-990d-413f-9bef-b154f18892f8;426.3;0.3;UNKNOWN
2016-04-14T00:33:57.000000;2016-04-14T00:33:57.000000;d064dab9-bf32-469c-be3c-85c3b0149fc2;426.25;0.02;UNKNOWN
2016-04-14T00:33:57.000000;2016-04-14T00:33:57.000000;efacdfb8-797d-441d-a10f-551f5585638e;426.31;0.1888798;UNKNOWN
2016-04-14T00:34:00.000000;2016-04-14T00:34:00.000000;d05c5a0b-1ffa-4b8f-83f6-57424c90ffd5;426.25;0.02;UNKNOWN
2016-04-14T00:34:00.000000;2016-04-14T00:34:00.000000;e9093253-8b8a-48fe-9200-a3685c564ebc;426.24;7.02858;UNKNOWN
2016-04-14T00:34:00.000000;2016-04-14T00:34:00.000000;54aa86f0-e51f-4503-89a8-e02e3eeace1a;426.24;0.3;UNKNOWN
2016-04-14T00:34:00.000000;2016-04-14T00:34:00.000000;d0884ccd-0d69-4ee4-8e5e-0d1689c88c38;426.31;1.0627;UNKNOWN
2016-04-14T00:34:00.000000;2016-04-14T00:34:00.000000;6a28e48d-a399-4903-8905-e33b28cebdfd;426.3;0.251;UNKNOWN
2016-04-14T00:35:02.000000;2016-04-14T00:35:02.000000;9ac21bd5-d171-4a87-866e-a1f51cea8061;426.25;1.06504;UNKNOWN
2016-04-14T00:35:30.000000;2016-04-14T00:35:30.000000;79b17996-d27a-4f74-9231-227ef0adf6ed;426.25;2.24245;UNKNOWN
2016-04-14T00:36:00.000000;2016-04-14T00:36:00.000000;e1a45ddd-3f35-4f1f-806a-e1412e19e950;426.26;0.11847;UNKNOWN
2016-04-14T00:37:01.000000;2016-04-14T00:37:01.000000;a979dd75-41c7-440d-8d83-ea26221c9008;426.26;0.52118;UNKNOWN
2016-04-14T00:37:30.000000;2016-04-14T00:37:30.000000;a3110a22-2762-4cfb-ba39-172874416165;426.26;6.61751;UNKNOWN
2016-04-14T00:38:00.000000;2016-04-14T00:38:00.000000;fb6009eb-5e5d-427d-925b-122401134f01;426.25;0.00242;UNKNOWN
2016-04-14T00:38:00.000000;2016-04-14T00:38:00.000000;70db1c41-df3c-4243-84c1-69dc7a21edf7;426.25;0.01;UNKNOWN
2016-04-14T00:38:30.000000;2016-04-14T00:38:30.000000;4f9ae466-28af-48d0-88db-b821b8a07102;426.26;1.07997;UNKNOWN
2016-04-14T00:39:00.000000;2016-04-14T00:39:00.000000;2e1e0caa-6738-47af-ac66-de62324380ae;426.26;0.09278;UNKNOWN
2016-04-14T00:39:18.000000;2016-04-14T00:39:18.000000;18c57e01-236b-4885-9c00-8d73557a957e;426.24;0.01;UNKNOWN
2016-04-14T00:39:18.000000;2016-04-14T00:39:18.000000;0c9d7e26-d071-4f41-b942-2b108f45afec;426.25;0.0115;UNKNOWN
2016-04-14T00:39:18.000000;2016-04-14T00:39:18.000000;a04caa71-1624-4ee6-bfec-e16498823c00;426.25;0.00758;UNKNOWN
2016-04-14T00:39:18.000000;2016-04-14T00:39:18.000000;8513b6ea-87ed-4f68-899b-ebe7b3a49352;426.24;0.03092;UNKNOWN
2016-04-14T00:39:30.000000;2016-04-14T00:39:30.000000;04e747ab-5945-4ce2-9bfc-af45442519cf;426.24;0.03608;UNKNOWN
2016-04-14T00:39:30.000000;2016-04-14T00:39:30.000000;0a4ec29a-5359-4589-b250-f18c4010630e;426.24;0.02693;UNKNOWN
2016-04-14T00:40:01.000000;2016-04-14T00:40:01.000000;0ad4d80c-5670-4125-b66b-0aef9af7875c;426.23;0.19699;UNKNOWN
2016-04-14T00:40:01.000000;2016-04-14T00:40:01.000000;a6baa238-d0bd-4b70-9e7c-92478e96f75a;426.23;0.0353;UNKNOWN
2016-04-14T00:40:30.000000;2016-04-14T00:40:30.000000;11d6de16-b907-420d-bf4e-bb12e55582d2;426.23;0.34638;UNKNOWN
2016-04-14T00:41:00.000000;2016-04-14T00:41:00.000000;b1d99912-b159-4749-9257-d3000e875a27;426.23;1.36486;UNKNOWN
2016-04-14T00:41:46.000000;2016-04-14T00:41:46.000000;0ad0ccc3-d8cf-45c8-a7f4-dc2805d8e787;426.23;0.1486;UNKNOWN
2016-04-14T00:42:00.000000;2016-04-14T00:42:00.000000;2a023362-a419-47da-96b8-af0c1e4a82ee;426.2;0.00822;UNKNOWN
2016-04-14T00:42:00.000000;2016-04-14T00:42:00.000000;17c56a9d-8a71-49d5-906d-0b5e57b5b262;426.22;0.01;UNKNOWN
2016-04-14T00:42:32.000000;2016-04-14T00:42:32.000000;976d4007-5641-40b1-8f68-5aec2f08972d;426.21;0.14618;UNKNOWN
2016-04-14T00:42:32.000000;2016-04-14T00:42:32.000000;1da20410-4739-4961-bcd1-61211dcc6b13;426.21;0.19;UNKNOWN
2016-04-14T00:42:32.000000;2016-04-14T00:42:32.000000;22c20196-8b4c-462c-bf57-d509ff93b1c7;426.21;0.0428;UNKNOWN
2016-04-14T00:43:00.000000;2016-04-14T00:43:00.000000;172de033-a12a-49da-8129-78e5b17c4654;426.2;0.02000235;UNKNOWN
2016-04-14T00:43:00.000000;2016-04-14T00:43:00.000000;0b58321b-adc9-4736-a8d4-f94fd64fa9a9;426.2;0.05206765;UNKNOWN
2016-04-14T00:43:00.000000;2016-04-14T00:43:00.000000;cada4055-e80d-450e-9850-cc34f2332982;426.2;0.00178;UNKNOWN
2016-04-14T00:43:30.000000;2016-04-14T00:43:30.000000;b577a0f9-1e0c-4317-99a9-19a409961c32;426.19;1.57107;UNKNOWN
2016-04-14T00:43:30.000000;2016-04-14T00:43:30.000000;5e10662a-777f-4861-affd-ead9cfb1434f;426.19;0.028;UNKNOWN
2016-04-14T00:44:01.000000;2016-04-14T00:44:01.000000;5f308f0b-d6bb-4513-8403-d75322687af3;426.07;0.0630702;UNKNOWN
2016-04-14T00:44:01.000000;2016-04-14T00:44:01.000000;9dc8c50e-4f7d-47cb-b0eb-7621c8bdd6ed;426.09;0.3;UNKNOWN
2016-04-14T00:44:01.000000;2016-04-14T00:44:01.000000;65fcdee4-ac28-4342-adb2-46a9b5013ccc;426.08;0.01;UNKNOWN
2016-04-14T00:44:01.000000;2016-04-14T00:44:01.000000;fd8920db-3b4a-4b6f-b067-4e28da4ff4fb;426.1;0.02;UNKNOWN
2016-04-14T00:44:01.000000;2016-04-14T00:44:01.000000;e78494a4-0540-46cf-af43-f84d19ff6169;426.08;0.01;UNKNOWN
2016-04-14T00:44:01.000000;2016-04-14T00:44:01.000000;abbcdb32-c65a-4d73-9c5b-3c69d984523d;426.12;0.01;UNKNOWN
2016-04-14T00:44:01.000000;2016-04-14T00:44:01.000000;2613053b-913c-4c9f-b433-438be79aedc3;426.1;0.01;UNKNOWN
2016-04-14T00:44:01.000000;2016-04-14T00:44:01.000000;2a9cc191-56b2-4e5a-b95b-016676fa4910;426.08;0.073;UNKNOWN
2016-04-14T00:44:01.000000;2016-04-14T00:44:01.000000;f2e5e1c7-e742-4dfe-990a-e5ce227d93d0;426.13;0.11;UNKNOWN
2016-04-14T00:44:01.000000;2016-04-14T00:44:01.000000;106aaeb4-0384-49ff-9d9a-a0e46ed32ab1;426.17;0.01;UNKNOWN
2016-04-14T00:44:01.000000;2016-04-14T00:44:01.000000;059a5aa9-e655-4548-8d71-3095f27d26ba;426.13;0.122;UNKNOWN
2016-04-14T00:44:01.000000;2016-04-14T00:44:01.000000;e02bdd55-667e-4581-a4fd-16c7b1bb1b6b;426.14;0.01;UNKNOWN
2016-04-14T00:44:01.000000;2016-04-14T00:44:01.000000;e431ca0f-8ff2-4000-b81b-1576ac77e2b4;426.18;0.078;UNKNOWN
2016-04-14T00:44:01.000000;2016-04-14T00:44:01.000000;b005d50e-649d-4a23-949b-f7d9d76ad2db;426.15;0.01;UNKNOWN
2016-04-14T00:44:01.000000;2016-04-14T00:44:01.000000;ea7968fb-4357-4ded-a738-5815a8d0e434;426.18;0.01;UNKNOWN
2016-04-14T00:44:01.000000;2016-04-14T00:44:01.000000;f4e3b854-3e20-49f6-b5c6-f158cb97ff85;426.16;0.5088798;UNKNOWN
2016-04-14T00:44:01.000000;2016-04-14T00:44:01.000000;d2713812-c957-44d1-9867-6d22f82357dc;426.17;0.067;UNKNOWN
2016-04-14T00:45:02.000000;2016-04-14T00:45:02.000000;3f1c7cf5-fc57-42db-8ab4-0f40075d8616;426.15;0.01;UNKNOWN
2016-04-14T00:45:02.000000;2016-04-14T00:45:02.000000;31237401-ca69-49d4-91b7-15dcdddd2bed;426.15;3.44977;UNKNOWN
2016-04-14T00:45:31.000000;2016-04-14T00:45:31.000000;eb5c8fcd-b5c7-438c-b392-b6a4787fb7c7;426.2;1.5;UNKNOWN
2016-04-14T00:45:31.000000;2016-04-14T00:45:31.000000;a72d411d-1a40-4b70-8044-8ecfec4b49a7;426.36;0.01;UNKNOWN
2016-04-14T00:45:31.000000;2016-04-14T00:45:31.000000;f34e72a6-62b6-4bee-a87d-41f83ce27608;426.2;0.01;UNKNOWN
2016-04-14T00:45:31.000000;2016-04-14T00:45:31.000000;43222548-9c2e-4391-b9b4-e47a4aad9510;426.38;0.266;UNKNOWN
2016-04-14T00:45:31.000000;2016-04-14T00:45:31.000000;93105f54-78f3-4ea0-a019-3e0be5159ccb;426.2;0.02;UNKNOWN
2016-04-14T00:45:31.000000;2016-04-14T00:45:31.000000;a2004c10-1c55-438d-9ebe-8b2bf2f2bf44;426.37;0.03;UNKNOWN
2016-04-14T00:45:31.000000;2016-04-14T00:45:31.000000;87c6a9d6-bccf-41ab-b856-2b9fe7f4cec2;426.35;0.01;UNKNOWN
2016-04-14T00:45:31.000000;2016-04-14T00:45:31.000000;c6466f2d-540c-4016-851a-51dec24f53e8;426.34;0.01;UNKNOWN
2016-04-14T00:45:31.000000;2016-04-14T00:45:31.000000;65832088-db2c-4677-ae49-d661559fcdeb;426.39;0.03;UNKNOWN
2016-04-14T00:45:31.000000;2016-04-14T00:45:31.000000;84ed5412-a39f-4795-a0ab-b5cd57ac8717;426.43;0.01;UNKNOWN
2016-04-14T00:45:31.000000;2016-04-14T00:45:31.000000;f864a8d5-0688-44c3-b820-6a5be471f262;426.33;0.301;UNKNOWN
2016-04-14T00:45:31.000000;2016-04-14T00:45:31.000000;f237d4aa-1b2c-4e7c-a8fa-3526a2ed75d5;426.35;0.01;UNKNOWN
2016-04-14T00:45:31.000000;2016-04-14T00:45:31.000000;e408625f-ce78-4af2-a1ed-f21ddbb3d40b;426.39;0.08384364;UNKNOWN
2016-04-14T00:45:31.000000;2016-04-14T00:45:31.000000;82418125-0296-4250-a8d5-3602fd025879;426.23;15.0;UNKNOWN
2016-04-14T00:45:31.000000;2016-04-14T00:45:31.000000;170ade1b-11cd-422b-9eb4-9330a1b7e5d5;426.32;0.01;UNKNOWN
2016-04-14T00:45:31.000000;2016-04-14T00:45:31.000000;9e1ee24d-3177-43e8-9dc7-1c501170fc07;426.22;0.3;UNKNOWN
2016-04-14T00:45:31.000000;2016-04-14T00:45:31.000000;395aa7f9-d0c1-472f-8263-5ea06f16232b;426.4;6.0;UNKNOWN
2016-04-14T00:45:31.000000;2016-04-14T00:45:31.000000;a4b85d5a-a8a1-4538-8e9d-a72e5ed75b30;426.15;0.13;UNKNOWN
2016-04-14T00:45:31.000000;2016-04-14T00:45:31.000000;704d1aac-0256-464f-9ddf-8d513bc98534;426.22;2.21;UNKNOWN
2016-04-14T00:45:31.000000;2016-04-14T00:45:31.000000;a648c967-9561-4b3e-badb-9fcff5adf585;426.16;1.614;UNKNOWN
2016-04-14T00:45:31.000000;2016-04-14T00:45:31.000000;e2205e2f-0e1b-449d-be0d-28b6d1ebd1fc;426.25;0.01;UNKNOWN
2016-04-14T00:45:31.000000;2016-04-14T00:45:31.000000;523cecdb-c02e-4fb6-82c1-d178b034ec9e;426.4;0.01;UNKNOWN
2016-04-14T00:45:31.000000;2016-04-14T00:45:31.000000;600fb391-287c-4cf8-9f7b-48b748158a98;426.26;1.47435288;UNKNOWN
2016-04-14T00:45:31.000000;2016-04-14T00:45:31.000000;76b6bb26-7427-4b2b-b147-1db8abd5e281;426.31;0.01;UNKNOWN
2016-04-14T00:45:31.000000;2016-04-14T00:45:31.000000;3d5e920f-a183-49a8-a2a5-77a761acd8a5;426.26;1.57009;UNKNOWN
2016-04-14T00:45:31.000000;2016-04-14T00:45:31.000000;fd5dafd1-aa9c-4721-bf5e-1085997df6a7;426.25;0.0115;UNKNOWN
2016-04-14T00:45:31.000000;2016-04-14T00:45:31.000000;d10d766f-e29d-44b6-a619-309818099321;426.23;0.295;UNKNOWN
2016-04-14T00:45:31.000000;2016-04-14T00:45:31.000000;fa08215e-3dba-4842-84dd-b76624b1e56f;426.4;0.01;UNKNOWN
2016-04-14T00:45:31.000000;2016-04-14T00:45:31.000000;30335dfb-efef-4c19-932a-6e4bc00e3467;426.3;0.01;UNKNOWN
2016-04-14T00:45:31.000000;2016-04-14T00:45:31.000000;fe318216-fdce-415a-a961-ef0fab23cea7;426.4;0.1;UNKNOWN
2016-04-14T00:45:31.000000;2016-04-14T00:45:31.000000;f52775aa-5ec4-4a06-ac22-7bbbde397e1e;426.3;0.02000235;UNKNOWN
2016-04-14T00:45:31.000000;2016-04-14T00:45:31.000000;29c8493f-2b42-4c78-a767-d5d43d184c59;426.29;3.869;UNKNOWN
2016-04-14T00:45:31.000000;2016-04-14T00:45:31.000000;951996ab-12b0-4fa1-9a8a-2ab8a6cfc86f;426.28;0.273;UNKNOWN
2016-04-14T00:45:31.000000;2016-04-14T00:45:31.000000;0c44ab63-0ca0-4535-842f-bf1b76e9797f;426.26;10.0;UNKNOWN
2016-04-14T00:45:31.000000;2016-04-14T00:45:31.000000;faf86d9f-4ac5-4647-b0ef-0611046c4be1;426.4;0.1;UNKNOWN
2016-04-14T00:45:31.000000;2016-04-14T00:45:31.000000;bd93f8fa-908d-4ba1-9cbf-261b76524c80;426.4;0.01;UNKNOWN
2016-04-14T00:45:31.000000;2016-04-14T00:45:31.000000;6d43bc40-6288-4344-b09b-17bb11f9dd74;426.4;0.01;UNKNOWN
2016-04-14T00:45:31.000000;2016-04-14T00:45:31.000000;cf01f7ca-e94f-4f8e-92ab-d28840e22c94;426.44;0.03895228;UNKNOWN
2016-04-14T00:45:31.000000;2016-04-14T00:45:31.000000;8d0b6695-cc39-4433-950c-8d059d209b36;426.43;0.256;UNKNOWN
2016-04-14T00:45:31.000000;2016-04-14T00:45:31.000000;7048b616-c66f-491a-aa65-9ed72152afc7;426.45;0.01;UNKNOWN
2016-04-14T00:45:31.000000;2016-04-14T00:45:31.000000;6fb5dfd2-112c-46a7-8201-496ef6de321e;426.45;0.02;UNKNOWN
2016-04-14T00:45:31.000000;2016-04-14T00:45:31.000000;2ba049e8-dd9e-4db4-bfb3-6905c758cad5;426.44;3.478;UNKNOWN
2016-04-14T00:45:31.000000;2016-04-14T00:45:31.000000;00e0db95-0ff6-4dda-ba91-de38d4b84cc0;426.44;0.313;UNKNOWN
2016-04-14T00:45:31.000000;2016-04-14T00:45:31.000000;bfdb49a5-2075-4190-a246-1c217759e36b;426.45;0.01;UNKNOWN
2016-04-14T00:45:31.000000;2016-04-14T00:45:31.000000;f2706432-cc2b-482e-8239-cdf05a446d28;426.48;0.02;UNKNOWN
2016-04-14T00:45:31.000000;2016-04-14T00:45:31.000000;5886dc0a-88a8-48fa-a480-214586063bfd;426.47;0.01;UNKNOWN
2016-04-14T00:45:31.000000;2016-04-14T00:45:31.000000;78f42b9b-b123-4b12-a61f-56f7e79e9038;426.45;0.02;UNKNOWN
2016-04-14T00:45:31.000000;2016-04-14T00:45:31.000000;9179481b-5811-44f1-a6ba-7aab39a1a231;426.48;0.301;UNKNOWN
2016-04-14T00:45:31.000000;2016-04-14T00:45:31.000000;ffd8460b-4d40-4b7c-b902-9554f6d87d83;426.5;0.18525885;UNKNOWN
2016-04-14T00:46:01.000000;2016-04-14T00:46:01.000000;b58f101e-175a-4159-a688-c04fe53d8e5b;426.5;1.73149115;UNKNOWN
2016-04-14T00:46:01.000000;2016-04-14T00:46:01.000000;7f1fca4e-5962-49fc-970d-80958ffdebcc;426.49;8.85;UNKNOWN
2016-04-14T00:46:01.000000;2016-04-14T00:46:01.000000;37233ca9-4a6b-4719-ba24-e9ea4b435073;426.48;0.02;UNKNOWN
2016-04-14T00:46:01.000000;2016-04-14T00:46:01.000000;fc528368-740d-47ab-848e-dab5f7a0fa10;426.44;2.939;UNKNOWN
2016-04-14T00:46:01.000000;2016-04-14T00:46:01.000000;8b6af5e5-cabc-4fd6-b981-dd841759b607;426.5;0.0192723;UNKNOWN
2016-04-14T00:46:01.000000;2016-04-14T00:46:01.000000;960f4d58-8e2b-44ee-876c-a92b68276888;426.5;0.77551655;UNKNOWN
2016-04-14T00:46:07.000000;2016-04-14T00:46:07.000000;f96784fd-eb33-4f9a-a3e6-2305b3bd2d67;426.13;0.0704;UNKNOWN
2016-04-14T00:46:07.000000;2016-04-14T00:46:07.000000;6adc6b34-240d-4dfc-840a-ddb7e8431a3b;426.41;2.36891724;UNKNOWN
2016-04-14T00:46:07.000000;2016-04-14T00:46:07.000000;da5ff7bd-f1a4-4e15-b4fb-1b8ac9343f60;426.44;0.619;UNKNOWN
2016-04-14T00:46:07.000000;2016-04-14T00:46:07.000000;1e34e9e3-38a0-4df4-98d7-e4a07f01e25b;426.44;0.017;UNKNOWN
2016-04-14T00:46:07.000000;2016-04-14T00:46:07.000000;9433d017-002b-4aa6-bc23-9e007560698b;426.3;0.01;UNKNOWN
2016-04-14T00:46:07.000000;2016-04-14T00:46:07.000000;06d37eb2-01cf-4bb0-85bc-6a9a253eb74b;426.37;0.618;UNKNOWN
2016-04-14T00:46:07.000000;2016-04-14T00:46:07.000000;f5c64884-7dd8-4527-9bf8-3b2f6815e05c;426.4;0.01;UNKNOWN
2016-04-14T00:46:07.000000;2016-04-14T00:46:07.000000;68a4c90b-72a4-4867-b321-7ad0b5c9eb3c;426.15;0.01;UNKNOWN
2016-04-14T00:46:07.000000;2016-04-14T00:46:07.000000;2f0f8fda-946f-404b-8f89-0b896895c8f4;426.3;0.02;UNKNOWN
2016-04-14T00:46:07.000000;2016-04-14T00:46:07.000000;c268ba27-b1e6-494b-b49a-bd4606aad004;426.15;0.5;UNKNOWN
2016-04-14T00:46:07.000000;2016-04-14T00:46:07.000000;6a9c263d-2ba3-4611-a80f-1a8105c9a9d4;426.3;0.718;UNKNOWN
2016-04-14T00:46:07.000000;2016-04-14T00:46:07.000000;2284e032-c992-4e90-a582-41a80a374257;426.32;0.01;UNKNOWN
2016-04-14T00:46:07.000000;2016-04-14T00:46:07.000000;210e07a9-6bb9-4ac7-9ef2-f878257b512f;426.35;0.01;UNKNOWN
2016-04-14T00:46:07.000000;2016-04-14T00:46:07.000000;c377293b-36ee-413a-b6fe-7668c9f64a2a;426.17;0.715;UNKNOWN
2016-04-14T00:46:07.000000;2016-04-14T00:46:07.000000;24c08e25-0553-4a04-ac25-2bc9e410f69e;426.25;0.0125;UNKNOWN
2016-04-14T00:46:07.000000;2016-04-14T00:46:07.000000;4b8287b9-f921-4304-adcb-12e21dedf727;426.3;0.1;UNKNOWN
2016-04-14T00:46:07.000000;2016-04-14T00:46:07.000000;8ea52813-d9a0-4494-b86a-764c981fa75d;426.25;0.01;UNKNOWN
2016-04-14T00:46:07.000000;2016-04-14T00:46:07.000000;76368aa4-48ba-4e93-8c0d-4ec353af0c4b;426.14;0.709;UNKNOWN
2016-04-14T00:46:07.000000;2016-04-14T00:46:07.000000;bdbb15fd-d204-4adc-b099-520dec1bd231;426.19;0.68;UNKNOWN
2016-04-14T00:46:07.000000;2016-04-14T00:46:07.000000;576a8063-b99b-4bb7-b533-62409c0caca0;426.2;0.01;UNKNOWN
2016-04-14T00:46:07.000000;2016-04-14T00:46:07.000000;61d43d0d-74c7-42ba-93f5-697e07c84cf4;426.2;0.0200047;UNKNOWN
2016-04-14T00:46:07.000000;2016-04-14T00:46:07.000000;c2fc42d8-5698-4bee-8452-582e9e292d03;426.24;0.39;UNKNOWN
2016-04-14T00:46:07.000000;2016-04-14T00:46:07.000000;98a46d6e-5c47-40fd-86f3-85e08142f3a7;426.21;0.51;UNKNOWN
2016-04-14T00:46:07.000000;2016-04-14T00:46:07.000000;12f680c1-2bcc-432d-8f8a-ca4748738e67;426.1;0.01;UNKNOWN
2016-04-14T00:46:07.000000;2016-04-14T00:46:07.000000;913a2aae-d07d-4e37-bb5b-3d38c80a574c;426.11;0.3;UNKNOWN
2016-04-14T00:46:07.000000;2016-04-14T00:46:07.000000;f47a49bf-8b05-4da6-b22d-a3a6b8c0a587;426.1;0.02000235;UNKNOWN
2016-04-14T00:46:07.000000;2016-04-14T00:46:07.000000;6f55122c-41a7-4334-a75a-330ddab4fd80;426.11;0.85;UNKNOWN
2016-04-14T00:46:07.000000;2016-04-14T00:46:07.000000;169d4d08-00e2-4b5c-a7f1-9e1938437b0c;426.12;0.85;UNKNOWN
2016-04-14T00:46:07.000000;2016-04-14T00:46:07.000000;4f22669f-de6e-4cb7-ad5d-63280b1329e1;426.08;0.30217571;UNKNOWN
2016-04-14T00:46:07.000000;2016-04-14T00:46:07.000000;d6bd7f96-2d42-44e7-b106-ec44e98cc17f;426.1;1.53;UNKNOWN
2016-04-14T00:46:30.000000;2016-04-14T00:46:30.000000;51868896-e8af-4f9d-9ad2-f8a89b9cb9f8;426.3;0.0200047;UNKNOWN
2016-04-14T00:46:30.000000;2016-04-14T00:46:30.000000;fbfd2955-cdd6-49f5-ae33-5f48f4c9b9ed;426.2;0.02000235;UNKNOWN
2016-04-14T00:46:30.000000;2016-04-14T00:46:30.000000;1d08f04b-9ec0-456d-966a-f7300c1a34a9;426.2;0.45;UNKNOWN
2016-04-14T00:46:30.000000;2016-04-14T00:46:30.000000;9f3d3b98-ad97-4d5b-b6ae-d169743fe39c;426.2;0.02;UNKNOWN
2016-04-14T00:46:30.000000;2016-04-14T00:46:30.000000;887d7243-e703-4017-bdb5-dc6f7acf7468;426.25;0.01;UNKNOWN
2016-04-14T00:46:30.000000;2016-04-14T00:46:30.000000;bc8a3814-7ae5-41fc-94f5-dfee46c82df3;426.42;0.03882295;UNKNOWN
2016-04-14T00:46:30.000000;2016-04-14T00:46:30.000000;237645d6-5959-4a6f-9cb5-5bbc1c1fee9d;426.35;0.101;UNKNOWN
2016-04-14T00:46:30.000000;2016-04-14T00:46:30.000000;2296cf46-f382-4b21-9516-28be9dea73af;426.4;0.01;UNKNOWN
2016-04-14T00:46:30.000000;2016-04-14T00:46:30.000000;a0f6c93a-6729-487d-8e4f-5537e431ac25;426.35;0.01;UNKNOWN
2016-04-14T00:46:30.000000;2016-04-14T00:46:30.000000;09499263-95c9-40c8-8658-5fde5c185579;426.3;0.01;UNKNOWN
2016-04-14T00:46:30.000000;2016-04-14T00:46:30.000000;2a97f69e-1799-48cf-a4f8-e4aac2a1ca5e;426.3;0.1;UNKNOWN
2016-04-14T00:46:30.000000;2016-04-14T00:46:30.000000;3893d6f3-5eee-48d6-8513-f0e69ecb7fc0;426.4;0.02;UNKNOWN
2016-04-14T00:46:30.000000;2016-04-14T00:46:30.000000;5f921594-f684-4771-96d1-bcb07bf11a99;426.36;0.3;UNKNOWN
2016-04-14T00:46:30.000000;2016-04-14T00:46:30.000000;f39145e2-146b-4ff8-9018-87f787f669fe;426.36;0.067;UNKNOWN
2016-04-14T00:46:30.000000;2016-04-14T00:46:30.000000;53aab328-cf62-4f16-8c7d-e73ec4961694;426.37;0.112;UNKNOWN
2016-04-14T00:46:37.000000;2016-04-14T00:46:37.000000;fb778de9-7c07-4471-bd9a-3004dd68d259;426.44;0.019;UNKNOWN
2016-04-14T00:46:37.000000;2016-04-14T00:46:37.000000;4e1a27f0-f217-43fe-80ed-589ae811b78e;426.44;0.101;UNKNOWN
2016-04-14T00:47:01.000000;2016-04-14T00:47:01.000000;27a6388c-9888-40a8-9254-829282670396;426.44;0.39089;UNKNOWN
2016-04-14T00:47:30.000000;2016-04-14T00:47:30.000000;b1ed7125-e65b-492a-b23f-64b640c54dd0;426.43;0.09108;UNKNOWN
2016-04-14T00:48:01.000000;2016-04-14T00:48:01.000000;74bcb9f0-694c-4ef9-87cd-b31b70a7e8db;426.43;1.28863;UNKNOWN
2016-04-14T00:48:31.000000;2016-04-14T00:48:31.000000;2c8757d7-eafb-4752-8763-4aa1ff4a9ed3;426.42;0.04867;UNKNOWN
2016-04-14T00:49:00.000000;2016-04-14T00:49:00.000000;6cd0405b-bfd8-4ee0-b0be-ff0fde6f44d8;426.42;2.20578;UNKNOWN
2016-04-14T00:49:30.000000;2016-04-14T00:49:30.000000;f7c00c18-c3d3-4552-bf67-57ec20c314bd;426.42;0.12771;UNKNOWN
2016-04-14T00:50:01.000000;2016-04-14T00:50:01.000000;93508373-5af9-4014-b21c-09fd7b3e5c79;426.42;0.30443;UNKNOWN
2016-04-14T00:50:30.000000;2016-04-14T00:50:30.000000;16452de1-9337-4533-90d3-aa833d9ce9e3;426.39;0.01;UNKNOWN
2016-04-14T00:50:30.000000;2016-04-14T00:50:30.000000;54a5c0d7-15e7-441a-b603-e89d5c5e6fd5;426.38;0.00435;UNKNOWN
2016-04-14T00:50:30.000000;2016-04-14T00:50:30.000000;c6e7b4a0-a192-45fb-ab96-1a75bfb6f950;426.4;0.067;UNKNOWN
2016-04-14T00:50:30.000000;2016-04-14T00:50:30.000000;dd9f4819-22b8-44f8-bdb2-ac86d8cf099c;426.41;0.096;UNKNOWN
2016-04-14T00:50:30.000000;2016-04-14T00:50:30.000000;cc14ed74-3435-418a-b92a-687503ed5d54;426.41;0.01;UNKNOWN
2016-04-14T00:50:30.000000;2016-04-14T00:50:30.000000;ea17c4f3-37a3-40a7-b505-364f5f98def0;426.4;0.01;UNKNOWN
2016-04-14T00:50:49.000000;2016-04-14T00:50:49.000000;079f3774-8a77-4346-b220-495427c95956;426.38;0.01234;UNKNOWN
2016-04-14T00:51:04.000000;2016-04-14T00:51:04.000000;a1753da6-9ba2-47c1-a625-4ec895ca33b4;426.38;0.0235;UNKNOWN
2016-04-14T00:51:04.000000;2016-04-14T00:51:04.000000;cdb6f81e-709d-42e4-b709-acb271520ff2;426.38;0.0218;UNKNOWN
2016-04-14T00:51:04.000000;2016-04-14T00:51:04.000000;bfbcd6a3-40ba-4cf1-ad1e-dca6982f9740;426.38;0.00623;UNKNOWN
2016-04-14T00:51:04.000000;2016-04-14T00:51:04.000000;a1fe1d24-3e23-418b-b885-9abda8e6d1a5;426.38;0.025;UNKNOWN
2016-04-14T00:51:04.000000;2016-04-14T00:51:04.000000;91bb5238-2196-4ca7-ad33-2190760a7b9b;426.38;0.0246;UNKNOWN
2016-04-14T00:51:04.000000;2016-04-14T00:51:04.000000;eda4e6c2-d20d-4602-b655-62a284ee5065;426.38;0.01306;UNKNOWN
2016-04-14T00:51:31.000000;2016-04-14T00:51:31.000000;aa6db43f-acb6-420c-853b-8bc921bcc666;426.35;0.01;UNKNOWN
2016-04-14T00:51:31.000000;2016-04-14T00:51:31.000000;8561f47d-470c-4a9f-b8a0-917fe730af90;426.36;0.112;UNKNOWN
2016-04-14T00:51:31.000000;2016-04-14T00:51:31.000000;2f2db4eb-ffc7-4038-b758-057bd3ec7be1;426.37;0.01;UNKNOWN
2016-04-14T00:51:31.000000;2016-04-14T00:51:31.000000;d0d2c01d-f7fb-4629-9c48-a7b35f872e16;426.26;0.124;UNKNOWN
2016-04-14T00:51:31.000000;2016-04-14T00:51:31.000000;21e1ecbb-7aea-4fde-8e56-305afb7393be;426.25;0.01;UNKNOWN
2016-04-14T00:51:31.000000;2016-04-14T00:51:31.000000;5e4f8b1e-8179-4722-acd1-fbf9cd793562;426.34;0.01;UNKNOWN
2016-04-14T00:51:31.000000;2016-04-14T00:51:31.000000;15cf6bf0-04d5-4593-a788-5f6f68aa96cf;426.32;0.16;UNKNOWN
2016-04-14T00:51:31.000000;2016-04-14T00:51:31.000000;ddf8cf46-ae10-4d59-af53-5a83d8dfafc0;426.21;0.122;UNKNOWN
2016-04-14T00:51:31.000000;2016-04-14T00:51:31.000000;30ec3545-d2ce-49bb-a705-3767ddc2d361;426.2;0.01;UNKNOWN
2016-04-14T00:51:31.000000;2016-04-14T00:51:31.000000;67497db7-83a2-483e-b229-17bf951053f4;426.25;0.0125;UNKNOWN
2016-04-14T00:51:31.000000;2016-04-14T00:51:31.000000;d62aea75-b4e4-42f5-86ed-3482c5813ca7;426.17;0.067;UNKNOWN
2016-04-14T00:51:31.000000;2016-04-14T00:51:31.000000;19f42a11-e732-4aeb-82c8-e9cb0377fd4a;426.2;0.01;UNKNOWN
2016-04-14T00:51:31.000000;2016-04-14T00:51:31.000000;6b08cbe4-2009-46ff-8a2d-dedd306b2276;426.22;0.3;UNKNOWN
2016-04-14T00:51:31.000000;2016-04-14T00:51:31.000000;8ed5be07-a36c-489c-9478-3bce75d896e1;426.31;0.089;UNKNOWN
2016-04-14T00:51:31.000000;2016-04-14T00:51:31.000000;765ca5aa-6e95-4060-b38c-c49349904f62;426.3;0.01;UNKNOWN
2016-04-14T00:51:31.000000;2016-04-14T00:51:31.000000;d80f33d5-54ed-4533-9fa1-bae39bfcd63d;426.3;0.02000235;UNKNOWN
2016-04-14T00:51:31.000000;2016-04-14T00:51:31.000000;700b1fae-ecb3-4c98-bee1-70df2ae8485f;426.3;0.1;UNKNOWN
2016-04-14T00:51:31.000000;2016-04-14T00:51:31.000000;60ca620f-8ea9-40f9-b4af-3b4614570f3f;426.2;0.02000705;UNKNOWN
2016-04-14T00:51:31.000000;2016-04-14T00:51:31.000000;8b253697-e84e-4c54-845a-aa89aa60f367;426.16;0.01;UNKNOWN
2016-04-14T00:51:31.000000;2016-04-14T00:51:31.000000;6a63f066-fb24-4036-b8ce-c92c431bf0ea;426.1;0.0200047;UNKNOWN
2016-04-14T00:51:31.000000;2016-04-14T00:51:31.000000;fcb41d65-3cb5-4da1-919a-ae00e303623a;426.15;0.01;UNKNOWN
2016-04-14T00:51:31.000000;2016-04-14T00:51:31.000000;d14b6d8e-8e81-4688-bfa6-dfe8978f7333;426.16;0.081;UNKNOWN
2016-04-14T00:51:31.000000;2016-04-14T00:51:31.000000;159339a5-3aec-4da1-8900-5819de19275b;426.11;0.098;UNKNOWN
2016-04-14T00:51:31.000000;2016-04-14T00:51:31.000000;764129dc-c80d-4b7d-bc34-42c90f20afc1;426.07;0.10939927;UNKNOWN
2016-04-14T00:51:31.000000;2016-04-14T00:51:31.000000;a380fad6-72d4-4db8-bac6-e9269422017f;426.1;0.20495663;UNKNOWN
2016-04-14T00:51:31.000000;2016-04-14T00:51:31.000000;5f8a8b96-bf3a-4580-b8a5-33d7a2ec3f20;426.1;0.01;UNKNOWN
2016-04-14T00:52:01.000000;2016-04-14T00:52:01.000000;53d17cff-e409-457c-b246-a6fda4d3ea81;426.3;0.1;UNKNOWN
2016-04-14T00:52:01.000000;2016-04-14T00:52:01.000000;e8114660-e894-4138-9d4a-46f32c96d581;426.31;0.14283825;UNKNOWN
2016-04-14T00:52:01.000000;2016-04-14T00:52:01.000000;de5482bc-e5eb-49c2-ba26-c6db7532c4d9;426.3;0.02000705;UNKNOWN
2016-04-14T00:52:01.000000;2016-04-14T00:52:01.000000;8bbb2d58-f7f6-4de6-baa6-ed1583a79229;426.3;0.01;UNKNOWN
2016-04-14T00:52:01.000000;2016-04-14T00:52:01.000000;6a4dac1d-92e5-4d50-b296-c28993919a3c;426.3;2.35;UNKNOWN
2016-04-14T00:52:01.000000;2016-04-14T00:52:01.000000;8ef5b0f1-449e-4953-beb6-33f098cf9004;426.29;4.42;UNKNOWN
2016-04-14T00:52:01.000000;2016-04-14T00:52:01.000000;ee7f5a20-9471-4af7-8763-32eaba0c3127;426.25;0.01;UNKNOWN
2016-04-14T00:52:01.000000;2016-04-14T00:52:01.000000;dbf7b02a-8fb0-4dd6-846c-76dbcaab088f;426.19;0.01;UNKNOWN
2016-04-14T00:52:01.000000;2016-04-14T00:52:01.000000;c2a59f97-168c-4e4c-82d6-e5299dc7d126;426.24;0.34;UNKNOWN
2016-04-14T00:52:01.000000;2016-04-14T00:52:01.000000;bf9a43c6-6cf2-4125-a684-d931d62a0918;426.23;1.87;UNKNOWN
2016-04-14T00:52:01.000000;2016-04-14T00:52:01.000000;1f1de993-d294-482e-8627-215a8b3c7fd3;426.24;0.3;UNKNOWN
2016-04-14T00:52:01.000000;2016-04-14T00:52:01.000000;e2b96b70-8a7b-4a3f-8486-aa4f9f1522f5;426.2;0.0200047;UNKNOWN
2016-04-14T00:52:01.000000;2016-04-14T00:52:01.000000;026ae5e9-ff18-4e81-8012-25c9847c1c31;426.2;0.01;UNKNOWN
2016-04-14T00:52:31.000000;2016-04-14T00:52:31.000000;748de763-66a9-46fd-b76b-db1aac5cf921;426.0;0.01;UNKNOWN
2016-04-14T00:52:31.000000;2016-04-14T00:52:31.000000;8c7c54c3-fac8-446d-88e0-b8e2b8916b65;426.1;0.02000705;UNKNOWN
2016-04-14T00:52:31.000000;2016-04-14T00:52:31.000000;6f44bcc2-d9ac-4500-aa7d-324e053fcc06;426.0;0.02;UNKNOWN
2016-04-14T00:52:31.000000;2016-04-14T00:52:31.000000;ecdd44d5-f535-472d-8897-95f81a586c65;426.0;0.01;UNKNOWN
2016-04-14T00:52:31.000000;2016-04-14T00:52:31.000000;21635422-85c6-412c-85bd-5a0f444afe95;425.96;1.87;UNKNOWN
2016-04-14T00:52:31.000000;2016-04-14T00:52:31.000000;855b4acb-53d9-44ac-ad11-e83d83531bf0;425.99;1.36;UNKNOWN
2016-04-14T00:52:31.000000;2016-04-14T00:52:31.000000;9d1f4d48-f551-45fe-91ee-4764802ddfb0;426.2;0.0200094;UNKNOWN
2016-04-14T00:52:31.000000;2016-04-14T00:52:31.000000;947e625b-b08b-4471-a9cc-795ae6c9cfd1;426.1;0.1;UNKNOWN
2016-04-14T00:52:31.000000;2016-04-14T00:52:31.000000;e0d63dfa-d758-4a19-991f-70de55f49eaf;426.23;0.083;UNKNOWN
2016-04-14T00:52:31.000000;2016-04-14T00:52:31.000000;235670f7-b30c-4a3f-8b67-24477ddf3242;425.98;0.5088798;UNKNOWN
2016-04-14T00:52:31.000000;2016-04-14T00:52:31.000000;3fe1fbb9-ab1c-48f6-a9a4-80bfae46c5a0;426.15;0.01;UNKNOWN
2016-04-14T00:52:31.000000;2016-04-14T00:52:31.000000;810ca12e-e5ce-4a3b-a499-99e6e32971ca;426.2;0.01;UNKNOWN
2016-04-14T00:52:31.000000;2016-04-14T00:52:31.000000;0886a1ec-4dfb-472c-b82c-cfa5069b4f04;426.16;0.116;UNKNOWN
2016-04-14T00:52:31.000000;2016-04-14T00:52:31.000000;acd4e6f6-fba3-4b5f-9632-887456140b26;426.17;0.3;UNKNOWN
2016-04-14T00:52:31.000000;2016-04-14T00:52:31.000000;76e3a9f2-5634-46dc-b591-4b5c273371e5;426.02;0.01;UNKNOWN
2016-04-14T00:52:31.000000;2016-04-14T00:52:31.000000;8e58a3e9-4f3f-4174-93a6-f89e11f1bcb2;426.1;0.01;UNKNOWN
2016-04-14T00:52:31.000000;2016-04-14T00:52:31.000000;12e35444-56b7-4782-a58e-1e33002a5854;425.95;0.01;UNKNOWN
2016-04-14T00:52:31.000000;2016-04-14T00:52:31.000000;179bb9eb-ea18-4f19-afc6-741a5a5fcb2f;426.05;0.01;UNKNOWN
2016-04-14T00:52:31.000000;2016-04-14T00:52:31.000000;492f9508-1e45-4bef-9f35-3666c33b68fc;426.03;0.01;UNKNOWN
2016-04-14T00:52:31.000000;2016-04-14T00:52:31.000000;faac4980-ea78-4201-82f8-8f03c0d8cf69;426.07;0.01;UNKNOWN
2016-04-14T00:52:31.000000;2016-04-14T00:52:31.000000;fa5a6807-9562-42bf-bc7b-5c37b7308c1c;426.07;0.33641033;UNKNOWN
2016-04-14T00:52:31.000000;2016-04-14T00:52:31.000000;44219c20-0300-41aa-84ca-159f5daf763c;426.05;0.1;UNKNOWN
2016-04-14T00:52:31.000000;2016-04-14T00:52:31.000000;ec11732e-e8b8-4a2c-91c1-de4da9d934aa;426.05;0.01;UNKNOWN
2016-04-14T00:52:31.000000;2016-04-14T00:52:31.000000;f153c112-cc23-41ec-b2e9-7f89b1be9ddf;425.95;0.51;UNKNOWN
2016-04-14T00:52:31.000000;2016-04-14T00:52:31.000000;e5c5c580-e3c8-4dd2-b11c-4ae4855e4d42;425.95;0.121;UNKNOWN
2016-04-14T00:52:31.000000;2016-04-14T00:52:31.000000;cfb42dbb-264a-47f6-8948-2664b4e1958d;425.95;0.01;UNKNOWN
2016-04-14T00:52:31.000000;2016-04-14T00:52:31.000000;282918e4-245f-43ad-899a-4a1a67243111;426.23;0.01;UNKNOWN
2016-04-14T00:52:31.000000;2016-04-14T00:52:31.000000;61228ae4-28ee-4948-8e01-1e3cfa136da4;425.95;0.01;UNKNOWN
2016-04-14T00:52:31.000000;2016-04-14T00:52:31.000000;31b13d41-9d5e-4bdd-add9-d64a28d06a7a;425.93;2.04;UNKNOWN
2016-04-14T00:52:31.000000;2016-04-14T00:52:31.000000;cd39f178-46b7-4778-8090-9df4ebc178f8;425.92;0.01;UNKNOWN
2016-04-14T00:52:31.000000;2016-04-14T00:52:31.000000;88708868-6d67-418b-8bed-3fb485faa854;425.94;0.067;UNKNOWN
2016-04-14T00:52:31.000000;2016-04-14T00:52:31.000000;416a2cb2-3a20-4477-98ab-0c4ab8727d3b;426.3;0.01;UNKNOWN
2016-04-14T00:52:31.000000;2016-04-14T00:52:31.000000;d2d82c64-bc6a-4525-aee7-d22725879e64;425.91;2.21035342;UNKNOWN
2016-04-14T00:53:01.000000;2016-04-14T00:53:01.000000;af6672e1-b6dc-4e44-b0df-2462d43bdcdb;425.91;0.01;UNKNOWN
2016-04-14T00:53:01.000000;2016-04-14T00:53:01.000000;577e794a-b422-4ca7-8078-a0000258a011;426.1;0.103;UNKNOWN
2016-04-14T00:53:01.000000;2016-04-14T00:53:01.000000;88ac9691-1d70-4ea3-87f8-1633b41b6558;425.95;0.097;UNKNOWN
2016-04-14T00:53:01.000000;2016-04-14T00:53:01.000000;70865b4e-2858-441b-98ff-418a7c770766;425.9;0.01;UNKNOWN
2016-04-14T00:53:01.000000;2016-04-14T00:53:01.000000;9eb6fc4a-100f-4516-ab9a-137d75357740;426.1;0.01;UNKNOWN
2016-04-14T00:53:01.000000;2016-04-14T00:53:01.000000;9df06413-ef1c-4982-be82-d72dd3856be7;426.1;0.01;UNKNOWN
2016-04-14T00:53:01.000000;2016-04-14T00:53:01.000000;20922538-c2f0-4962-a566-0ea85aca307e;426.08;0.01;UNKNOWN
2016-04-14T00:53:01.000000;2016-04-14T00:53:01.000000;03f67f28-8668-466e-9caa-957aa8b0511a;425.99;0.0704;UNKNOWN
2016-04-14T00:53:01.000000;2016-04-14T00:53:01.000000;9b6be7de-1a56-49be-9a2f-0a24174aa4b4;426.0;0.29;UNKNOWN
2016-04-14T00:53:01.000000;2016-04-14T00:53:01.000000;daa86b58-b8bc-4463-8293-83b010d85936;426.0;0.109;UNKNOWN
2016-04-14T00:53:01.000000;2016-04-14T00:53:01.000000;b2d9a426-cc00-455b-8615-a1ae47b5e616;425.9;0.02;UNKNOWN
2016-04-14T00:53:01.000000;2016-04-14T00:53:01.000000;aff9e1cb-95e2-4238-a645-1beef23cf1be;425.89;0.06073;UNKNOWN
2016-04-14T00:53:01.000000;2016-04-14T00:53:01.000000;fc56776e-f1f1-49d7-8432-2bb914e4dc9d;425.9;0.105;UNKNOWN
2016-04-14T00:53:45.000000;2016-04-14T00:53:45.000000;bde5dbd9-3d49-4e2a-9722-88c184599276;426.09;0.012344;UNKNOWN
2016-04-14T00:54:03.000000;2016-04-14T00:54:03.000000;055df34d-39f0-4d1e-a7e8-0361b7d9338e;426.09;0.017656;UNKNOWN
2016-04-14T00:54:03.000000;2016-04-14T00:54:03.000000;b6b451e5-6981-4b08-bba8-480e88756753;426.1;0.02;UNKNOWN
2016-04-14T00:54:03.000000;2016-04-14T00:54:03.000000;8388bc85-725e-4be9-b8b1-e27506c5255c;426.13;0.107824;UNKNOWN
2016-04-14T00:54:03.000000;2016-04-14T00:54:03.000000;741e57c9-58c4-475b-8ef6-c1306e2cff2f;426.1;0.0125;UNKNOWN
2016-04-14T00:54:03.000000;2016-04-14T00:54:03.000000;3a8c3479-151b-47cc-9ff4-4484b8a2d982;426.12;0.03;UNKNOWN
2016-04-14T00:54:03.000000;2016-04-14T00:54:03.000000;66a9f033-50b3-48de-bf77-b03155bd2446;426.1;0.01;UNKNOWN
2016-04-14T00:54:31.000000;2016-04-14T00:54:31.000000;4157e452-a677-45f9-a0d2-26780a1b1f47;426.14;1.45392;UNKNOWN
2016-04-14T00:54:31.000000;2016-04-14T00:54:31.000000;1173be01-f80c-4cc3-a9d7-5b59f9e89dda;426.14;0.01;UNKNOWN
2016-04-14T00:55:06.000000;2016-04-14T00:55:06.000000;476b1775-b203-4070-919c-7b67bc96a883;426.14;1.54932;UNKNOWN
2016-04-14T00:55:31.000000;2016-04-14T00:55:31.000000;c9cb9574-1fb6-4641-a769-84caab7f32ea;426.14;4.61867;UNKNOWN
2016-04-14T00:56:01.000000;2016-04-14T00:56:01.000000;422306d8-7ca5-44a0-9a90-c0a4786c4ef6;426.13;0.44334;UNKNOWN
2016-04-14T00:56:31.000000;2016-04-14T00:56:31.000000;2fba6041-8d12-4356-a73f-2af57687db5b;426.14;0.31675;UNKNOWN
2016-04-14T00:57:01.000000;2016-04-14T00:57:01.000000;1355f5d8-d0f3-4a6f-a9e5-0e3d0bdaf8c9;426.14;0.42849;UNKNOWN
2016-04-14T00:57:31.000000;2016-04-14T00:57:31.000000;142483b4-55a2-49e3-8541-261fb20f2325;426.14;4.95351;UNKNOWN
2016-04-14T00:58:03.000000;2016-04-14T00:58:03.000000;9b5bb986-e154-41c1-b2e7-ebadc1c66116;426.14;1.55205;UNKNOWN
2016-04-14T00:58:12.000000;2016-04-14T00:58:12.000000;672cb093-e705-4af8-aec5-3384c962e900;426.14;0.01;UNKNOWN
2016-04-14T00:58:44.000000;2016-04-14T00:58:44.000000;fb28a480-840c-47cf-898a-8bd7d8aea01c;426.14;0.067;UNKNOWN
2016-04-14T00:58:44.000000;2016-04-14T00:58:44.000000;61fea752-6894-416b-8623-a855193f5d86;426.14;0.03981;UNKNOWN
2016-04-14T00:58:44.000000;2016-04-14T00:58:44.000000;c60cc3da-ac0a-4ff0-b127-967e0fd2e211;426.15;0.01;UNKNOWN
2016-04-14T00:58:44.000000;2016-04-14T00:58:44.000000;afeb54e3-8162-4816-b2ad-214ef9ed70f3;426.2;0.01;UNKNOWN
2016-04-14T00:58:44.000000;2016-04-14T00:58:44.000000;ae21608f-ad97-4c3e-bc2a-4c87a51b550b;426.17;0.02;UNKNOWN
