time_exchange;time_coinpai;guid;price;base_amount;taker_side
2016-04-14T00:01:24.000000;2016-04-14T00:01:24.943128;ce7da1e0-d888-443e-b117-4a911c0059ab;8.053;39.0985384;SELL
2016-04-14T00:02:41.000000;2016-04-14T00:02:41.349770;86a36437-19b7-4ade-81ba-85c3cb50cd35;8.09;0.4;BUY
2016-04-14T00:02:56.000000;2016-04-14T00:02:56.872341;dd373bc7-a09e-4b29-8008-d1c2cfa27eb0;8.09;0.2;BUY
2016-04-14T00:03:32.000000;2016-04-14T00:03:32.123843;bfb37e71-3811-4b88-ad30-325a8fa88953;8.09;0.11;BUY
2016-04-14T00:09:21.000000;2016-04-14T00:09:21.062208;88519c4c-6e6f-4cdc-8a3b-f43b044d4b58;8.08;0.1;SELL
2016-04-14T00:09:21.000000;2016-04-14T00:09:21.345240;b630c709-1844-407f-b692-06c1515e1b66;8.08;0.1;SELL
2016-04-14T00:10:54.000000;2016-04-14T00:10:54.651566;27227b0b-89df-41de-a178-a1b1544cf10b;8.09;1.97077213;BUY
2016-04-14T00:10:54.000000;2016-04-14T00:10:54.687571;704a61b4-e855-4d88-b96d-81157c759513;8.09;2.68077213;BUY
2016-04-14T00:10:54.000000;2016-04-14T00:10:54.689569;045a4374-b703-44f9-8d7b-ea4be2d323e3;8.111;0.0032;BUY
2016-04-14T00:10:54.000000;2016-04-14T00:10:54.724575;30a0e670-f149-4ea9-9d03-8b3809d2f93d;8.1372;3.339259;BUY
2016-04-14T00:10:54.000000;2016-04-14T00:10:54.726575;c5fc493b-fbcd-4f06-8a1e-cb2b5e4c029f;8.138;1.90326769;BUY
2016-04-14T00:14:06.000000;2016-04-14T00:14:06.862782;6bd991a8-47ce-45ac-8d09-1afd97039494;8.104;0.1;BUY
2016-04-14T00:14:10.000000;2016-04-14T00:14:10.910190;85594d33-01a3-44d9-87c6-20515fc866b6;8.103;0.1;BUY
2016-04-14T00:14:14.000000;2016-04-14T00:14:14.579553;592b42ce-ed2a-4633-bf59-3e1c69bd0c01;8.101;0.1;BUY
2016-04-14T00:14:17.000000;2016-04-14T00:14:17.895886;24f2270f-ca12-4eed-9ca8-0492f728bf5d;8.099;0.1;BUY
2016-04-14T00:14:33.000000;2016-04-14T00:14:33.803480;445c5110-be20-4c2f-b5c1-083f1d74c0e0;8.086;0.1;BUY
2016-04-14T00:14:59.000000;2016-04-14T00:15:00.006107;64896812-6b89-4e2b-a7f8-7b7f9c6c0a23;8.081;0.1;BUY
2016-04-14T00:15:03.000000;2016-04-14T00:15:03.452463;fea57422-d47e-41b7-8cea-5289080707d8;8.081;0.1;BUY
2016-04-14T00:23:25.000000;2016-04-14T00:23:25.221616;71ef812a-0d07-4b52-ba28-ab417c89e497;8.06;50.0;SELL
2016-04-14T00:23:25.000000;2016-04-14T00:23:25.229615;6709f625-afd2-4cc8-93a3-3ebe60387f3a;8.05;50.0;SELL
2016-04-14T00:23:25.000000;2016-04-14T00:23:25.230614;fdce0d40-3456-4e99-860a-20cc9c4d1959;8.03;50.0;SELL
2016-04-14T00:23:25.000000;2016-04-14T00:23:25.265644;eb2fb6f4-a61a-4fd8-90e8-35ce58aba82e;8.0129;3.306824;SELL
2016-04-14T00:23:25.000000;2016-04-14T00:23:25.265644;5c038e8a-a556-45ee-83b5-9d4f2574a2a6;8.01;100.0;SELL
2016-04-14T00:23:25.000000;2016-04-14T00:23:25.265644;89809ce5-bdb7-4618-b5b5-a816a93ef31b;8.0011;0.5072;SELL
2016-04-14T00:23:25.000000;2016-04-14T00:23:25.265644;65bdeb34-56b5-4fad-b1e5-b5ab813d7127;8.0;185.11110632;SELL
2016-04-14T00:31:38.000000;2016-04-14T00:31:38.783795;5ca77f54-ea40-4bf1-ab41-828d7953e0a7;8.063;68.7;BUY
2016-04-14T00:31:39.000000;2016-04-14T00:31:39.956920;df30dc68-dd58-4065-afa1-16c896eb8925;8.063;69.39;BUY
2016-04-14T00:31:41.000000;2016-04-14T00:31:41.578100;4f65e77b-d8b0-4a3f-9be6-3e51626bb5b7;8.063;35.36345;BUY
2016-04-14T00:32:53.000000;2016-04-14T00:32:53.692300;09445b4f-90d7-4827-9a17-f5a47fafc620;8.1399;5.0;BUY
2016-04-14T00:35:44.000000;2016-04-14T00:35:44.422373;d6480bfb-d2fe-434e-831f-625d4451a899;8.08;3.2;BUY
2016-04-14T00:41:46.000000;2016-04-14T00:41:46.697919;b5bb426e-b09c-4566-a328-368dab7627d3;8.0791;52.8695;SELL
2016-04-14T00:45:41.000000;2016-04-14T00:45:41.572393;19315f24-4a01-4dfc-8ec2-3c42d48dd852;8.08;1.8;BUY
2016-04-14T00:46:25.000000;2016-04-14T00:46:25.942853;4fc9a249-425d-4a31-945e-a2156c60cf9c;8.0878;0.1;BUY
2016-04-14T00:46:25.000000;2016-04-14T00:46:25.960855;b4d3f4ce-dbfb-4376-9774-399a38f71358;8.0879;0.1;BUY
2016-04-14T00:46:25.000000;2016-04-14T00:46:25.982847;1a6d79e8-dcb1-4f1d-8917-74820f10d198;8.088;0.1;BUY
2016-04-14T00:46:25.000000;2016-04-14T00:46:25.982847;832f287a-6ebf-45c5-bc92-69612ebd4b92;8.0881;0.1;BUY
2016-04-14T00:46:25.000000;2016-04-14T00:46:25.982847;e9ae8362-ebb3-458d-b2fc-fbd5872ad43d;8.0882;0.1;BUY
2016-04-14T00:46:25.000000;2016-04-14T00:46:25.986848;ebe07cc6-a2e5-404c-aa47-8c7903426e20;8.0883;0.1;BUY
2016-04-14T00:46:25.000000;2016-04-14T00:46:26.018848;e8e3216b-95cf-4576-89c6-f706409375a1;8.0884;0.1;BUY
2016-04-14T00:46:25.000000;2016-04-14T00:46:26.018848;8da36e74-40b4-4926-b422-0583b5ffc016;8.0885;0.1;BUY
2016-04-14T00:46:25.000000;2016-04-14T00:46:26.018848;6b4c1641-def0-419a-9a26-52d4e51a1752;8.0886;0.1;BUY
2016-04-14T00:46:25.000000;2016-04-14T00:46:26.018848;0c70f1d0-fb69-4d12-91c9-fc40ddbedf97;8.0887;0.1;BUY
2016-04-14T00:46:25.000000;2016-04-14T00:46:26.018848;0f6ab6d8-a064-4c0e-ab69-6359ecb3ce33;8.0888;0.1;BUY
2016-04-14T00:46:25.000000;2016-04-14T00:46:26.018848;c1bd631b-116f-44dd-9240-a849cb28e538;8.0889;0.1;BUY
2016-04-14T00:46:25.000000;2016-04-14T00:46:26.018848;d94660da-8689-4fcb-b1e5-2b9acca0732f;8.089;0.1;BUY
2016-04-14T00:46:25.000000;2016-04-14T00:46:26.027868;7a8b16c3-bb9c-4c8f-b43d-7061ab013b68;8.089;3.2;BUY
2016-04-14T00:46:25.000000;2016-04-14T00:46:26.054829;cdef3e86-5823-44fe-91c7-ba721c676914;8.0891;0.1;BUY
2016-04-14T00:46:25.000000;2016-04-14T00:46:26.054829;a58e0a69-e1e4-4cb7-b210-9e06ee13907f;8.0892;0.1;BUY
2016-04-14T00:46:25.000000;2016-04-14T00:46:26.054829;0b14ab3c-7ec6-49f1-9328-0248b7a97c95;8.0893;0.1;BUY
2016-04-14T00:46:25.000000;2016-04-14T00:46:26.054829;6223c38f-eb10-472c-a53a-d80e1aec7d10;8.0894;0.1;BUY
2016-04-14T00:46:25.000000;2016-04-14T00:46:26.054829;9f04e48c-c85e-4ba1-8bd6-a43e4f335b97;8.0895;0.1;BUY
2016-04-14T00:46:25.000000;2016-04-14T00:46:26.062855;d8153bed-2650-4833-9374-9c1de085ac1a;8.0896;0.1;BUY
2016-04-14T00:46:25.000000;2016-04-14T00:46:26.089853;a1aacfe5-da9c-489d-9b6e-6ab499c0bd80;8.0897;0.1;BUY
2016-04-14T00:46:25.000000;2016-04-14T00:46:26.090838;d977086d-7ce7-42ad-9948-e9a6114a67fe;8.0898;0.1;BUY
2016-04-14T00:46:25.000000;2016-04-14T00:46:26.095884;ca2ebb9c-6b16-4a27-a358-1886b59e33dc;8.0899;0.1;BUY
2016-04-14T00:46:25.000000;2016-04-14T00:46:26.125849;2e3abd7c-8a05-43aa-9eb2-7283dba08166;8.09;1.6507;BUY
2016-04-14T01:01:38.000000;2016-04-14T01:01:39.015019;1acce8b9-4107-425c-9eb1-2ad71ddba2ac;8.0802;0.1;BUY
2016-04-14T01:01:38.000000;2016-04-14T01:01:39.035047;0a1df4b1-1373-492e-a73f-ca47fc0a6ed7;8.0803;0.1;BUY
2016-04-14T01:01:38.000000;2016-04-14T01:01:39.040028;0db041fc-adc5-434b-849e-55f492abb73d;8.0804;0.1;BUY
2016-04-14T01:01:38.000000;2016-04-14T01:01:39.071048;6c6354b6-5687-4f30-99bf-4c5f443b0e57;8.0805;0.1;BUY
2016-04-14T01:01:38.000000;2016-04-14T01:01:39.071048;00828b5d-2e87-4ba3-a3aa-0784429bb086;8.0806;0.1;BUY
2016-04-14T01:01:38.000000;2016-04-14T01:01:39.071048;9f68ae4b-31f3-431f-a63c-bde624bc911b;8.0807;0.1;BUY
2016-04-14T01:01:38.000000;2016-04-14T01:01:39.071048;93f4c0fc-8e2a-487c-8897-396dbdebb9d0;8.0808;0.1;BUY
2016-04-14T01:01:38.000000;2016-04-14T01:01:39.084055;c2d3f0ad-07d7-4950-8d9d-a151925f8232;8.0809;0.1;BUY
2016-04-14T01:01:38.000000;2016-04-14T01:01:39.106042;4799b9c7-0f3f-458a-922b-6b3ee46d475b;8.081;0.1;BUY
2016-04-14T01:01:38.000000;2016-04-14T01:01:39.107032;908e70ce-dacd-4203-a7ca-76e4dbc9a1dc;8.0811;0.1;BUY
2016-04-14T01:01:38.000000;2016-04-14T01:01:39.107032;745ade42-f798-43a9-b077-6ed14419f74f;8.0812;0.1;BUY
2016-04-14T01:01:38.000000;2016-04-14T01:01:39.107032;279ef9f8-a2b5-44cc-a93e-8c83d9e78a85;8.0813;0.1;BUY
2016-04-14T01:01:38.000000;2016-04-14T01:01:39.107032;389f9b14-4ff9-4a06-be56-c338e72745ed;8.0814;0.1;BUY
2016-04-14T01:01:38.000000;2016-04-14T01:01:39.107032;a8054b26-f22a-4be8-823b-68088f57f982;8.0815;0.1;BUY
2016-04-14T01:01:38.000000;2016-04-14T01:01:39.107032;da9ddff6-b22d-421c-9cd7-66585763f946;8.0816;0.1;BUY
2016-04-14T01:01:38.000000;2016-04-14T01:01:39.142039;e07edab5-2be2-40d8-b91e-4cee0bc9b64e;8.0817;0.1;BUY
2016-04-14T01:01:38.000000;2016-04-14T01:01:39.142039;ed2e4bcb-843d-4d27-8e9d-09a114c2fc10;8.0818;0.1;BUY
2016-04-14T01:01:38.000000;2016-04-14T01:01:39.143037;ef52f21d-ef20-450f-ac8d-c54a26b19b1c;8.0819;0.1;BUY
2016-04-14T01:01:38.000000;2016-04-14T01:01:39.143037;c55fd7aa-0053-4cfd-9e77-6749340686f4;8.082;0.1;BUY
2016-04-14T01:01:38.000000;2016-04-14T01:01:39.143037;4b2fb8a6-10d3-4852-a6e9-e4a8739f4b10;8.0821;0.1;BUY
2016-04-14T01:01:38.000000;2016-04-14T01:01:39.143037;0ac621bd-4511-4b3c-a93e-90f6f935b838;8.0822;0.1;BUY
2016-04-14T01:01:38.000000;2016-04-14T01:01:39.143037;d78276c9-eb06-41be-888b-98c6045b5659;8.0823;0.1;BUY
2016-04-14T01:01:38.000000;2016-04-14T01:01:39.149043;b79653b4-440f-470a-b678-7a036b836334;8.0824;0.1;BUY
2016-04-14T01:01:38.000000;2016-04-14T01:01:39.178050;52c24bc5-8f15-4182-904d-4a99b8c96882;8.0825;0.1;BUY
2016-04-14T01:01:38.000000;2016-04-14T01:01:39.178050;5513a509-d49c-4aef-9272-b5d8517f5591;8.0826;0.1;BUY
2016-04-14T01:01:38.000000;2016-04-14T01:01:39.178050;3a81f47a-1471-45da-b6be-cfd2ba1fd12c;8.0827;0.1;BUY
2016-04-14T01:01:38.000000;2016-04-14T01:01:39.179046;0cc3dd2b-a89a-4e20-9595-d4aa07ddd1b8;8.0828;0.1;BUY
2016-04-14T01:01:38.000000;2016-04-14T01:01:39.183044;4bebff55-e809-4363-af23-1098d58ee471;8.0829;0.1;BUY
2016-04-14T01:01:38.000000;2016-04-14T01:01:39.214051;379edd39-e908-4ae1-8e4b-cd013e9d6042;8.083;0.1;BUY
2016-04-14T01:01:38.000000;2016-04-14T01:01:39.214051;80c1d30f-776c-4eb3-8f12-adb44c72afba;8.0831;0.1;BUY
2016-04-14T01:01:38.000000;2016-04-14T01:01:39.214051;aa783096-a272-4fa3-90d9-7e4ef1f5bb66;8.0832;0.1;BUY
2016-04-14T01:01:38.000000;2016-04-14T01:01:39.214051;ec914570-98b3-43b6-a836-84724f026250;8.0833;0.1;BUY
2016-04-14T01:01:38.000000;2016-04-14T01:01:39.227055;d99f4654-bc87-4c6d-8071-5e66cb32c7fa;8.0834;0.1;BUY
2016-04-14T01:01:38.000000;2016-04-14T01:01:39.250048;b34b1649-811e-4ae8-9048-fd3954ae96f1;8.0835;0.1;BUY
2016-04-14T01:01:38.000000;2016-04-14T01:01:39.250048;d3bfcc9b-ed61-4cb8-8099-c508660ac3f3;8.0836;0.1;BUY
2016-04-14T01:01:38.000000;2016-04-14T01:01:39.250048;cc964bb3-1d8c-4816-a0e8-92765b05446f;8.0837;0.1;BUY
2016-04-14T01:01:38.000000;2016-04-14T01:01:39.250048;7e364ee0-3db9-486d-90ea-40ccc64f380c;8.0838;0.1;BUY
2016-04-14T01:01:38.000000;2016-04-14T01:01:39.251047;312875ed-62ad-4f49-ae41-87aed3604563;8.0839;0.1;BUY
2016-04-14T01:01:38.000000;2016-04-14T01:01:39.286044;0b8cb0c7-f46a-4d9b-839b-fdd11178e653;8.084;0.1;BUY
2016-04-14T01:01:38.000000;2016-04-14T01:01:39.286044;b43e5fe6-0db0-42c1-9a75-51259dab60b0;8.0841;0.1;BUY
2016-04-14T01:01:38.000000;2016-04-14T01:01:39.286044;be12da9b-6c8a-4e19-8351-df020fcb80db;8.0842;0.1;BUY
2016-04-14T01:01:38.000000;2016-04-14T01:01:39.291068;325833c3-2b37-448c-86e7-bc41034ba15a;8.0843;0.1;BUY
2016-04-14T01:01:38.000000;2016-04-14T01:01:39.321059;2c86f700-54ac-4f75-a890-2b7d70f73eb1;8.0844;0.1;BUY
2016-04-14T01:01:38.000000;2016-04-14T01:01:39.324059;4947e213-27ca-47d2-8dba-932d09cf89ea;8.0845;0.1;BUY
2016-04-14T01:01:38.000000;2016-04-14T01:01:39.357065;bcb32d19-7faf-400b-80e2-33404eb38cfc;8.0846;0.1;BUY
2016-04-14T01:01:38.000000;2016-04-14T01:01:39.357065;571fdbfb-e561-4725-b9ec-bc618659de06;8.0847;0.1;BUY
2016-04-14T01:01:38.000000;2016-04-14T01:01:39.358054;f3cdb494-f93a-47aa-9af8-ceb924d3bd5d;8.0848;0.1;BUY
2016-04-14T01:01:38.000000;2016-04-14T01:01:39.358054;1631220b-8555-474a-a4ea-a885c7e25b7c;8.0849;0.1;BUY
2016-04-14T01:01:38.000000;2016-04-14T01:01:39.358054;7aae3dde-6c32-4571-a854-159a2daeac4f;8.085;0.1;BUY
2016-04-14T01:01:38.000000;2016-04-14T01:01:39.358054;24be208f-4137-466d-a759-8c37404446ba;8.0851;0.1;BUY
2016-04-14T01:01:38.000000;2016-04-14T01:01:39.358054;d3e3f5a5-0cad-4735-a7a7-a4573fd7ca9b;8.0852;0.1;BUY
2016-04-14T01:01:38.000000;2016-04-14T01:01:39.358054;d13d90e9-dba8-42b6-a399-83de8e829375;8.0853;0.1;BUY
2016-04-14T01:01:38.000000;2016-04-14T01:01:39.359092;68c589d9-d106-4f2a-9ae0-11d3fe6fbe6d;8.0854;0.1;BUY
2016-04-14T01:01:38.000000;2016-04-14T01:01:39.393069;8be5704f-58d5-4f07-9f27-c378aedbc535;8.0855;0.1;BUY
2016-04-14T01:01:38.000000;2016-04-14T01:01:39.393069;aa6f7ecd-2982-4c03-a125-dc9ed916285a;8.0856;0.1;BUY
2016-04-14T01:01:38.000000;2016-04-14T01:01:39.393069;3e687d9d-03dc-40e5-9135-ba78f0c046dd;8.0857;0.1;BUY
2016-04-14T01:01:38.000000;2016-04-14T01:01:39.395056;278a3d84-809a-4ebd-8791-234861cbfdc7;8.0858;0.1;BUY
2016-04-14T01:01:38.000000;2016-04-14T01:01:39.429063;10599570-0a81-4ea0-9da1-24b17ddc4243;8.0859;0.1;BUY
2016-04-14T01:01:38.000000;2016-04-14T01:01:39.429063;410d7385-17a0-4627-937a-a09e50fee065;8.086;0.1;BUY
2016-04-14T01:01:38.000000;2016-04-14T01:01:39.429063;c3f25d60-9f9c-49f4-a2bb-a4669ef66afe;8.0861;0.1;BUY
2016-04-14T01:01:38.000000;2016-04-14T01:01:39.429063;45021d21-f3e1-422d-be43-125fd891cbdf;8.0862;0.1;BUY
2016-04-14T01:01:38.000000;2016-04-14T01:01:39.430067;b2c947b8-f690-4eba-9e0f-b881b703f296;8.0863;0.1;BUY
2016-04-14T01:01:38.000000;2016-04-14T01:01:39.430067;0b0f2364-0d46-4acc-bdcc-acc5a21db07c;8.0864;0.1;BUY
2016-04-14T01:01:38.000000;2016-04-14T01:01:39.434065;ebea0bc0-4f8d-40c0-b115-91b19d8a08a0;8.0865;0.1;BUY
2016-04-14T01:01:38.000000;2016-04-14T01:01:39.465064;ff376a81-46d4-46c2-8ed0-ac7b15e8b3e5;8.0866;0.1;BUY
2016-04-14T01:01:38.000000;2016-04-14T01:01:39.465064;61445b5c-1308-4ec1-aa40-b516af6a499a;8.0867;0.1;BUY
2016-04-14T01:01:38.000000;2016-04-14T01:01:39.465064;4c0db2dc-e75d-4140-9686-c0bbfe800689;8.0868;0.1;BUY
2016-04-14T01:01:38.000000;2016-04-14T01:01:39.465064;20358ef2-5d12-4151-9f35-48cdb9595fc7;8.0869;0.1;BUY
2016-04-14T01:01:38.000000;2016-04-14T01:01:39.466115;74145b76-daad-4337-b6d5-555514c866ee;8.087;0.1;BUY
2016-04-14T01:01:38.000000;2016-04-14T01:01:39.501110;42bd65a6-3ad1-4ea3-a86c-22e9305a3664;8.0871;0.1;BUY
2016-04-14T01:01:38.000000;2016-04-14T01:01:39.501110;ff9bb646-1ee6-45bc-8a29-0cf40b38ff4b;8.0872;0.1;BUY
2016-04-14T01:01:38.000000;2016-04-14T01:01:39.501110;3d728aba-4e72-45c1-8180-d4d1ea9e8af6;8.0873;0.1;BUY
2016-04-14T01:01:38.000000;2016-04-14T01:01:39.501110;2901a7b2-72eb-4d45-b7b8-fa8e944709aa;8.0874;0.1;BUY
2016-04-14T01:01:38.000000;2016-04-14T01:01:39.508071;f86f9ce8-29b7-4878-a308-cc7d00715a6a;8.0875;0.1;BUY
2016-04-14T01:01:38.000000;2016-04-14T01:01:39.536072;b13f20db-da21-4601-baa4-a6850f3ae73c;8.0876;0.1;BUY
2016-04-14T01:01:38.000000;2016-04-14T01:01:39.537077;7bb18b08-e42f-4631-b947-3da83e3f39f1;8.0877;0.1;BUY
2016-04-14T01:01:38.000000;2016-04-14T01:01:39.537077;63a046fb-2520-44b4-99a5-7670af149624;8.0878;0.1;BUY
2016-04-14T01:01:38.000000;2016-04-14T01:01:39.541073;00ae60a1-4e26-42b4-ad70-4097272ab9dd;8.0879;0.1;BUY
2016-04-14T01:01:38.000000;2016-04-14T01:01:39.572070;5f7e83a3-5aa7-4911-899e-fe3f768d7907;8.088;0.1;BUY
2016-04-14T01:01:38.000000;2016-04-14T01:01:39.572070;2fdbac33-31c7-422e-9de9-7e6067903f1e;8.0881;0.1;BUY
2016-04-14T01:01:38.000000;2016-04-14T01:01:39.572070;d226d0f4-246f-4268-9285-49bc3e7dcf13;8.0882;0.1;BUY
2016-04-14T01:01:38.000000;2016-04-14T01:01:39.573078;aedefed7-d18a-4b8e-8f6f-06c1e5d60e10;8.0883;0.1;BUY
2016-04-14T01:01:38.000000;2016-04-14T01:01:39.608082;1e682dcd-fd3b-4046-9336-7bd715def029;8.0884;0.1;BUY
2016-04-14T01:01:38.000000;2016-04-14T01:01:39.608082;08c35b5e-0d8a-4b94-90a4-f1ecfc2db2f5;8.0885;0.1;BUY
2016-04-14T01:01:38.000000;2016-04-14T01:01:39.608082;27964c12-5d39-4710-9ce8-e51a51cb994b;8.0886;0.1;BUY
2016-04-14T01:01:38.000000;2016-04-14T01:01:39.608082;e4220776-f045-4851-98bb-dfa2f29d1901;8.0887;0.1;BUY
2016-04-14T01:01:38.000000;2016-04-14T01:01:39.613082;5ac4c79f-9c7a-4af8-a5a7-5d3b311121f0;8.0888;0.1;BUY
2016-04-14T01:01:38.000000;2016-04-14T01:01:39.644087;51921008-28ea-43a0-b9bf-320681bcd97a;8.0889;0.1;BUY
2016-04-14T01:01:38.000000;2016-04-14T01:01:39.644087;b2e107d8-a1c4-47f8-9744-a867e098bab0;8.089;0.1;BUY
2016-04-14T01:01:38.000000;2016-04-14T01:01:39.644087;5ef329ce-f078-4867-8907-19989c3db722;8.0891;0.1;BUY
2016-04-14T01:01:38.000000;2016-04-14T01:01:39.644087;ae4348cf-9e1e-44bf-8e3e-2bd9f5c14286;8.0892;0.1;BUY
2016-04-14T01:01:38.000000;2016-04-14T01:01:39.644087;29d23d79-82d9-4cbc-b686-139f453e98e7;8.0893;0.1;BUY
2016-04-14T01:01:38.000000;2016-04-14T01:01:39.654102;4439cf4c-54aa-4df6-b103-c43baffbf33f;8.0894;0.1;BUY
2016-04-14T01:01:38.000000;2016-04-14T01:01:39.680093;b501a6e4-91cc-4b33-8362-d950f57e7ff6;8.0895;0.1;BUY
2016-04-14T01:01:38.000000;2016-04-14T01:01:39.680093;ce6896ff-645e-4257-92d5-c98d63e88f51;8.0896;0.1;BUY
2016-04-14T01:01:38.000000;2016-04-14T01:01:39.680093;5a2c754b-251c-4635-a520-3ee99a5db395;8.0897;0.1;BUY
2016-04-14T01:01:38.000000;2016-04-14T01:01:39.680093;4118f828-806c-44d0-995b-2b1ac02a459b;8.0898;0.1;BUY
2016-04-14T01:01:38.000000;2016-04-14T01:01:39.681093;c596747e-dc25-4e9e-9414-3229854d1556;8.0899;0.1;BUY
2016-04-14T01:01:38.000000;2016-04-14T01:01:39.716097;0d6bbcb3-978b-4fd1-be2e-cc81125a604d;8.09;3.3493;BUY
2016-04-14T01:01:38.000000;2016-04-14T01:01:39.716097;4fe93715-7b2d-460d-bb7f-856632be5b68;8.09;0.1;BUY
2016-04-14T01:01:38.000000;2016-04-14T01:01:39.716097;ccb28a45-3fb9-440e-adff-f382be5e796b;8.099;6.7507;BUY
2016-04-14T01:32:19.000000;2016-04-14T01:32:19.460352;6016a1a7-91c8-48d3-b751-faa33bac9f2e;8.0604;3.6;SELL
2016-04-14T01:32:19.000000;2016-04-14T01:32:19.473350;59522a91-f841-4192-ba4a-9dfc8b87e13d;8.06;46.4;SELL
2016-04-14T01:32:27.000000;2016-04-14T01:32:27.579194;9da847f0-184a-41bf-85ae-34502bae0194;8.097;2.0;BUY
2016-04-14T01:35:33.000000;2016-04-14T01:35:34.072813;d5381fe5-c1d5-4012-bb27-d84dd3c8378f;8.08;10.0;BUY
2016-04-14T01:35:33.000000;2016-04-14T01:35:34.157815;c3aad59a-997c-4690-98cd-4df65d2c3136;8.1;10.0;BUY
2016-04-14T01:35:33.000000;2016-04-14T01:35:34.161848;8830a631-a468-4031-b677-ac7ba992d889;8.1;5.0;BUY
2016-04-14T01:35:33.000000;2016-04-14T01:35:34.182823;cddbd567-32df-45fa-bbb5-ca0f1497c96b;8.102;92.0618;BUY
2016-04-14T01:35:34.000000;2016-04-14T01:35:34.521852;4733ddc3-6a19-414e-8ce7-f97499f51b81;8.13;49.995;BUY
2016-04-14T01:35:34.000000;2016-04-14T01:35:34.529885;cfb7e158-c3de-453e-8036-e908493b4423;8.14;20.0;BUY
2016-04-14T01:35:35.000000;2016-04-14T01:35:35.983024;094f1e8d-653b-4781-a3c9-4cc298ffdf9d;8.142;1.6;SELL
2016-04-14T01:35:37.000000;2016-04-14T01:35:37.496159;50a29607-2e47-4f83-97b2-30e7b29afce3;8.1422;3.341095;BUY
2016-04-14T01:35:42.000000;2016-04-14T01:35:42.600656;da1a7bfe-d307-4d63-a430-062e2cf667a8;8.1987;4.13;BUY
2016-04-14T01:35:47.000000;2016-04-14T01:35:47.131115;d77d2700-078e-40ea-b3e6-5ae392091759;8.1987;0.0024;BUY
2016-04-14T01:35:52.000000;2016-04-14T01:35:52.906693;677a1562-c199-4226-8869-ae34c01229ac;8.2411;0.3964;BUY
2016-04-14T01:35:52.000000;2016-04-14T01:35:52.915694;cf6521d2-1d7b-45e0-a066-d5ed256ad3fe;8.258;0.0046636;BUY
2016-04-14T01:35:52.000000;2016-04-14T01:35:52.921715;d227769b-7df5-4112-9c5a-e6b625d9c25d;8.3099;122.3089364;BUY
2016-04-14T01:36:00.000000;2016-04-14T01:36:00.112421;237eb891-085f-432e-be7c-d3ca205e5ccd;8.3099;51.6910636;BUY
2016-04-14T01:36:00.000000;2016-04-14T01:36:00.131422;fe4bba72-ddd6-49b4-9428-c53e89de53af;8.31;10.249275;BUY
2016-04-14T01:36:00.000000;2016-04-14T01:36:00.140626;4e0d1fa7-2ebe-475b-be5d-498be9796b2d;8.311;3.7896;BUY
2016-04-14T01:36:06.000000;2016-04-14T01:36:06.228028;328a071e-577d-4c29-aaec-99d5a5012e14;8.312;88.8846;SELL
2016-04-14T01:36:06.000000;2016-04-14T01:36:06.243051;6ae8acae-2f53-4131-9b40-64d889c39706;8.311;0.953;SELL
2016-04-14T01:36:11.000000;2016-04-14T01:36:11.958599;bc63ab49-0799-40a5-b55d-4c1280bb8b58;8.313;64.777;SELL
2016-04-14T01:36:11.000000;2016-04-14T01:36:12.002595;96a360fb-c862-4df4-a143-c27cee01a28e;8.3412;0.7548;BUY
2016-04-14T01:36:11.000000;2016-04-14T01:36:12.007606;ce1b7b12-dbde-4122-8084-179ad702b1d0;8.3419;0.1452;BUY
2016-04-14T01:36:12.000000;2016-04-14T01:36:12.588688;64f43fd2-83a4-4584-839f-306cd9a5d07e;8.2051;8.983839;SELL
2016-04-14T01:36:12.000000;2016-04-14T01:36:12.603688;de4382f6-eb63-4e4d-a972-d57577b015a4;8.1991;15.36161139;SELL
2016-04-14T01:36:47.000000;2016-04-14T01:36:47.450164;b87afc43-f6a1-4dfc-902d-2667915ab861;8.325;50.0;SELL
2016-04-14T01:37:55.000000;2016-04-14T01:37:55.713015;56dd2691-a169-4d71-8098-3a2a72d18ab7;8.36;50.0;BUY
2016-04-14T01:38:17.000000;2016-04-14T01:38:17.777184;a9fc36dc-3db3-4695-9ea2-ebb0c16342cd;8.361;88.3074;SELL
2016-04-14T01:38:21.000000;2016-04-14T01:38:21.403545;f99af8de-21c9-4214-996b-da38936f30ae;8.3699;172.68;BUY
2016-04-14T01:38:21.000000;2016-04-14T01:38:21.820579;9119f72b-0728-4ba7-91bb-057f1e09a03d;8.35;10.0;SELL
2016-04-14T01:38:21.000000;2016-04-14T01:38:21.821583;9288e523-ebfb-4b0a-bcac-4b44373bbf38;8.35;10.0;SELL
2016-04-14T01:38:23.000000;2016-04-14T01:38:23.334754;e13d2373-c0be-44bc-ab24-f57b73215739;8.3699;1.32;BUY
2016-04-14T01:38:23.000000;2016-04-14T01:38:23.346735;876d6ee0-430b-4699-a5d8-dec774d3314d;8.37;46.45;BUY
2016-04-14T01:38:24.000000;2016-04-14T01:38:24.243825;30a1ba0d-c9ef-497c-a072-15af58078ea8;8.37;3.55;BUY
2016-04-14T01:45:52.000000;2016-04-14T01:45:52.584649;b6e206ed-0623-4c1b-9964-1e944dd84643;8.418;5.0;BUY
2016-04-14T01:52:37.000000;2016-04-14T01:52:37.763190;b92ab3db-2eb0-4391-b637-76d65a38ed39;8.349;87.4773946;SELL
2016-04-14T01:57:24.000000;2016-04-14T01:57:24.144926;4af6b12d-3687-44c7-9b9c-ea01560f9427;8.352;2.0;BUY
2016-04-14T01:58:59.000000;2016-04-14T01:58:59.151422;bc03ba79-ac46-4fb5-bd0d-0df30be3a6c9;8.277;20.0;SELL
2016-04-14T01:59:00.000000;2016-04-14T01:59:00.671587;ce699c7a-9207-4f6f-b996-e17aeaf42631;8.277;20.0;SELL
2016-04-14T01:59:03.000000;2016-04-14T01:59:03.039814;b4de3f9d-8405-43bc-99fd-c3a18840d753;8.278;0.2;SELL
2016-04-14T01:59:03.000000;2016-04-14T01:59:03.047818;bcbafaa9-9a9d-44eb-b2b9-7bc0ce453c65;8.278;19.8;SELL
2016-04-14T01:59:04.000000;2016-04-14T01:59:04.622973;bc20d7ce-afc0-49e2-aad1-4ce743b15f04;8.278;20.0;SELL
2016-04-14T01:59:18.000000;2016-04-14T01:59:18.574406;7c52c6aa-ed1d-4184-b602-4c232d61eff8;8.278;89.0793;SELL
2016-04-14T01:59:18.000000;2016-04-14T01:59:18.586394;b4376558-479a-4823-b5bb-37c64a58ed3e;8.2771;10.9207;SELL
2016-04-14T01:59:34.000000;2016-04-14T01:59:34.432956;ff3cb8c2-dd5b-426d-9f52-cf8254b7af54;8.254;7.4;SELL
2016-04-14T01:59:34.000000;2016-04-14T01:59:34.442957;ac9a89cb-a637-4c62-92d2-2b42bebd7c52;8.253;27.6;SELL
2016-04-14T01:59:38.000000;2016-04-14T01:59:38.386353;e58ad51d-afe2-4562-b27a-74a512673459;8.254;35.0;SELL
2016-04-14T02:00:08.000000;2016-04-14T02:00:08.902401;6b215e71-4413-4b75-bdd5-3b9d6388e703;8.366;2.0;BUY
2016-04-14T02:07:49.000000;2016-04-14T02:07:49.708491;86b2528e-8a14-4a84-a362-d6680b084540;8.3718;3.229612;BUY
2016-04-14T02:07:49.000000;2016-04-14T02:07:49.720489;09babfdc-166c-41ce-8cda-30f05dfd532a;8.3999;1.770388;BUY
2016-04-14T02:22:52.000000;2016-04-14T02:22:52.599548;a675b007-0697-4006-8266-bb58f9df2eb3;8.2841;82.8066;SELL
2016-04-14T02:23:12.000000;2016-04-14T02:23:12.519537;357afa8e-b29a-405b-86e8-2225916926bb;8.2667;0.8;SELL
2016-04-14T02:23:12.000000;2016-04-14T02:23:12.547565;b4631ff2-e221-407f-aac9-d793352d67a4;8.2667;2.53827;SELL
2016-04-14T02:23:13.000000;2016-04-14T02:23:13.517640;b6d9d958-1f9c-4b9f-be4e-01040d3ebaaa;8.267;1.0;BUY
2016-04-14T02:23:40.000000;2016-04-14T02:23:40.514333;b1af5c58-6974-4d90-b8fa-0e45b0e8d549;8.266;1.0;BUY
2016-04-14T02:24:16.000000;2016-04-14T02:24:16.840405;63fe07ec-4d56-46fc-b1fc-66ee807e10fa;8.26;1.0;BUY
2016-04-14T02:31:47.000000;2016-04-14T02:31:47.493480;1fea7cbd-fa9a-4638-88b9-1a3fee1d0db2;8.267;2.34;BUY
2016-04-14T02:31:47.000000;2016-04-14T02:31:47.505461;3b5ea28e-5ca0-4e77-b4cf-1a26ef987caf;8.284;0.0034;BUY
2016-04-14T02:31:47.000000;2016-04-14T02:31:47.519468;21cfb2c0-5799-4730-bc3e-d0f275774b80;8.3078;2.3;BUY
2016-04-14T02:31:47.000000;2016-04-14T02:31:47.540470;d21ee982-91f6-4b36-be5e-9cebb9b1f598;8.3088;3.239902;BUY
2016-04-14T02:31:47.000000;2016-04-14T02:31:47.540470;583aa1aa-c268-4d49-bf47-8f96adf862de;8.319;0.116698;BUY
2016-04-14T02:38:05.000000;2016-04-14T02:38:05.907294;0dcdbe35-d596-4340-ac9b-8da2c6989981;8.249;90.6588;SELL
2016-04-14T02:38:05.000000;2016-04-14T02:38:05.925323;da85b6d3-69f3-4aad-8fd4-9569a209652c;8.2481;59.3412;SELL
2016-04-14T02:38:09.000000;2016-04-14T02:38:09.356666;d58be5e3-699f-4be9-aacb-60569cfa6c4a;8.2481;23.4654;SELL
2016-04-14T02:38:09.000000;2016-04-14T02:38:09.358643;f7b9c808-c2e2-4d7e-aa28-e0b243243d43;8.2021;1.50352928;SELL
2016-04-14T02:38:09.000000;2016-04-14T02:38:09.369690;82161d71-3450-478b-b0e7-3049060cf11d;8.202;3.2949;SELL
2016-04-14T02:38:09.000000;2016-04-14T02:38:09.395636;1febb6f2-74e2-4fda-9cdb-aee9f5daaf91;8.153;96.86;SELL
2016-04-14T02:38:09.000000;2016-04-14T02:38:09.396648;85b96552-9d1c-4f43-9fcb-403fb7af600b;8.153;8.617131;SELL
2016-04-14T02:38:09.000000;2016-04-14T02:38:09.397646;9caab12c-c85a-4c73-b7e0-56bfdc53e3a2;8.142;16.25903972;SELL
2016-04-14T02:49:05.000000;2016-04-14T02:49:05.364567;def3e649-0b49-4c99-8ca5-fa43e4e9ec87;8.181;3.4;SELL
2016-04-14T02:49:05.000000;2016-04-14T02:49:05.371592;d2e863fe-9ab5-4cea-8bb3-c325fa736a0a;8.1783;3.286313;SELL
2016-04-14T02:49:05.000000;2016-04-14T02:49:05.393571;937c34c3-bafb-4b2b-8cd1-afcc03710835;8.1551;13.313687;SELL
2016-04-14T02:49:07.000000;2016-04-14T02:49:07.595790;9b70ef9b-761f-4aa0-bc15-66841e68e354;8.1793;0.5;SELL
2016-04-14T02:49:07.000000;2016-04-14T02:49:07.609825;bde6eb98-925b-4988-9a08-ad2e99774c67;8.156;19.5;SELL
2016-04-14T02:49:09.000000;2016-04-14T02:49:09.633025;1b0c56de-52e3-43c4-afa9-057895a386f9;8.1561;12.50021655;SELL
2016-04-14T02:49:09.000000;2016-04-14T02:49:09.633993;e8aabbdf-41d7-4a82-8632-28f101af522a;8.156;7.49978345;SELL
2016-04-14T02:49:14.000000;2016-04-14T02:49:14.563492;2754ebf2-292f-47bb-994c-2fa832761ed3;8.1571;13.61043859;SELL
2016-04-14T02:49:14.000000;2016-04-14T02:49:14.580499;6157504f-c1a6-4530-9677-7111bf4693e0;8.157;6.38956141;SELL
2016-04-14T02:51:09.000000;2016-04-14T02:51:09.756008;e622d4fc-d512-4ac6-9de0-31baa9b8d64f;8.275;3.9;BUY
2016-04-14T02:51:09.000000;2016-04-14T02:51:09.771228;36227bc2-8ff8-4ab7-89be-5fea5339bacc;8.2752;1.49709584;BUY
2016-04-14T02:51:09.000000;2016-04-14T02:51:09.792014;a83cc9d7-8e7c-4c91-9c6d-0da8bb50dfe8;8.276;3.26645;BUY
2016-04-14T02:51:09.000000;2016-04-14T02:51:09.798040;c2cdbc20-6362-4ac8-9860-7126ae331781;8.369;1.33645416;BUY
2016-04-14T02:53:56.000000;2016-04-14T02:53:56.624684;ab8f44c3-db7c-49de-9dba-44adbc0b2063;8.3059;174.0;BUY
2016-04-14T02:53:56.000000;2016-04-14T02:53:56.635700;d26c5cf8-7720-44a8-8290-e0c25413bb99;8.3089;3.26864;BUY
2016-04-14T03:14:54.000000;2016-04-14T03:14:54.678603;1d08cead-e194-4d18-b1d1-72bb456071c1;8.377;89.3569;BUY
2016-04-14T03:15:19.000000;2016-04-14T03:15:19.559095;8efaba68-0827-4720-a4c2-87fb71cc38d2;8.377;86.20317369;SELL
2016-04-14T03:17:37.000000;2016-04-14T03:17:37.246897;e69ee392-8224-4ae7-8540-67bc6513c921;8.377;24.43992631;SELL
2016-04-14T03:17:37.000000;2016-04-14T03:17:37.258859;4a866251-9c92-42a0-9583-04b7506768da;8.377;87.66007369;SELL
2016-04-14T03:23:45.000000;2016-04-14T03:23:46.180769;752edfd1-a2ee-4c2a-abb2-00a39d5e224b;8.357;50.0;BUY
2016-04-14T03:26:22.000000;2016-04-14T03:26:22.456838;d3aaaeac-92a5-4454-bc76-d945beb7284d;8.348;89.3442;BUY
2016-04-14T03:26:22.000000;2016-04-14T03:26:22.463813;a4ebd3a6-6900-4176-82bc-484e42ca9a90;8.3643;3.241844;BUY
2016-04-14T03:26:22.000000;2016-04-14T03:26:22.469864;2670e71f-2c92-4a47-ad3d-cf4ca7ab8c0f;8.439;12.413956;BUY
2016-04-14T03:26:33.000000;2016-04-14T03:26:33.444935;4af2b7d9-a7a0-434d-bf2e-5d307351328f;8.4389;0.77377633;BUY
2016-04-14T03:26:33.000000;2016-04-14T03:26:33.453922;c70cd36e-9b75-417d-a0de-fa74c72036fd;8.439;1.22622367;BUY
2016-04-14T03:56:11.000000;2016-04-14T03:56:11.063747;c71c6442-53b2-4e67-bba0-512db562c1a4;8.354;88.7604;SELL
2016-04-14T03:56:11.000000;2016-04-14T03:56:11.079775;3b1ab3ec-e0fb-4fff-8f88-737681c41d2f;8.354;3.296326;SELL
2016-04-14T03:56:11.000000;2016-04-14T03:56:11.139765;9815da05-f3c9-4ea1-80dd-ef846584f416;8.353;1.5;BUY
2016-04-14T03:56:13.000000;2016-04-14T03:56:14.011063;ef8b15f6-4a5d-4400-802c-08763c8b9d70;8.353;91.55;BUY
2016-04-14T03:56:15.000000;2016-04-14T03:56:15.141165;308bd0e9-4c06-4ac2-be08-06d2b7dd6189;8.353;0.00438032;BUY
2016-04-14T03:57:42.000000;2016-04-14T03:57:42.528891;054a78a0-bcde-45e6-b6de-d2f3dfb003ea;8.405;5.0;BUY
2016-04-14T04:11:11.000000;2016-04-14T04:11:11.535809;30a7beda-8c1f-4df1-8edd-7c8d2b6619b7;8.353;0.69006415;SELL
2016-04-14T04:11:11.000000;2016-04-14T04:11:11.545803;1a233622-d18e-42a7-bca8-942aeb535940;8.309;0.00136;SELL
2016-04-14T04:11:11.000000;2016-04-14T04:11:11.552795;dc10de12-33dc-4a9a-ac95-6cb53d871e88;8.3085;3.227878;SELL
2016-04-14T04:11:11.000000;2016-04-14T04:11:11.581783;8063fdc9-e2fb-48a2-9015-4b7eb4dbabb0;8.273;23.66377606;SELL
2016-04-14T04:30:54.000000;2016-04-14T04:30:54.300511;f9352e8f-ee85-4db0-8ff7-8e13aa7d008d;8.319;87.20280116;BUY
2016-04-14T05:18:54.000000;2016-04-14T05:18:54.552336;3d0a4567-a19c-4152-a11d-799ff1462e1b;8.3111;0.5066;BUY
2016-04-14T05:18:54.000000;2016-04-14T05:18:54.565348;8ecbb48e-dac3-486d-be0c-0eadfbbdff09;8.32;0.43634512;BUY
2016-04-14T05:18:54.000000;2016-04-14T05:18:54.569348;67142f6b-e92d-4b7f-902a-661dd9276c07;8.327;1.5;BUY
2016-04-14T05:18:54.000000;2016-04-14T05:18:54.601365;7eaf5490-42b4-4602-b4d3-dffec7964eda;8.3305;31.75136865;BUY
2016-04-14T05:37:06.000000;2016-04-14T05:37:06.896284;e2510a5e-36c8-4dba-8dd6-9c270b6d0456;8.3;0.13848723;SELL
2016-04-14T05:46:36.000000;2016-04-14T05:46:37.008568;b825a3f9-1f8f-4f5f-9062-d4f81e47b388;8.3305;4.07534397;BUY
2016-04-14T05:46:39.000000;2016-04-14T05:46:39.223763;a82b5c26-401f-4e7c-89b8-43d66601179a;8.3305;1.70209744;BUY
2016-04-14T05:46:43.000000;2016-04-14T05:46:43.564198;d112a306-2999-4556-9128-67f2b6d64d37;8.3305;2.38;BUY
2016-04-14T05:46:44.000000;2016-04-14T05:46:45.012350;841073c9-9440-4f9f-ac35-fd7ffff28976;8.3305;0.02118994;BUY
2016-04-14T05:46:51.000000;2016-04-14T05:46:51.469006;64442704-d64d-48e3-b73f-389d14219756;8.3823;3.229998;BUY
2016-04-14T05:46:55.000000;2016-04-14T05:46:55.590414;6e207e18-ca1c-4763-992b-9355b248e6f2;8.42;20.0;BUY
2016-04-14T05:46:55.000000;2016-04-14T05:46:55.956451;a80cf962-37d5-4bb2-b6e7-571506a32a16;8.42;1.15;SELL
2016-04-14T05:46:56.000000;2016-04-14T05:46:57.198556;1d112b1e-b6ac-4f88-90e0-c686d2a6d2c2;8.4199;23.81;BUY
2016-04-14T05:47:16.000000;2016-04-14T05:47:16.580492;3774f8a8-6bee-46b1-b537-f075f2cb11d1;8.4412;3.806;BUY
2016-04-14T05:47:40.000000;2016-04-14T05:47:40.065843;ba803ba1-d64c-43de-8f2e-bf750e36e808;8.5;5.0;BUY
2016-04-14T05:50:58.000000;2016-04-14T05:50:58.834745;2d0e7d34-af35-48e8-8cde-e58acad77269;8.5;0.994;BUY
2016-04-14T05:50:58.000000;2016-04-14T05:50:58.853728;9cd60d6a-afbf-4fa3-abae-832b9fe28cd2;8.5;3.276;BUY
2016-04-14T05:50:59.000000;2016-04-14T05:50:59.899833;f14477ad-7cb9-44a8-9e41-40dc009c87cf;8.5;2.724;BUY
2016-04-14T05:54:37.000000;2016-04-14T05:54:37.768643;91844932-7bd5-4a5a-8b11-9eefecd4549f;8.523;1.0;BUY
2016-04-14T05:54:49.000000;2016-04-14T05:54:49.521819;2b41aae9-8bb0-4969-8da6-1c92d2b02985;8.523;1.0;BUY
2016-04-14T05:54:55.000000;2016-04-14T05:54:55.098372;6d200891-23f8-4356-8d2e-81f27f7fc289;8.523;1.19094;BUY
2016-04-14T05:54:55.000000;2016-04-14T05:54:55.104379;8de06419-2e4a-4bff-8577-bcf6f56e0d0b;8.562;3.80906;BUY
2016-04-14T06:15:22.000000;2016-04-14T06:15:22.413606;569bf006-be39-41be-b491-fb28ed7b0cdd;8.4803;3.252819;SELL
2016-04-14T06:15:31.000000;2016-04-14T06:15:31.899856;82cf9f6f-fee7-42b3-b3ac-a77f12dd7d68;8.48;3.62091594;BUY
2016-04-14T06:15:34.000000;2016-04-14T06:15:34.796160;bcae7d4d-c001-42df-a26f-01ed62e36264;8.48;3.62091594;BUY
2016-04-14T06:15:37.000000;2016-04-14T06:15:37.465412;e8cdcf3e-d51f-4bd7-8653-b15b1e1a8e06;8.48;3.62091594;BUY
2016-04-14T06:15:39.000000;2016-04-14T06:15:40.001668;1bd8454a-cdbd-4694-b30a-c82c4a7cb963;8.48;3.62091594;BUY
2016-04-14T06:15:42.000000;2016-04-14T06:15:42.488921;9ceb9731-79af-4c46-9ae3-0773ef862635;8.48;2.26351724;BUY
2016-04-14T06:15:42.000000;2016-04-14T06:15:42.505921;cedd40a8-e4a9-4b30-b87f-be795fcd9133;8.48;1.31134761;BUY
2016-04-14T06:15:44.000000;2016-04-14T06:15:44.717144;82162e73-64b1-4e77-9e92-4dd49c300e76;8.48;3.62091594;BUY
2016-04-14T06:15:47.000000;2016-04-14T06:15:47.870456;f3df6c95-3591-4534-8d5f-865a6ece66ce;8.48;3.62091594;BUY
2016-04-14T06:15:50.000000;2016-04-14T06:15:50.233696;420df296-9e48-4964-a7a1-e53cd6239457;8.48;3.62091594;BUY
2016-04-14T06:15:52.000000;2016-04-14T06:15:52.719941;e5499ace-15fd-4885-9401-f9cbec65568d;8.48;3.62091594;BUY
2016-04-14T06:15:55.000000;2016-04-14T06:15:55.251212;d2a991eb-1e5d-47f0-89c8-2de967a39612;8.48;3.62091594;BUY
2016-04-14T06:15:57.000000;2016-04-14T06:15:57.361436;7588ed08-1706-40a0-b5cc-a1c9b74377fc;8.48;0.58407269;BUY
2016-04-14T06:15:57.000000;2016-04-14T06:15:57.362412;497a06e1-c5e7-4d64-b29b-52adbf8f28c7;8.48;3.03684325;BUY
2016-04-14T06:15:59.000000;2016-04-14T06:15:59.197574;bb4ebcc3-4952-4b3d-9f7f-7b05fb505d7e;8.48;3.62091594;BUY
2016-04-14T06:16:01.000000;2016-04-14T06:16:01.667842;2e7d75fb-c4e2-48ac-bd45-371c1a21d60d;8.48;3.62091594;BUY
2016-04-14T06:16:04.000000;2016-04-14T06:16:04.232091;6c9b02ed-9aab-49fe-9a67-f8e19fa76903;8.48;3.62091594;BUY
2016-04-14T06:17:23.000000;2016-04-14T06:17:23.362008;342481d7-2e11-43d9-90cf-6361b9e8f462;8.48;6.10040893;BUY
2016-04-14T06:17:23.000000;2016-04-14T06:17:23.375003;06382b87-3807-488b-baae-492d03fcad54;8.48;15.23517047;BUY
2016-04-14T06:17:23.000000;2016-04-14T06:17:24.249097;092a4c2c-184d-423c-9f67-1a24f1923f95;8.48;4.76482953;BUY
2016-04-14T06:19:51.000000;2016-04-14T06:19:52.328893;f54a9c6e-c51f-4b09-956c-a5d216087735;8.5;45.62641139;BUY
2016-04-14T06:36:15.000000;2016-04-14T06:36:15.623833;32a2acc6-aead-43a2-9a22-fdef2fc69441;8.4901;4.76482953;SELL
2016-04-14T06:36:15.000000;2016-04-14T06:36:15.635818;d6f8c93e-09f5-4c32-bc70-6e66b785e572;8.4901;4.76482953;SELL
2016-04-14T06:36:15.000000;2016-04-14T06:36:15.640833;dceae118-a12b-457f-907a-a5d53c354ded;8.4901;21.3355794;SELL
2016-04-14T06:36:15.000000;2016-04-14T06:36:15.671850;017e3f73-d54b-46ca-a3bb-041d778199dc;8.4901;4.76482938;SELL
2016-04-14T06:36:15.000000;2016-04-14T06:36:15.671850;9a2593d5-97c3-4e6c-8cd7-2af34e752980;8.49;24.93780657;SELL
2016-04-14T06:37:16.000000;2016-04-14T06:37:16.522914;1bb66ac3-ddb8-4cc6-954a-d08c52bca3dd;8.5;0.5247484;SELL
2016-04-14T06:42:40.000000;2016-04-14T06:42:40.252276;8e1acae1-1aeb-4410-be62-003210e82111;8.51;0.1;BUY
2016-04-14T06:48:42.000000;2016-04-14T06:48:42.356734;eac452f7-d1d3-4780-b43c-5c2206ca31e6;8.51;9.9;BUY
2016-04-14T06:49:35.000000;2016-04-14T06:49:35.708066;8f8b95d9-2771-4002-aa52-176aba6ae226;8.52;4.74245929;BUY
2016-04-14T06:49:55.000000;2016-04-14T06:49:55.763067;14a767e3-7687-490b-ad70-65cb4ea766d6;8.52;0.2;BUY
2016-04-14T06:50:15.000000;2016-04-14T06:50:15.868083;925e8c1a-c738-4934-bb81-bc33d22e8e51;8.52;4.03509553;BUY
2016-04-14T06:50:16.000000;2016-04-14T06:50:16.962197;8ed5bbcf-cd11-42f3-bc7b-311534b1b763;8.52;1.02244518;BUY
2016-04-14T06:50:17.000000;2016-04-14T06:50:17.411244;45fad0a8-bfaa-4381-bcd4-78013723010c;8.55;3.01265035;BUY
2016-04-14T06:50:18.000000;2016-04-14T06:50:18.175310;488f9ea3-9bdf-42f0-9a76-9f130529c6b8;8.55;3.01265035;BUY
2016-04-14T06:52:55.000000;2016-04-14T06:52:55.692054;582d9e4f-60d8-47e8-a8f8-a00dc5a098a2;8.4973;15.98834121;SELL
2016-04-14T06:56:32.000000;2016-04-14T06:56:31.988695;04540102-0981-444a-a226-b0c900e348d1;8.484;21.3355794;BUY
2016-04-14T06:56:32.000000;2016-04-14T06:56:31.998693;e093bfdf-c640-40d3-94db-4eff2c340d94;8.484;4.76482953;BUY
2016-04-14T06:56:32.000000;2016-04-14T06:56:32.007690;557c6828-c815-4bfb-b5cd-828ed2054737;8.484;4.76482938;BUY
2016-04-14T06:56:32.000000;2016-04-14T06:56:32.034707;4f7407bf-853d-4d2d-88a0-5a898eb935bc;8.484;4.76482953;BUY
2016-04-14T06:56:42.000000;2016-04-14T06:56:42.181706;c73a42cc-340a-42a2-8521-280d791d3467;8.4809;11.80594612;BUY
2016-04-14T06:57:09.000000;2016-04-14T06:57:09.097408;b35db735-486b-4b3c-add8-5a461fa7a14a;8.441;9.98;SELL
2016-04-14T06:57:11.000000;2016-04-14T06:57:11.185606;e9f399ef-df55-4b44-bfb0-f136abc83c43;8.441;123.01;SELL
2016-04-14T06:57:11.000000;2016-04-14T06:57:11.200615;49cd4e4c-27ee-4900-9598-e636ac58ed8c;8.441;3.81;SELL
2016-04-14T07:01:47.000000;2016-04-14T07:01:47.183567;0e41ea60-d5e8-4bf0-8481-65f2f99d702d;8.4845;0.2;BUY
2016-04-14T07:01:47.000000;2016-04-14T07:01:47.194555;d37a4001-23a6-4a92-a04f-0ef9d53b71fe;8.4855;3.176344;BUY
2016-04-14T07:02:00.000000;2016-04-14T07:02:00.761933;db773c9a-ed17-4066-9227-83aa4a89dda0;8.4855;19.71103812;SELL
2016-04-14T07:02:25.000000;2016-04-14T07:02:25.098343;9a8ad855-47e3-43e3-a662-a92dbc792b0d;8.5309;1.40266206;BUY
2016-04-14T07:02:25.000000;2016-04-14T07:02:25.103352;03183c95-1d81-4635-90a2-3c24dcf23706;8.5309;21.83574396;BUY
2016-04-14T07:02:25.000000;2016-04-14T07:02:25.124337;0c1807b4-d122-44a8-b6bb-e302ab0c78a0;8.531;26.76159398;BUY
2016-04-14T07:04:52.000000;2016-04-14T07:04:52.379075;71f67188-9063-472e-8638-f5e116092195;8.5218;3.178472;BUY
2016-04-14T07:04:52.000000;2016-04-14T07:04:52.393073;bf988cac-4bb6-40b3-8ab6-fbb6b7b78151;8.5499;7.14745787;BUY
2016-04-14T07:10:29.000000;2016-04-14T07:10:29.512784;ced3721c-62e9-4d24-a65a-102678651f00;8.466;0.25707549;SELL
2016-04-14T07:20:55.000000;2016-04-14T07:20:55.990183;776e20f5-53f4-44c8-91a4-40e9e0c53f38;8.52;19.96;BUY
2016-04-14T07:20:55.000000;2016-04-14T07:20:56.002179;d6cc7e5e-3394-4128-a4d2-5618bbc19718;8.5409;21.83574396;BUY
2016-04-14T07:20:55.000000;2016-04-14T07:20:56.006180;d6a91a7f-b5b2-4ffe-a60c-637b491193df;8.5418;21.83574396;BUY
2016-04-14T07:20:55.000000;2016-04-14T07:20:56.038180;2cfcdd85-059a-45a8-a9ce-6929e25c4d36;8.55;3.9746993;BUY
2016-04-14T07:20:55.000000;2016-04-14T07:20:56.038180;cb3f024c-133c-4270-93ee-d04ec0b8debd;8.55;10.0;BUY
2016-04-14T07:26:43.000000;2016-04-14T07:26:43.502924;ab60acf9-9ab1-40ad-8351-30c5ab6d4d6c;8.57;5.0;BUY
2016-04-14T07:26:43.000000;2016-04-14T07:26:43.508930;81ecae21-6f9f-4ed1-bb5b-7893f588e5d7;8.57;2.30715958;BUY
2016-04-14T07:26:45.000000;2016-04-14T07:26:45.466114;a8a12689-4836-4749-a917-bccaeb1756a0;8.57;7.69284042;BUY
2016-04-14T07:27:21.000000;2016-04-14T07:27:21.570748;cb6b4c22-2aa8-4991-ae35-0c1d13cdefb4;8.57;10.0;BUY
2016-04-14T07:27:22.000000;2016-04-14T07:27:22.473815;a747a59d-c505-4aff-97cd-176a5cd6b51a;8.6;3.66988503;BUY
2016-04-14T07:28:48.000000;2016-04-14T07:28:48.227420;29104b53-5118-47e1-b577-489cb7a66c6d;8.58;6.53272002;BUY
2016-04-14T07:28:48.000000;2016-04-14T07:28:48.238434;6776d14f-179c-49e6-aaa4-42237d407beb;8.58;0.22694493;BUY
2016-04-14T07:28:49.000000;2016-04-14T07:28:49.169490;160ebcb4-b1d7-442d-aa4d-0a4cf7c6f7b7;8.58;3.24033505;BUY
2016-04-14T07:30:10.000000;2016-04-14T07:30:10.576624;5c5625a4-ff0a-4b47-aace-52e9cf38be34;8.6;6.33011497;BUY
2016-04-14T07:30:10.000000;2016-04-14T07:30:10.588633;d97d472e-a7b6-471c-9f7b-44e4af6ed446;8.6;10.0;BUY
2016-04-14T07:30:10.000000;2016-04-14T07:30:10.594632;d2a19a6b-19ee-4070-b9e6-5fcced92b0d1;8.6;6.32988503;BUY
2016-04-14T07:30:11.000000;2016-04-14T07:30:11.161688;47dedb99-8e38-4d54-995b-28ab5b607094;8.6;0.00021497;BUY
2016-04-14T07:30:33.000000;2016-04-14T07:30:33.558935;cff41f53-b6ac-42ac-914b-4e122e97a4a1;8.61;2.68557043;BUY
2016-04-14T07:30:35.000000;2016-04-14T07:30:35.593129;9423df34-7bc5-4e30-987e-f50f862534ad;8.61;2.68557043;BUY
2016-04-14T07:30:38.000000;2016-04-14T07:30:38.240389;bcd3e420-e9e3-4f37-a4c9-e505076a47ba;8.61;2.68557043;BUY
2016-04-14T07:30:40.000000;2016-04-14T07:30:40.732655;3a2ba9f5-0aa7-45d6-a789-d7ab4a117e45;8.61;1.94328871;BUY
2016-04-14T07:31:26.000000;2016-04-14T07:31:26.540843;2869d013-d483-4e0e-bcf7-4b768cb08958;8.62;1.4699;BUY
2016-04-14T07:31:32.000000;2016-04-14T07:31:32.915483;e9895fe2-ae22-4ce1-a624-b942c57e70b2;8.62;2.25776477;BUY
2016-04-14T07:32:23.000000;2016-04-14T07:32:23.190499;f2d19050-8511-403f-a5e1-275a145896cc;8.62;1.95112311;BUY
2016-04-14T07:32:23.000000;2016-04-14T07:32:23.787558;77689cdd-e7ce-4812-862b-0d3557891477;8.62;2.06412826;BUY
2016-04-14T07:32:48.000000;2016-04-14T07:32:48.328010;dde223b6-49ec-442c-8563-81382c986767;8.62;2.25708386;BUY
2016-04-14T07:32:48.000000;2016-04-14T07:32:48.333024;780b7f78-ff9a-4aab-b369-0a92f56ccdba;8.62;1.93293582;BUY
2016-04-14T07:32:48.000000;2016-04-14T07:32:48.353021;97fa1ef9-ff9a-4fe3-8c09-3e3bd30dc367;8.62;0.54652431;BUY
2016-04-14T07:32:48.000000;2016-04-14T07:32:48.511037;7aed9da2-2a6b-40fa-8f4a-c69333370d9f;8.62;0.24996276;BUY
2016-04-14T07:32:48.000000;2016-04-14T07:32:48.523055;a41de17b-9a91-4424-9a7e-c6e3021bd914;8.62;1.91638119;BUY
2016-04-14T07:32:50.000000;2016-04-14T07:32:50.072195;1b1dfb0f-6b25-4a2f-bd41-2344bb8ce861;8.62;1.29637551;BUY
2016-04-14T07:32:50.000000;2016-04-14T07:32:50.236206;ead363b2-c7f3-4343-889c-d7014059af80;8.62;4.05782041;BUY
2016-04-14T07:32:50.000000;2016-04-14T07:32:51.045292;32bf3d0c-123c-4701-a5da-1eda0918415b;8.63;0.13219927;BUY
2016-04-14T07:33:17.000000;2016-04-14T07:33:17.293909;4dd9851a-15a7-4da2-b31b-9a7f35f0e6c3;8.63;3.00632338;BUY
2016-04-14T07:33:20.000000;2016-04-14T07:33:20.211210;4811222e-3f5f-429f-bbf5-b41371f1652c;8.63;0.75722442;BUY
2016-04-14T07:33:26.000000;2016-04-14T07:33:26.349843;163dc265-12ed-4ae4-bb8a-a9bcbf77f898;8.63;0.13185769;BUY
2016-04-14T07:33:26.000000;2016-04-14T07:33:26.392845;7353e81c-2bc9-4d25-8f26-f2014f72aaa2;8.63;1.21711701;BUY
2016-04-14T07:33:27.000000;2016-04-14T07:33:27.902970;e4ca3552-2f2d-472c-95f2-4f3725865445;8.63;41.2;BUY
2016-04-14T07:33:31.000000;2016-04-14T07:33:31.209312;ad875e39-23ec-4f5a-8947-79af3e143b4a;8.63;1.19759476;BUY
2016-04-14T07:33:42.000000;2016-04-14T07:33:42.744455;b9d3aed7-07b3-4b3e-b62f-078396517adb;8.63;1.2;BUY
2016-04-14T07:34:23.000000;2016-04-14T07:34:23.435549;8645c25d-cf0c-48d2-a3f2-7d6207ebd8da;8.6291;0.54652431;SELL
2016-04-14T07:34:23.000000;2016-04-14T07:34:23.451528;e80ca6b8-9eb5-44a1-be01-078f9c2960b3;8.6291;2.2144355;SELL
2016-04-14T07:34:23.000000;2016-04-14T07:34:23.456527;594e0f5c-7fe3-4a41-a9e2-a6b60a51381d;8.6291;0.16755665;SELL
2016-04-14T07:34:23.000000;2016-04-14T07:34:23.486526;da31ab8d-3d50-4b2f-9974-8f7d7b3c2f2e;8.6291;0.27148354;SELL
2016-04-14T07:35:10.000000;2016-04-14T07:35:10.884272;25b46530-5512-49ce-b74f-2d5385eaaea6;8.63;0.3;BUY
2016-04-14T07:35:15.000000;2016-04-14T07:35:15.803754;7da40570-8bc7-4c24-a6ed-81a06aaa6447;8.63;45.7;BUY
2016-04-14T07:35:20.000000;2016-04-14T07:35:20.606247;7523b424-be71-4ab4-897e-521c87b2713a;8.63;2.9;BUY
2016-04-14T07:35:21.000000;2016-04-14T07:35:21.202295;3f27082c-3f7a-44f3-90a5-8850bab6e5f5;8.63;2.25768347;BUY
2016-04-14T07:35:44.000000;2016-04-14T07:35:44.420625;2d9ed636-d4f8-4d3d-81ee-4d99a0d398a4;8.64;3.49042971;BUY
2016-04-14T07:35:46.000000;2016-04-14T07:35:46.695952;45eaf738-effb-476e-9ec7-3153dc379883;8.64;3.49042971;BUY
2016-04-14T07:36:05.000000;2016-04-14T07:36:05.751760;5e94fa19-5de0-422f-98d0-f39641ad23df;8.64;3.00707609;BUY
2016-04-14T07:36:06.000000;2016-04-14T07:36:06.864871;2e806704-bc8e-404c-a638-f71f86fd46f8;8.64;0.01206449;BUY
2016-04-14T07:36:08.000000;2016-04-14T07:36:08.174995;ecc666bd-6255-4b41-8277-a0ddea9a6f25;8.65;3.09271042;BUY
2016-04-14T07:36:10.000000;2016-04-14T07:36:10.641250;33e43eb9-e4a5-4f41-a3a2-ba6496c99940;8.65;3.09271042;BUY
2016-04-14T07:36:12.000000;2016-04-14T07:36:12.662469;a5781459-d90d-4d5e-a9c5-e942ca741b79;8.65;3.09271042;BUY
2016-04-14T07:36:15.000000;2016-04-14T07:36:15.298707;4d0b9ed1-c992-44e9-9810-3657fcf164ff;8.65;3.09271042;BUY
2016-04-14T07:36:17.000000;2016-04-14T07:36:17.860975;9a759040-e7c6-4ab8-8503-b916558202af;8.65;3.09271042;BUY
2016-04-14T07:36:41.000000;2016-04-14T07:36:41.390326;85b43330-8a96-4dc9-af5e-f1a2946732cb;8.649;3.2;BUY
2016-04-14T07:36:45.000000;2016-04-14T07:36:45.328721;70f479b8-cdc3-4c64-a41f-5723e5469ccc;8.65;2.075254;BUY
2016-04-14T07:36:45.000000;2016-04-14T07:36:45.660749;74168ed7-cdf9-4dcf-8fa9-4eb212931e39;8.65;1.35272351;BUY
2016-04-14T07:36:47.000000;2016-04-14T07:36:47.827971;88b0cd10-f4e7-4e87-9ecd-a801656dc760;8.65;0.13247693;BUY
2016-04-14T07:36:47.000000;2016-04-14T07:36:47.953983;b1dfd760-99d5-4a52-9f8e-49d6865e004e;8.65;1.01565651;BUY
2016-04-14T07:36:47.000000;2016-04-14T07:36:47.980984;f5c58ccb-1927-4101-82f0-d77e989cd39b;8.65;27.96033695;BUY
2016-04-14T07:36:47.000000;2016-04-14T07:36:47.990989;2ca75265-11ff-430f-ba56-7de1a805db72;8.65;10.0;BUY
2016-04-14T07:37:07.000000;2016-04-14T07:37:07.432921;0194f216-582f-4b7c-b9ad-dca993956efc;8.6555;85.5563;BUY
2016-04-14T07:37:14.000000;2016-04-14T07:37:14.283622;a126861e-5751-40f4-aa37-d336983ae25e;8.6555;0.9;BUY
2016-04-14T07:37:21.000000;2016-04-14T07:37:21.388334;fc24d02e-1fb3-4b2f-95d5-e0cb89bbf172;8.6555;1.09121573;BUY
2016-04-14T07:37:21.000000;2016-04-14T07:37:21.432331;79d49196-481d-45dd-be29-3f426b4b217e;8.6555;0.12817902;BUY
2016-04-14T07:37:21.000000;2016-04-14T07:37:21.440343;364c24f5-5a0b-4991-9ce0-bbf3a7c7aeae;8.6555;0.12780086;BUY
2016-04-14T07:37:21.000000;2016-04-14T07:37:21.470356;0969cc56-0aee-433c-b46d-7eef21c50e85;8.6555;0.15482869;BUY
2016-04-14T07:37:21.000000;2016-04-14T07:37:21.547339;652c8b0f-1183-49b1-b89f-5599eaadfa1b;8.6555;0.97980662;BUY
2016-04-14T07:37:22.000000;2016-04-14T07:37:22.157400;22fe4a2a-c094-4e3a-ab4b-036e9930e01c;8.6555;0.67073483;BUY
2016-04-14T07:37:23.000000;2016-04-14T07:37:23.079482;c62c34db-f037-42c3-af00-c4d915ac2e6a;8.6555;0.64145366;BUY
2016-04-14T07:37:23.000000;2016-04-14T07:37:23.674552;d8c6ccf2-3843-4d69-917e-466c22fadb49;8.6555;85.0;BUY
2016-04-14T07:37:39.000000;2016-04-14T07:37:40.063191;75ff6cfc-6eae-4aae-90eb-04144ca84033;8.6555;85.2771;BUY
2016-04-14T07:37:43.000000;2016-04-14T07:37:43.792565;11f52630-a0d7-4506-9da9-bb50335f2fd9;8.6555;1.2;BUY
2016-04-14T07:37:51.000000;2016-04-14T07:37:51.897409;c4118beb-53c9-41d0-bbc2-460217614ac5;8.6555;87.59;BUY
2016-04-14T07:37:52.000000;2016-04-14T07:37:52.838494;543bd718-0651-45c9-a09a-c4f45392d423;8.6555;6.7;BUY
2016-04-14T07:37:52.000000;2016-04-14T07:37:52.882498;2a7805da-9791-4a42-924e-a8337d3b64e4;8.6555;0.63115257;BUY
2016-04-14T07:37:53.000000;2016-04-14T07:37:53.703548;e0591e1b-a489-4a14-9abf-9ad16e32bdf2;8.6555;10.85;BUY
2016-04-14T07:37:54.000000;2016-04-14T07:37:54.472639;9c00c98d-071b-4912-848d-216201706bf9;8.6555;10.85;BUY
2016-04-14T07:37:55.000000;2016-04-14T07:37:55.425727;dd6d5af6-2c9d-48fe-a9f7-127c1803f8c9;8.6555;0.59331666;BUY
2016-04-14T07:37:56.000000;2016-04-14T07:37:56.255830;5228ffe1-b697-41f2-8bb7-01912a20627b;8.6555;10.85;BUY
2016-04-14T07:37:56.000000;2016-04-14T07:37:56.329824;487178c0-6506-49e1-a081-5c1cfdfb6f86;8.6555;30.53257704;BUY
2016-04-14T07:37:58.000000;2016-04-14T07:37:58.257013;28db403a-cb4b-4071-a021-4a1f36f396b7;8.6797;0.85;BUY
2016-04-14T07:37:58.000000;2016-04-14T07:37:58.281014;d266ab79-6e2e-4116-9823-f50c1bda3e24;8.68;10.0;BUY
2016-04-14T07:38:21.000000;2016-04-14T07:38:22.101395;3c152831-8276-4ad7-be0c-c4a8a21d335f;8.7;10.0;BUY
2016-04-14T07:38:31.000000;2016-04-14T07:38:31.813369;8b8dfe11-9629-4fc6-b63b-60b4284c7b28;8.711;8.8;SELL
2016-04-14T07:38:44.000000;2016-04-14T07:38:44.537637;7ff5b920-83a2-49af-9b80-b0e0282b95f8;8.7111;0.1713971;BUY
2016-04-14T07:38:45.000000;2016-04-14T07:38:45.387721;d9d6ade4-89f9-42eb-a79a-dd662b388e9f;8.7111;0.55409076;BUY
2016-04-14T07:38:46.000000;2016-04-14T07:38:46.126806;fd5aa1a2-0b45-4f06-b261-08f865bc79c2;8.7111;0.55811935;BUY
2016-04-14T07:38:46.000000;2016-04-14T07:38:46.167794;438be028-72b3-485e-b3cd-86fa74bad93c;8.7111;0.16532707;BUY
2016-04-14T07:38:47.000000;2016-04-14T07:38:47.836000;e05491cc-e52d-4633-ab48-ab9a1818d4df;8.7111;0.64947473;BUY
2016-04-14T07:38:48.000000;2016-04-14T07:38:48.271003;b77fb813-1f23-4907-bf88-86caa651bd9e;8.7111;0.50293776;BUY
2016-04-14T07:38:48.000000;2016-04-14T07:38:48.458034;882e7147-3f22-4d05-a109-5d5a22058fcd;8.7111;0.1477082;BUY
2016-04-14T07:38:49.000000;2016-04-14T07:38:49.388144;72b78611-92bc-4483-88d7-9ab5d01f22ec;8.7111;0.68147502;BUY
2016-04-14T07:38:50.000000;2016-04-14T07:38:50.320215;a7cdee99-16cc-49b4-8e1d-ea15f9ff3796;8.7111;5.5;BUY
2016-04-14T07:39:11.000000;2016-04-14T07:39:11.111291;b6907444-c90b-4a88-a61c-3efd37a3dd9e;8.7111;0.1112901;BUY
2016-04-14T07:39:11.000000;2016-04-14T07:39:11.413339;9a25e49f-3483-4042-97a7-4d081e69a5f1;8.7111;0.85322412;BUY
2016-04-14T07:39:11.000000;2016-04-14T07:39:11.548346;2f2a7d3c-c722-4f63-951e-5d702ca418e5;8.7111;0.31258229;BUY
2016-04-14T07:39:11.000000;2016-04-14T07:39:11.893375;29ed12f8-bf95-44f6-a21a-3028c2b13a34;8.7111;0.25883208;BUY
2016-04-14T07:39:13.000000;2016-04-14T07:39:13.422530;9500c915-b30f-49db-96a9-2d1c0dadb407;8.7111;1.50310224;BUY
2016-04-14T07:39:15.000000;2016-04-14T07:39:15.815778;b05f3550-dc3c-4007-8bb3-c2a688daffa4;8.7111;15.03043918;BUY
2016-04-14T07:39:21.000000;2016-04-14T07:39:21.502350;54d93ae4-b188-4530-af33-a23b76ca491c;8.72;0.92671121;BUY
2016-04-14T07:39:23.000000;2016-04-14T07:39:23.653543;db2fe335-d654-4081-8ff7-170601580cb3;8.72;9.07328879;BUY
2016-04-14T07:40:16.000000;2016-04-14T07:40:17.072906;b8b83b37-e465-4fa8-8fec-a61b76e859a0;8.74;0.67619604;BUY
2016-04-14T07:40:17.000000;2016-04-14T07:40:17.119895;bbeafb36-f465-43e8-96d6-37d4feccfce8;8.74;3.19658403;BUY
2016-04-14T07:40:17.000000;2016-04-14T07:40:17.247898;0e0017be-f801-49b4-9cf3-c1db22f8eb2b;8.74;27.20391578;BUY
2016-04-14T07:40:17.000000;2016-04-14T07:40:18.063981;9600a250-0c04-4d2d-8e07-c14cb77414da;8.74;0.20709915;BUY
2016-04-14T07:40:17.000000;2016-04-14T07:40:18.076011;b091d623-7ab4-464e-84a9-dbe7da5e432e;8.74;1.5877602;BUY
2016-04-14T07:40:17.000000;2016-04-14T07:40:18.107991;8b0cfecc-2ccf-4684-89d4-947c87c67362;8.74;12.1284448;BUY
2016-04-14T07:40:17.000000;2016-04-14T07:40:18.112016;a4ba7a47-ea34-44fd-994c-7ff7f9d59643;8.74;10.0;BUY
2016-04-14T07:40:18.000000;2016-04-14T07:40:18.457025;5e02584d-1560-45e5-ac68-e1e5c0779c50;8.76;0.2;BUY
2016-04-14T07:40:18.000000;2016-04-14T07:40:18.458030;29e4e4e9-12c2-46f7-b436-32fd7dca4c40;8.76;1.3877602;BUY
2016-04-14T07:40:19.000000;2016-04-14T07:40:19.208102;40d602d3-7851-4ff5-882e-f0c70da5fbf3;8.76;2.00128824;BUY
2016-04-14T07:40:19.000000;2016-04-14T07:40:19.992182;a2983e42-9ab5-4517-a633-f060c5167d2c;8.76;1.5877602;BUY
2016-04-14T07:40:20.000000;2016-04-14T07:40:20.744258;f1b108c2-c994-48a1-b179-d9bd5a01f080;8.76;5.02319136;BUY
2016-04-14T07:40:22.000000;2016-04-14T07:40:22.502441;5b798237-64c4-4f8f-9582-874d9729e0b6;8.77;1.5877602;BUY
2016-04-14T07:40:22.000000;2016-04-14T07:40:22.839466;59493aa5-c801-47c7-81ac-5b15190d67dd;8.77;0.93636903;BUY
2016-04-14T07:40:22.000000;2016-04-14T07:40:23.008479;8afb3d77-08f5-43ad-b7fb-7169e7febcc2;8.77;0.11560153;BUY
2016-04-14T07:40:22.000000;2016-04-14T07:40:23.024495;42b81a46-5457-473e-badc-48d9ed8ee56d;8.77;0.12213509;BUY
2016-04-14T07:40:24.000000;2016-04-14T07:40:25.180697;feb9a1a7-49c1-43c6-a300-2c1296f63397;8.77;0.11560153;BUY
2016-04-14T07:40:25.000000;2016-04-14T07:40:25.278715;35e2879a-a46e-4dc7-be6d-5838dcfb2e9d;8.77;0.84924683;BUY
2016-04-14T07:40:25.000000;2016-04-14T07:40:25.331753;a18cc3ad-0d9c-4f2b-83b9-3be70b6d9a65;8.77;0.11077132;BUY
2016-04-14T07:40:26.000000;2016-04-14T07:40:26.690847;4ce056b6-0686-4ee3-b012-b28d8544613c;8.77;0.11560153;BUY
2016-04-14T07:40:26.000000;2016-04-14T07:40:26.705871;0a47b741-fcd5-4065-9d2c-1c4d477e1e3f;8.77;0.39914615;BUY
2016-04-14T07:40:27.000000;2016-04-14T07:40:27.786960;48ebfdc3-5b1d-42dd-98b0-746bb53db389;8.77;0.26358964;BUY
2016-04-14T07:40:45.000000;2016-04-14T07:40:45.772773;648d4518-14f6-4c8d-8a47-2acb5e57fa4f;8.77;7.38417715;BUY
2016-04-14T07:40:45.000000;2016-04-14T07:40:45.778766;737f71e7-31af-4c7f-add7-33ac7c9312b1;8.7835;3.95440022;BUY
2016-04-14T07:40:46.000000;2016-04-14T07:40:46.178810;0d4fafc4-65b3-48de-a7e9-b19886cdf320;8.7835;18.04559978;BUY
2016-04-14T07:40:46.000000;2016-04-14T07:40:46.185789;9e525760-4cf1-4d01-9aea-98dc6065d10d;8.8;63.55923608;BUY
2016-04-14T07:41:22.000000;2016-04-14T07:41:22.319407;e6e9fa36-f069-4008-99c7-c99c8ed6a3b9;8.7701;0.71575;SELL
2016-04-14T07:44:07.000000;2016-04-14T07:44:07.603974;fd8d18e6-c517-4299-96b8-b423d25f6aaa;8.7601;0.88627844;SELL
2016-04-14T07:44:07.000000;2016-04-14T07:44:07.647962;6ef58466-ed63-43d1-b5e7-6f1628d8b332;8.76;0.07654402;SELL
2016-04-14T07:44:07.000000;2016-04-14T07:44:07.659948;594e566a-5c00-4cd1-90c7-4681f8ca2e4a;8.7401;0.20709915;SELL
2016-04-14T07:44:07.000000;2016-04-14T07:44:07.660939;ac4ddbb0-6056-4c8a-ab23-721a171e0c6b;8.74;3.90091207;SELL
2016-04-14T07:44:07.000000;2016-04-14T07:44:07.660939;1ab294d5-2c2a-4bc6-b479-87b2a2825289;8.7277;3.196955;SELL
2016-04-14T07:44:07.000000;2016-04-14T07:44:07.662941;f1c2d3b4-d2fa-48c8-8225-4fbbba5a01bd;8.72;0.57060992;SELL
2016-04-14T07:45:24.000000;2016-04-14T07:45:24.205599;af569089-2b06-48a4-ab34-9539a94254ff;8.72;3.091377;SELL
2016-04-14T07:45:43.000000;2016-04-14T07:45:43.300503;4d69bf66-3251-4813-8340-282566691c49;8.711;18.2;SELL
2016-04-14T07:45:43.000000;2016-04-14T07:45:43.307499;a028de2a-b87b-4276-bd0e-860d74942361;8.711;11.8;SELL
2016-04-14T07:47:05.000000;2016-04-14T07:47:05.398114;d0b3969a-3d21-47cf-95d1-f7ac2a38ad8b;8.7111;17.44694082;SELL
2016-04-14T07:57:31.000000;2016-04-14T07:57:31.277681;b4724216-c49a-461d-ae1e-49a45d7a2906;8.768;10.0;SELL
2016-04-14T07:57:59.000000;2016-04-14T07:57:59.827537;6ffcf51d-aa25-4152-8de2-51e319580f90;8.711;1.44086;SELL
2016-04-14T08:18:47.000000;2016-04-14T08:18:47.490008;6d9586f5-3439-4844-a58f-3121a92a0212;8.76;0.5;BUY
2016-04-14T08:18:47.000000;2016-04-14T08:18:47.494022;bff54ff8-22a9-46a4-af1c-8cad47ae7cfb;8.763;0.4;BUY
2016-04-14T08:18:47.000000;2016-04-14T08:18:47.504016;45998f48-0f21-4d66-80b6-943e21fe4858;8.763;5.1;BUY
2016-04-14T08:18:47.000000;2016-04-14T08:18:47.530018;781d7e6a-9916-4f20-bbb5-28c7552697e9;8.764;3.18474;BUY
2016-04-14T08:18:47.000000;2016-04-14T08:18:47.530018;3a17aee6-5157-47e8-9fba-3afdf9c0188a;8.769;85.0285;BUY
2016-04-14T08:18:47.000000;2016-04-14T08:18:47.530018;ce541be3-7851-49f0-8996-445651f9ad3a;8.77;40.0;BUY
2016-04-14T08:18:47.000000;2016-04-14T08:18:47.531014;b6a577e6-4659-4927-a91f-e80d93096ecb;8.804;0.5;BUY
2016-04-14T08:18:47.000000;2016-04-14T08:18:47.531014;0ef711ec-c764-497f-981d-a463cc65e7ae;8.82;0.2;BUY
2016-04-14T08:18:47.000000;2016-04-14T08:18:47.566014;b0da0348-12e5-4fc0-9b64-161a6335c7c1;8.85;9.2;BUY
2016-04-14T08:18:47.000000;2016-04-14T08:18:47.566014;9779ee54-24fc-42db-be1a-f4a50f1c2474;8.86;5.88676;BUY
2016-04-14T08:27:01.000000;2016-04-14T08:27:01.573408;7fb863c4-505d-49cb-bf3c-92dc97d7d153;8.722;3.0;SELL
2016-04-14T08:28:35.000000;2016-04-14T08:28:35.454807;dcc5cde9-b828-4f8c-b0a1-f029d102863f;8.724;50.0;SELL
2016-04-14T08:35:27.000000;2016-04-14T08:35:27.124107;0acdd3c7-9c4e-41cb-8024-9eb2d9706087;8.72;3.61490416;SELL
2016-04-14T08:35:31.000000;2016-04-14T08:35:31.180614;873be006-63db-4365-a44b-4354cc648409;8.72;1.66832112;SELL
2016-04-14T08:35:37.000000;2016-04-14T08:35:37.719167;0636ca84-05de-44fb-937d-d8c5362b289d;8.72;0.66592916;SELL
2016-04-14T08:35:42.000000;2016-04-14T08:35:42.709657;ce6f0c22-1d19-46b9-8d53-4255f40cf60b;8.72;0.66592916;SELL
2016-04-14T08:39:27.000000;2016-04-14T08:39:27.347127;9ba73861-394b-43fa-b38e-cf6428058ad1;8.72;3.38;SELL
2016-04-14T08:39:28.000000;2016-04-14T08:39:28.206220;71d843f0-5951-4cb7-8c80-84458b009e97;8.72;0.0049164;SELL
2016-04-14T08:40:50.000000;2016-04-14T08:40:50.830489;d44fc404-fe12-4710-81df-0dadf2b6a1f3;8.711;13.75914;SELL
2016-04-14T08:40:50.000000;2016-04-14T08:40:50.846475;eaeab722-0e61-4b2b-8fac-599c466db3dc;8.711;23.57;SELL
2016-04-14T08:40:50.000000;2016-04-14T08:40:50.851482;fb9b158c-bc60-41d5-aa7c-75cd213c1655;8.711;18.07;SELL
2016-04-14T08:40:50.000000;2016-04-14T08:40:50.882500;7d4c5f29-ff49-4d28-986f-01f9a435e764;8.711;16.53;SELL
2016-04-14T08:45:28.000000;2016-04-14T08:45:28.069223;3b024fcb-2aa0-4938-9874-897a780b0d5c;8.686;1.21381;SELL
2016-04-14T08:46:25.000000;2016-04-14T08:46:25.059233;85ddb553-4f2c-4690-8fde-6fe0fa822bd1;8.686;10.26;SELL
2016-04-14T08:46:27.000000;2016-04-14T08:46:27.593504;d79f9af3-c57f-4e09-9b0c-f303a023a23b;8.686;0.00482781;SELL
2016-04-14T08:51:56.000000;2016-04-14T08:51:57.016435;dfcde415-48d6-4fd2-b2c7-f54ae24bcd6a;8.68;1.98496216;SELL
2016-04-14T08:52:00.000000;2016-04-14T08:52:00.209776;c8e61854-4e8e-4719-a868-d76490bc2fea;8.68;0.79084757;SELL
2016-04-14T08:52:06.000000;2016-04-14T08:52:06.959431;835c6b39-9bd9-4fe4-bbe1-007df5dfdee4;8.68;0.499;SELL
2016-04-14T08:53:51.000000;2016-04-14T08:53:51.808920;7b54561a-6285-4574-948e-4e418d09ac33;8.68;0.34136631;SELL
2016-04-14T08:56:09.000000;2016-04-14T08:56:09.187646;86b4840d-edb6-4416-8dfa-7aa5004875d9;8.68;2.01686669;SELL
2016-04-14T08:57:14.000000;2016-04-14T08:57:14.369181;11890c3b-813c-4335-b3bf-ddeb3a21608c;8.68;0.499;SELL
2016-04-14T08:58:24.000000;2016-04-14T08:58:24.427176;47fa22fc-7221-41b4-922b-4ccaadd20e01;8.704;0.5002;BUY
2016-04-14T08:59:51.000000;2016-04-14T08:59:51.849914;e0cfc626-6552-47bd-bea3-e2d2c45fb705;8.68;0.48897599;SELL
2016-04-14T09:00:25.000000;2016-04-14T09:00:25.518281;9284af0c-a679-4064-a4db-dc39072a179e;8.68;3.37898128;SELL
2016-04-14T09:02:46.000000;2016-04-14T09:02:46.501632;7bb6fb85-a065-49bb-8e82-496624631c2e;8.66;8.62;SELL
2016-04-14T09:02:48.000000;2016-04-14T09:02:48.634857;d229ccc9-9a6f-4123-9ac0-b8fe87716b32;8.66;1.38;SELL
2016-04-14T09:03:02.000000;2016-04-14T09:03:02.938284;1d73f37e-b83d-4750-ab01-3af3f79d347e;8.653;1.35;BUY
2016-04-14T09:03:07.000000;2016-04-14T09:03:08.037785;9f641095-3620-4cac-afe2-20f376c5fd82;8.67;1.35;BUY
2016-04-14T09:03:42.000000;2016-04-14T09:03:42.979288;b6fa8c53-58af-4b81-bc1a-bb6cff130fb8;8.6301;0.48897599;SELL
2016-04-14T09:03:43.000000;2016-04-14T09:03:43.665352;a22f57e8-f926-46fd-9f17-cbae043632f1;8.6669;0.86102401;BUY
2016-04-14T09:03:45.000000;2016-04-14T09:03:45.053497;6b866b69-d479-4a96-a08a-567f3490f3d0;8.667;0.86102401;BUY
2016-04-14T09:03:50.000000;2016-04-14T09:03:50.648063;e5933b73-838b-4792-bee1-bf34874087e7;8.6301;0.66298189;SELL
2016-04-14T09:03:51.000000;2016-04-14T09:03:51.260122;6da597a2-9bdd-4c75-b75b-01012886af06;8.667;0.68701811;BUY
2016-04-14T09:04:50.000000;2016-04-14T09:04:50.128991;c7060309-ef19-4bb0-bc98-3483c0e66ee4;8.6301;1.35272351;SELL
2016-04-14T09:04:50.000000;2016-04-14T09:04:50.132012;755a7da6-c407-437e-90eb-be02242f8ac7;8.63;1.79980042;SELL
2016-04-14T09:04:50.000000;2016-04-14T09:04:50.133996;b0189309-e4c8-46b7-b841-2b675efe4e42;8.63;2.24866177;SELL
2016-04-14T09:04:50.000000;2016-04-14T09:04:50.167997;c77346db-1dca-4f1b-b0c5-1f5eb29bec63;8.63;5.24183301;SELL
2016-04-14T09:09:47.000000;2016-04-14T09:09:47.819771;affbcd40-b7f3-4896-ad26-ad1323044827;8.63;4.75816699;SELL
2016-04-14T09:09:49.000000;2016-04-14T09:09:49.787955;4b1f6284-a08b-4e8f-9753-005dbadf112d;8.62;4.75816699;SELL
2016-04-14T09:10:25.000000;2016-04-14T09:10:25.301529;f3783a79-2b2e-4eef-8147-ddee269b5f37;8.656;2.3026411;BUY
2016-04-14T09:11:03.000000;2016-04-14T09:11:03.888372;c24ede4a-a616-42f6-b1a0-9083d39f1dc6;8.62;0.74979401;SELL
2016-04-14T09:11:28.000000;2016-04-14T09:11:28.778866;c8a10eb0-fb3d-45f9-91d6-b9feec053304;8.62;4.49;SELL
2016-04-14T09:13:13.000000;2016-04-14T09:13:13.388326;3f02f286-f50b-4b62-9792-bde0c9c2c4b0;8.62;0.002039;SELL
2016-04-14T09:13:13.000000;2016-04-14T09:13:13.407324;c15f23ed-3141-41ab-b793-05d7607b571c;8.6101;3.29238497;SELL
2016-04-14T09:13:13.000000;2016-04-14T09:13:13.413317;b43ffbb9-0bc2-478b-b833-d81f78b25cac;8.61;1.93552333;SELL
2016-04-14T09:13:13.000000;2016-04-14T09:13:13.443333;a09a46eb-bb7a-4e3c-9d73-621676a4ce7f;8.61;9.49403901;SELL
2016-04-14T09:13:52.000000;2016-04-14T09:13:52.345216;5558ab2d-a48b-4b7c-b38b-01b405e9fc1f;8.61;0.50596099;SELL
2016-04-14T09:15:02.000000;2016-04-14T09:15:03.027286;de4cb3be-e1c8-4680-8133-edb34589f2ac;8.6;3.11463749;SELL
2016-04-14T09:15:02.000000;2016-04-14T09:15:03.034275;be68bc9b-118c-40eb-934d-5635556988ae;8.6;3.11767617;SELL
2016-04-14T09:15:02.000000;2016-04-14T09:15:03.041291;b8c77987-688b-4415-8a5e-4d92bc22e340;8.6;10.0;SELL
2016-04-14T09:15:06.000000;2016-04-14T09:15:06.093594;4f108887-1435-477a-ad7a-5fc000bcd576;8.5901;6.53272002;SELL
2016-04-14T09:15:06.000000;2016-04-14T09:15:06.095590;c60f9a14-751c-46ea-9d34-05fbcae740cb;8.5901;1.21381526;SELL
2016-04-14T09:15:06.000000;2016-04-14T09:15:06.101609;c988e1c0-3e6e-4be1-95fe-1deb65539344;8.5901;3.24033505;SELL
2016-04-14T09:15:06.000000;2016-04-14T09:15:06.131614;f39c194b-214d-424c-99f4-c58583b3e3ca;8.5901;0.22694493;SELL
2016-04-14T09:15:06.000000;2016-04-14T09:15:06.466631;d39f9efc-4f82-448a-a311-88f180830b6c;8.59;10.0;SELL
2016-04-14T09:15:06.000000;2016-04-14T09:15:06.474636;15a89592-b6c3-4c38-824a-4157d7262f31;8.59;6.23231366;SELL
2016-04-14T09:16:10.000000;2016-04-14T09:16:10.103992;f8dd2a53-9939-410c-826a-4ccd7630e518;8.5901;0.22694493;SELL
2016-04-14T09:16:10.000000;2016-04-14T09:16:10.118992;bc9fe1d1-0566-4180-bc86-42883d1abbac;8.59;2.91215489;SELL
2016-04-14T09:17:04.000000;2016-04-14T09:17:04.772018;91156078-1ec8-457d-87a5-7d010ed0d7a1;8.59;0.749738;SELL
2016-04-14T09:20:33.000000;2016-04-14T09:20:33.832962;31151969-d085-40ab-9435-4b382fdd6dc1;8.59;0.10579345;SELL
2016-04-14T09:20:33.000000;2016-04-14T09:20:33.842919;6a2582c6-4536-48b5-9b7e-fcab9ad4e80c;8.59;4.89420655;SELL
2016-04-14T09:28:08.000000;2016-04-14T09:28:08.069331;5ece9a97-504b-41c0-918b-23893ed0ad0c;8.59;3.16298283;SELL
2016-04-14T09:53:36.000000;2016-04-14T09:53:36.303028;b3fce5d1-8914-4f51-8289-1676e4185a8a;8.65;10.0;BUY
2016-04-14T10:03:42.000000;2016-04-14T10:03:42.759592;0f8d064b-e5a0-4c45-80e9-50803d0ce06b;8.69;10.0;BUY
2016-04-14T10:10:15.000000;2016-04-14T10:10:15.694877;2204904c-1f08-4e87-8615-89542f8d38f6;8.72;4.3825648;BUY
2016-04-14T10:10:38.000000;2016-04-14T10:10:38.513158;752fd1bc-f5f2-49d5-b0d5-caf35a312dd0;8.72;4.81524344;BUY
2016-04-14T10:10:50.000000;2016-04-14T10:10:50.749379;28289646-1b61-40f5-bad2-362addab04b8;8.72;0.80219176;BUY
2016-04-14T10:13:03.000000;2016-04-14T10:13:03.855685;0696729a-0f02-4ea2-9257-0ba60535ba0c;8.73;10.0;BUY
2016-04-14T10:13:24.000000;2016-04-14T10:13:24.309744;cefe05e8-b4bc-4d62-a86d-5ef3472fe6fe;8.74;10.0;BUY
2016-04-14T10:29:25.000000;2016-04-14T10:29:25.099311;88486278-24d3-4062-8e4c-497e003e1f71;8.7122;10.4632689;SELL
2016-04-14T10:29:27.000000;2016-04-14T10:29:27.254499;7ce44594-3a4f-495a-bca6-5987b13d66cb;8.7122;10.4632689;SELL
2016-04-14T10:30:24.000000;2016-04-14T10:30:24.939251;8bf17192-a272-4fed-a0af-f5ed09565429;8.7122;2.94536281;SELL
2016-04-14T10:30:28.000000;2016-04-14T10:30:28.209582;8ccbeb7a-4198-482a-acb8-bc5b4182c2cf;8.7122;0.00067259;SELL
2016-04-14T10:30:30.000000;2016-04-14T10:30:30.571808;74d03856-d5fc-4cad-8376-52fbbb3a24a2;8.7122;1.60438353;SELL
2016-04-14T10:30:33.000000;2016-04-14T10:30:33.290097;8879966a-0fed-4830-a65b-d6bb54505dba;8.7072;1.34030669;SELL
2016-04-14T10:30:54.000000;2016-04-14T10:30:54.088162;8a28dfa2-c3a7-4b3c-bd03-3ad02b3714ae;8.7072;1.21085;SELL
2016-04-14T10:31:00.000000;2016-04-14T10:31:00.269776;e7e4718f-d375-48c9-940e-c74ef85982d2;8.7072;1.57122669;SELL
2016-04-14T10:31:12.000000;2016-04-14T10:31:13.009071;1c65fc5d-2c4f-4935-ba86-ce19914b94e7;8.7072;19.76;SELL
2016-04-14T10:31:35.000000;2016-04-14T10:31:35.215783;931ccb65-84ee-41d1-92cb-7a0696013d5e;8.7072;0.00389835;SELL
2016-04-14T10:31:35.000000;2016-04-14T10:31:35.219817;d9e820f7-bb2f-4fba-b1c9-1511dd8113b3;8.6703;23.98610165;SELL
2016-04-14T10:39:48.000000;2016-04-14T10:39:48.359091;148ee577-a372-48ee-be75-41ec9ad1eab0;8.6703;0.0018379;SELL
2016-04-14T11:21:28.000000;2016-04-14T11:21:28.819628;bb5bd1de-f599-412d-8460-e7d8160513bf;8.65;10.0;SELL
2016-04-14T11:21:28.000000;2016-04-14T11:21:28.837635;af14d0f9-9576-45c3-bfc9-3201d7ad720d;8.63;10.0;SELL
2016-04-14T11:21:28.000000;2016-04-14T11:21:28.839657;9957be63-67fc-473b-a163-dc19c5377261;8.62;10.0;SELL
2016-04-14T11:21:28.000000;2016-04-14T11:21:28.873639;4294e27c-76b3-4fc7-9700-259c5a625188;8.61;10.0;SELL
2016-04-14T11:21:28.000000;2016-04-14T11:21:28.873639;f79598a5-4b3b-4532-8e71-6e647aceca61;8.604;3.09;SELL
2016-04-14T11:21:30.000000;2016-04-14T11:21:30.310784;c63b40d1-6ddd-4738-bbc8-6bd3644ffacd;8.604;0.00387;SELL
2016-04-14T11:21:33.000000;2016-04-14T11:21:33.955171;93dcd2c4-ef59-435b-a8aa-558dc5e3eff3;8.59;1.94;SELL
2016-04-14T11:21:35.000000;2016-04-14T11:21:35.404322;c77ebb83-dbcd-47dd-837f-dd115107a0d4;8.59;0.00281062;SELL
2016-04-14T11:21:37.000000;2016-04-14T11:21:37.180473;c0989d34-bc57-472e-a25b-09ed21728793;8.551;1.5;SELL
2016-04-14T11:35:49.000000;2016-04-14T11:35:49.415743;9c31fedc-eb78-47e8-988a-c43af5b34757;8.55;10.0;SELL
2016-04-14T11:36:09.000000;2016-04-14T11:36:09.606754;d24f2724-b871-4ad6-abac-d2579429cb96;8.5201;3.730528;SELL
2016-04-14T11:36:09.000000;2016-04-14T11:36:09.610761;8d82e690-8dcf-46e7-82c2-39ee29bcbd53;8.52;10.0;SELL
2016-04-14T11:36:09.000000;2016-04-14T11:36:09.614765;ceef85e6-f77e-4bda-a31e-f4b3632e5e1b;8.52;16.759472;SELL
2016-04-14T11:36:10.000000;2016-04-14T11:36:10.552862;799763ea-366b-4593-8251-74960c9d870b;8.5201;6.2675859;SELL
2016-04-14T11:36:10.000000;2016-04-14T11:36:10.566888;49ad479e-8608-40bb-bac3-8b62df1526a9;8.52;3.240528;SELL
2016-04-14T11:36:10.000000;2016-04-14T11:36:11.034902;f5f85af3-bba6-42d4-9da3-9ff41011f577;8.52;3.730528;BUY
2016-04-14T11:36:17.000000;2016-04-14T11:36:17.291529;f376483c-3b2e-4499-b44e-852ed6cf7bc1;8.5001;46.7;SELL
2016-04-14T11:36:17.000000;2016-04-14T11:36:17.697564;d83e47fd-08cc-425a-8b6a-c5927598a7d8;8.519;10.0;BUY
2016-04-14T11:36:18.000000;2016-04-14T11:36:19.139758;cc3e3df3-cbfb-4329-a206-091cf9c3f720;8.5001;19.9768;SELL
2016-04-14T11:36:18.000000;2016-04-14T11:36:19.154715;f4ee6d78-62ec-4a45-888b-ee5112f482cd;8.5;10.0;SELL
2016-04-14T11:36:18.000000;2016-04-14T11:36:19.158736;927244d0-a23c-42ab-bd35-2510d50024cf;8.5;5.0;SELL
2016-04-14T11:37:46.000000;2016-04-14T11:37:46.280417;bcc9639f-8893-4111-9b12-999e53ca8e76;8.47;10.0;SELL
2016-04-14T11:37:57.000000;2016-04-14T11:37:57.780579;7be6f406-3528-4daa-b42f-00f0c275816a;8.45;10.0;SELL
2016-04-14T11:38:09.000000;2016-04-14T11:38:09.784779;7990c4d7-f99c-417e-8bd6-c6e83abd1c54;8.43;10.0;SELL
2016-04-14T11:40:51.000000;2016-04-14T11:40:51.808996;df8dd913-f933-4e3b-b15f-a1e5a9fe0186;8.4609;9.1087;BUY
2016-04-14T11:40:52.000000;2016-04-14T11:40:52.701094;c0b91895-4caf-44b9-98d2-3a942f76ca6c;8.421;0.8913;SELL
2016-04-14T11:43:40.000000;2016-04-14T11:43:41.086928;c69f2333-d486-45ea-ae07-9ac1ffc90995;8.44;10.0;SELL
2016-04-14T11:43:40.000000;2016-04-14T11:43:41.098900;22c3ebce-b937-4a01-ac6a-cec81b9948fc;8.43;10.0;SELL
2016-04-14T11:43:40.000000;2016-04-14T11:43:41.100904;a559f86e-a93f-4942-89b5-4173b5c08504;8.42;10.0;SELL
2016-04-14T11:43:40.000000;2016-04-14T11:43:41.135905;e3e223f5-5e15-4494-aa39-ff171b5a4112;8.4;50.0;SELL
2016-04-14T11:54:18.000000;2016-04-14T11:54:18.709204;4c0b0180-d929-484f-877a-bf7e7b48c5c0;8.4489;0.6758;BUY
2016-04-14T11:54:47.000000;2016-04-14T11:54:47.940149;f870314a-261a-4210-b441-41e60ccc0a49;8.3822;1.5004041;SELL
2016-04-14T11:54:47.000000;2016-04-14T11:54:47.946149;cfd6eb2c-bbbf-46d5-b3f5-662e48ddadbd;8.38;20.0;SELL
2016-04-14T11:54:47.000000;2016-04-14T11:54:47.948128;ee2a7f71-3522-4d61-8f3c-2060837b0eef;8.3422;16.02536162;SELL
2016-04-14T11:54:47.000000;2016-04-14T11:54:47.982133;8ea44993-d091-4117-a684-4a29c6cc78ac;8.3421;46.31517481;SELL
2016-04-14T11:58:31.000000;2016-04-14T11:58:31.532484;9eaf0272-3690-4a3f-90fe-fe2c83b65219;8.415;1.5;BUY
2016-04-14T11:58:31.000000;2016-04-14T11:58:31.550485;91133c4b-60dd-4206-b9a8-2271a1e66718;8.416;4.85179851;BUY
2016-04-14T11:58:32.000000;2016-04-14T11:58:33.076633;51485ebd-41b9-4cad-a625-ab855efee8b2;8.416;6.35179851;BUY
2016-04-14T11:58:39.000000;2016-04-14T11:58:39.542275;79d2c513-43fb-42eb-bf33-502be525cd6b;8.416;3.55721806;BUY
2016-04-14T11:58:54.000000;2016-04-14T11:58:54.541785;28bf5116-a6bb-4fd6-b1f7-fa0d435d6f12;8.3431;0.30608067;SELL
2016-04-14T12:02:07.000000;2016-04-14T12:02:07.454791;89b90925-12e5-4d33-a38a-96bbffcc73bd;8.38;0.74990601;SELL
2016-04-14T12:03:35.000000;2016-04-14T12:03:35.936640;637894b7-0491-4973-ba62-44cab46c46ed;8.402;89.29;BUY
2016-04-14T12:03:35.000000;2016-04-14T12:03:35.944643;ad4047a0-d33e-413e-bd97-95ef1c5bc22d;8.402;0.3;BUY
2016-04-14T12:03:35.000000;2016-04-14T12:03:35.951644;26858f4c-4777-4881-9bcc-a8b8656614ac;8.4029;57.89228;BUY
2016-04-14T12:28:39.000000;2016-04-14T12:28:39.722537;d9d0f229-1129-4d15-b382-b11b6a1083b2;8.4685;0.85;BUY
2016-04-14T12:28:39.000000;2016-04-14T12:28:39.727532;eb4f53d4-736d-4871-a7ac-536c12a74143;8.47;10.0;BUY
2016-04-14T12:29:25.000000;2016-04-14T12:29:25.433106;c37a366a-5a81-41ae-975e-6fd107b2b3ca;8.453;1.0;SELL
2016-04-14T12:29:28.000000;2016-04-14T12:29:28.703432;db20ce44-7146-4201-be07-0afca6d195cf;8.47;7.6;BUY
2016-04-14T12:29:29.000000;2016-04-14T12:29:29.961560;52c813c5-fa6e-4603-bc9e-92bb002cea95;8.47;2.4;BUY
2016-04-14T12:42:49.000000;2016-04-14T12:42:49.372202;ef21667f-15e2-4f1c-b860-5b669de8e8b6;8.478;1.0;BUY
2016-04-14T12:42:49.000000;2016-04-14T12:42:49.383197;baf26612-6cbd-4f18-a8de-0af9080ca4a3;8.479;19.1139;BUY
2016-04-14T13:34:17.000000;2016-04-14T13:34:17.199290;2294bb7c-ef00-4edb-a3cf-9b13678f1405;8.451;0.13712593;SELL
2016-04-14T13:35:50.000000;2016-04-14T13:35:50.785650;3a85fa23-138b-45af-b089-dedc59dbf356;8.452;3.42;SELL
2016-04-14T13:39:26.000000;2016-04-14T13:39:26.937272;dd2a914b-c8fd-415f-b143-cfc41fa895fe;8.48;50.0;SELL
2016-04-14T13:39:29.000000;2016-04-14T13:39:29.382510;6d465fb5-acb9-4fc0-8616-8af7c0365813;8.4721;50.0;SELL
2016-04-14T13:39:33.000000;2016-04-14T13:39:33.285908;9756d414-28fb-451d-8d28-d1ebf3fb6994;8.48;50.0;SELL
2016-04-14T13:39:36.000000;2016-04-14T13:39:36.967269;a5683dc3-a5fd-48ef-8a62-f2414d4b15e6;8.4731;50.0;SELL
2016-04-14T13:39:42.000000;2016-04-14T13:39:42.969866;892811f4-e81e-47ce-8635-b917e97b528c;8.48;50.0;SELL
2016-04-14T13:40:09.000000;2016-04-14T13:40:09.453516;a59cd5b2-2e89-4022-a74c-12f220dee55a;8.489;1.0;BUY
2016-04-14T13:41:15.000000;2016-04-14T13:41:15.639142;6e285f1a-c9b7-43a5-a9b2-cc7cd372c293;8.489;1.0;BUY
2016-04-14T13:41:45.000000;2016-04-14T13:41:45.654142;b5e0599d-8927-450c-983c-b23d6e01003e;8.49;25.83099696;BUY
2016-04-14T13:41:53.000000;2016-04-14T13:41:53.785947;8d04598d-0426-4311-b2a0-b2c8b047fc3e;8.49;74.16900304;BUY
2016-04-14T13:42:42.000000;2016-04-14T13:42:42.537821;53de157b-7cc8-45bb-b88e-e6d7e4d476ce;8.495;0.74878968;BUY
2016-04-14T13:43:15.000000;2016-04-14T13:43:15.812152;0ca8fc6f-4504-4152-a594-640a83d16b3d;8.5;1.55;BUY
2016-04-14T13:43:32.000000;2016-04-14T13:43:32.633827;9c29bfd6-6a8e-4588-b3ef-c5ba51fc6087;8.499;1.0;BUY
2016-04-14T13:43:37.000000;2016-04-14T13:43:37.831363;7439134e-ab1e-477a-b8cd-6fdb87fe8d3b;8.499;0.4;BUY
2016-04-14T13:43:37.000000;2016-04-14T13:43:37.842380;6686a4f4-6af6-4f1c-8523-2ad73e61566e;8.5;0.6;BUY
2016-04-14T13:43:43.000000;2016-04-14T13:43:43.996966;53ff385e-6a04-4049-96d1-69a1993d79b9;8.5;1.0;BUY
2016-04-14T13:43:54.000000;2016-04-14T13:43:54.787121;a7d4331b-2ad4-4a26-8c5e-d653470475cf;8.5;24.2;BUY
2016-04-14T13:43:58.000000;2016-04-14T13:43:59.014483;09adfa88-125c-4cc4-9b4c-a7f979e6da03;8.5617;1.0;BUY
2016-04-14T13:45:35.000000;2016-04-14T13:45:35.150089;583f97f4-2dd1-42e1-a751-fd72acf1c9bf;8.505;5.0;SELL
2016-04-14T14:02:58.000000;2016-04-14T14:02:59.033831;b3eee94f-1602-4131-a7d8-d1b5a2d5f4cd;8.5617;2.09456;BUY
2016-04-14T14:02:58.000000;2016-04-14T14:02:59.041834;efd6325d-056a-4e03-9797-deaae5bcc148;8.6018;2.90544;BUY
2016-04-14T14:05:46.000000;2016-04-14T14:05:46.340560;aa3d21fe-f072-4a25-a47d-25d22f38860b;8.6018;0.265728;BUY
2016-04-14T14:05:46.000000;2016-04-14T14:05:46.353559;61a48bb9-8ac1-4457-a2a0-918cbd33354d;8.619;4.734272;BUY
2016-04-14T14:07:35.000000;2016-04-14T14:07:35.816503;7da738d0-4c69-47f7-9ebc-c3a4bf2c0500;8.5135;1.05442433;SELL
2016-04-14T14:16:48.000000;2016-04-14T14:16:48.913807;ae3c8f30-e77f-4cef-a998-cd14940024fd;8.6;1.35472872;BUY
2016-04-14T14:16:49.000000;2016-04-14T14:16:49.508862;db666682-b905-4e65-b247-ff73028a659a;8.6;1.35472872;BUY
2016-04-14T14:16:50.000000;2016-04-14T14:16:50.894015;a933d3b5-0771-4f28-8817-5ee784f2739e;8.6;1.35472872;BUY
2016-04-14T14:16:51.000000;2016-04-14T14:16:51.790100;d07dd2d2-1b02-49f1-869a-69aaf785cf60;8.6;0.02629644;BUY
2016-04-14T14:16:52.000000;2016-04-14T14:16:52.268142;ebb637bd-274b-427b-a0a4-031d3d1fd1cd;8.6138;1.32843228;BUY
2016-04-14T14:17:07.000000;2016-04-14T14:17:07.668703;834b9c42-6624-42dd-a435-5a0ddf5a2918;8.59;4.96396543;BUY
2016-04-14T14:17:08.000000;2016-04-14T14:17:08.314757;7acb2305-7afc-4f80-a8cb-f396e6708a31;8.59;5.03603457;BUY
2016-04-14T14:18:19.000000;2016-04-14T14:18:19.807836;64f23da3-1065-4e85-9715-933909b44e74;8.6;10.0;BUY
2016-04-14T14:18:19.000000;2016-04-14T14:18:19.814834;ccf44f02-4f7e-49fb-b525-8bb24443d1fa;8.6;10.0;BUY
2016-04-14T14:18:49.000000;2016-04-14T14:18:49.244778;0210aaae-5ea4-4327-bb86-78b21fe09c02;8.6;20.0;BUY
2016-04-14T14:20:01.000000;2016-04-14T14:20:01.156969;726c2a15-38c1-4b22-b2b0-b110cba078c5;8.6;20.0;BUY
2016-04-14T14:20:01.000000;2016-04-14T14:20:01.167968;3235b92f-ec8b-4fbf-9612-8e7e47d8885f;8.6;20.0;BUY
2016-04-14T14:22:46.000000;2016-04-14T14:22:46.724519;50836020-1c29-4791-b8ea-a15d5a71315a;8.5903;3.6076596;SELL
2016-04-14T14:22:46.000000;2016-04-14T14:22:46.732524;a32b027c-040d-4276-acaf-84eed097fc73;8.5902;3.6076596;SELL
2016-04-14T14:22:48.000000;2016-04-14T14:22:48.932747;6829733a-2856-48b4-96a0-1174ceafb54e;8.5802;3.158485;SELL
2016-04-14T14:22:50.000000;2016-04-14T14:22:50.154858;0b96d909-22bb-450a-9e10-356bec2260c3;8.5192;1.50716239;SELL
2016-04-14T14:22:50.000000;2016-04-14T14:22:50.185873;ee06100b-e5a7-45a4-9e9a-bcabd25e2f7b;8.5191;27.13740166;SELL
2016-04-14T14:23:23.000000;2016-04-14T14:23:23.892234;a9bf218d-04f0-4a2f-9e7c-a1e43fb8073e;8.514;0.36;BUY
2016-04-14T14:23:24.000000;2016-04-14T14:23:25.008344;68754e94-c875-4edd-b030-42c74bdbeffc;8.514;0.36;BUY
2016-04-14T14:23:26.000000;2016-04-14T14:23:26.255469;624c2764-cab3-4354-a7ba-4499c0cf1bfb;8.514;9.35377796;BUY
2016-04-14T14:23:27.000000;2016-04-14T14:23:27.114584;845333f7-ed0a-43bc-bc30-25f6e64fe68a;8.514;0.36;BUY
2016-04-14T14:23:38.000000;2016-04-14T14:23:38.974748;3c7691f1-ccb5-4a4a-9e5b-63a62d1aa711;8.5135;2.12954767;SELL
2016-04-14T14:23:38.000000;2016-04-14T14:23:38.976758;99fe967c-54b9-4de5-901a-60eb5637077c;8.5122;0.74878968;SELL
2016-04-14T14:23:50.000000;2016-04-14T14:23:50.129862;0dc321cb-a3c8-4dc4-989c-21ce186eb108;8.5001;68.0514;SELL
2016-04-14T14:23:50.000000;2016-04-14T14:23:50.137863;73c086ec-8b98-4cd4-9204-a9ab54e5db38;8.5;50.0;SELL
2016-04-14T14:23:50.000000;2016-04-14T14:23:50.146866;aecc36cb-5389-4429-900a-c3f3d6b42be1;8.5;69.9986;SELL
2016-04-14T14:23:51.000000;2016-04-14T14:23:51.398992;712e1940-5aed-4c1b-82bd-eb1d182eb146;8.5;0.0014;SELL
2016-04-14T14:23:51.000000;2016-04-14T14:23:51.408994;9033965b-9d07-4b89-a37b-0ca2c4992d39;8.49;0.74849801;SELL
2016-04-14T14:23:57.000000;2016-04-14T14:23:57.360588;9cffa744-9527-4eae-8ae8-e3b6234c77d6;8.49;27.22;SELL
2016-04-14T14:24:03.000000;2016-04-14T14:24:03.082174;a0ca96d6-1656-4d28-8b4c-0550c579d65e;8.49;22.03;SELL
2016-04-14T14:24:21.000000;2016-04-14T14:24:21.635011;1a22a5de-dc66-4744-ac5e-a2f6f50b9e14;8.49;0.00150199;SELL
2016-04-14T14:24:21.000000;2016-04-14T14:24:21.640014;59e55abc-57e2-49e3-8448-84c0c89f17df;8.49;0.99849801;SELL
2016-04-14T14:24:23.000000;2016-04-14T14:24:23.421215;2b1a5571-c108-48a0-8e05-197a277ff8bf;8.49;0.00150199;SELL
2016-04-14T14:24:34.000000;2016-04-14T14:24:34.302287;8a2ef79b-294a-4c35-81bd-7e1534c800f4;8.48;1.0;SELL
2016-04-14T14:24:34.000000;2016-04-14T14:24:34.318314;943ba2cd-4645-44db-8706-a6179a0cdb8f;8.48;1.0;SELL
2016-04-14T14:24:34.000000;2016-04-14T14:24:34.329280;bb116d80-5b0a-4e17-badf-5f06cf49a0d4;8.48;0.12;SELL
2016-04-14T14:25:10.000000;2016-04-14T14:25:10.107853;21da66c6-12e5-413d-8608-b33f2ea0bd72;8.49;46.7;SELL
2016-04-14T14:26:58.000000;2016-04-14T14:26:58.821728;359b4c83-4eb6-435b-a492-a86299a7b2b0;8.49;3.3;SELL
2016-04-14T14:26:58.000000;2016-04-14T14:26:58.822717;e579ac99-5269-4932-9404-a3eb3cd97b4f;8.49;50.0;SELL
2016-04-14T14:26:58.000000;2016-04-14T14:26:58.823723;108b0ba5-e2da-4ab8-9ca6-9818a3c0c784;8.49;8.33163892;SELL
2016-04-14T14:27:08.000000;2016-04-14T14:27:08.240672;51237b4a-38c6-4100-9789-0d6b472a5502;8.498;0.1;BUY
2016-04-14T14:30:12.000000;2016-04-14T14:30:12.911136;183230ca-840f-4737-b03e-ec1ad711a51a;8.4999;0.1;BUY
2016-04-14T14:35:05.000000;2016-04-14T14:35:05.075416;52dc64c6-f77d-4190-939c-72fd33c4a146;8.49;41.66836108;SELL
2016-04-14T14:35:05.000000;2016-04-14T14:35:05.088425;4d27ab9f-dd8b-498f-84c4-87ac4626844f;8.49;38.87163892;SELL
2016-04-14T14:35:06.000000;2016-04-14T14:35:06.423554;63b25772-95ff-4655-99ff-cf97672ff236;8.49;11.12836108;SELL
2016-04-14T14:35:06.000000;2016-04-14T14:35:06.430562;c71ffb4f-44c3-4291-8b88-31dab67b0a8f;8.49;0.94;SELL
2016-04-14T14:35:48.000000;2016-04-14T14:35:48.855789;de7889f8-01ec-45a9-b43b-8bb0bb81504d;8.48;26.8351696;SELL
2016-04-14T14:35:49.000000;2016-04-14T14:35:49.054818;60de7a08-f00e-471d-8271-f9a762425546;8.48;20.56701619;SELL
2016-04-14T14:37:07.000000;2016-04-14T14:37:07.961706;dfc62653-1122-455f-b98b-f99dba2283cc;8.48;2.59781421;SELL
2016-04-14T14:37:07.000000;2016-04-14T14:37:07.974701;55c34134-5eae-4abc-bf83-e510c7d3f977;8.48;9.05218579;SELL
2016-04-14T14:37:16.000000;2016-04-14T14:37:16.560569;18a23204-2b88-4bd7-9f32-0befa74896ca;8.48;0.87;SELL
2016-04-14T14:37:30.000000;2016-04-14T14:37:30.068923;0545cfac-6f86-49b6-8add-610cef66ee30;8.48;40.07781421;SELL
2016-04-14T14:43:36.000000;2016-04-14T14:43:36.075531;b6140d7d-859f-4cf8-beca-26316a358f9a;8.45;50.0;SELL
2016-04-14T14:43:36.000000;2016-04-14T14:43:36.094535;b43f49d7-8502-40c6-8e0a-7987d3a649fb;8.45;50.0;SELL
2016-04-14T14:43:36.000000;2016-04-14T14:43:36.101548;dbcb3b4a-8654-4b74-a7de-6cf7c84acb5b;8.45;26.68;SELL
2016-04-14T14:43:37.000000;2016-04-14T14:43:37.687680;91d0767d-729b-48b2-8dcb-bb5e1cb0d9dc;8.45;23.32;SELL
2016-04-14T14:48:52.000000;2016-04-14T14:48:52.499151;012cbf59-719b-428e-8f44-ae6ca34920a3;8.4419;3.160588;BUY
2016-04-14T14:48:52.000000;2016-04-14T14:48:52.511142;db2cfbac-1cb6-46f9-8f54-d8cd0d66dd55;8.445;26.839412;BUY
2016-04-14T14:48:57.000000;2016-04-14T14:48:57.190668;cd500c64-7693-41f3-959a-2e805c78e85b;8.4456;25.97196761;BUY
2016-04-14T14:48:57.000000;2016-04-14T14:48:57.193613;913883c6-8242-422f-8af7-811ed61568c7;8.499;0.35959328;BUY
2016-04-14T14:48:57.000000;2016-04-14T14:48:57.194612;7ae84999-254e-46e4-be13-4c5b1f4b5117;8.499;3.66843911;BUY
2016-04-14T14:54:28.000000;2016-04-14T14:54:28.357749;4ba4f12f-b0e7-4755-8853-96e53a38b0c3;8.478;3.197919;BUY
2016-04-14T15:09:21.000000;2016-04-14T15:09:21.459890;a834d562-4d3d-4ab2-a030-9501d4121e2f;8.477;5.0;BUY
2016-04-14T15:11:13.000000;2016-04-14T15:11:13.662113;a7af208b-6174-4f08-af32-dcb9dc70d4b5;8.472;4.1507;BUY
2016-04-14T15:16:35.000000;2016-04-14T15:16:35.660309;5177ba47-7ce0-4f79-8c39-519f16401d8e;8.43;1.99608212;SELL
2016-04-14T15:16:47.000000;2016-04-14T15:16:47.107463;4915673c-67da-4c06-9b00-84ba6d756cd2;8.43;0.12795897;SELL
2016-04-14T15:19:35.000000;2016-04-14T15:19:35.924891;249c9889-1fef-4eac-9f75-6ac200fce84a;8.43;18.97775657;SELL
2016-04-14T15:19:36.000000;2016-04-14T15:19:36.526946;eeee3af4-9b14-462a-8c88-5fc1a1171012;8.43;28.89820234;SELL
2016-04-14T15:19:36.000000;2016-04-14T15:19:36.529944;c53edefb-4402-4232-9ef2-1437b0366702;8.41;10.0;SELL
2016-04-14T15:19:36.000000;2016-04-14T15:19:36.533943;e2d3f0f0-ab6a-4512-a15c-099ece457101;8.41;48.58892212;SELL
2016-04-14T15:21:58.000000;2016-04-14T15:21:58.757155;22b03eda-150d-4e79-b343-1f0a21d194c1;8.4313;3.195652;BUY
2016-04-14T15:21:58.000000;2016-04-14T15:21:58.773172;930ee3f4-b3e1-45bd-8e52-e76477406c6b;8.5119;2.804348;BUY
2016-04-14T15:22:06.000000;2016-04-14T15:22:06.087894;5f122afd-793c-4682-b53e-2f2edc3d3dee;8.456;2.0;BUY
2016-04-14T15:25:49.000000;2016-04-14T15:25:49.787259;ab6b795e-d502-421c-b76d-84cfe44be712;8.41;151.41107788;SELL
2016-04-14T15:26:26.000000;2016-04-14T15:26:26.315930;ff64d9cb-3ccc-4f94-a9d6-7dada8faa423;8.408;88.8335;BUY
2016-04-14T15:26:26.000000;2016-04-14T15:26:26.330912;9eba93bd-8806-4bab-9821-d9f3141d2f21;8.41;11.10438292;BUY
2016-04-14T15:26:26.000000;2016-04-14T15:26:26.334915;c6ca282d-1352-43f9-b1b7-3a3d056d0a6a;8.45;0.06211708;BUY
2016-04-14T15:26:31.000000;2016-04-14T15:26:32.003518;04fefaaa-1a2c-4b84-9329-4711ed778ddd;8.4498;23.66804415;BUY
2016-04-14T15:26:31.000000;2016-04-14T15:26:32.016485;3c78b624-9b71-4371-b599-dc5cf56a11c6;8.4499;6.33195585;BUY
2016-04-14T15:36:10.000000;2016-04-14T15:36:10.900632;4cd93bc7-959e-46f9-ace8-582705f25eca;8.3143;4.9;SELL
2016-04-14T15:36:10.000000;2016-04-14T15:36:10.906627;adf276fc-a92d-4bae-9018-ab5828c6bac1;8.3133;3.198676;SELL
2016-04-14T15:36:10.000000;2016-04-14T15:36:10.907650;05101c02-4197-437d-8585-942fce828d09;8.3123;3.8612;SELL
2016-04-14T15:36:10.000000;2016-04-14T15:36:10.943627;d262dabf-82b9-4880-a51b-04584f9b1654;8.311;12.1082134;SELL
2016-04-14T15:38:22.000000;2016-04-14T15:38:22.051740;fe85f66c-d3f2-4d0f-87f6-430d7684572d;8.3945;2.6;BUY
2016-04-14T15:38:22.000000;2016-04-14T15:38:22.084749;d566ef76-af32-493c-9895-518a9ac02c8c;8.3945;2.3;BUY
2016-04-14T15:38:22.000000;2016-04-14T15:38:22.089758;099f7267-ca78-44fc-9250-8778c01cd6c2;8.3955;0.1;BUY
2016-04-14T15:38:26.000000;2016-04-14T15:38:26.285166;8dbcd6d1-be40-4eb8-87a7-262031fe820a;8.3955;3.112104;BUY
2016-04-14T15:38:26.000000;2016-04-14T15:38:26.296161;8647cf13-4f1d-4c50-9b05-dbbde6226c78;8.3959;0.25818168;BUY
2016-04-14T15:38:26.000000;2016-04-14T15:38:26.304168;243ddbac-f7f2-4be0-960d-83b2ca5f10b4;8.507;1.62971432;BUY
2016-04-14T15:38:34.000000;2016-04-14T15:38:35.831129;d0352c5e-db52-46dd-a09b-82b094b9e39e;8.5049;1.03936885;BUY
2016-04-14T15:38:34.000000;2016-04-14T15:38:35.845120;776bf444-7553-425f-8019-f1885cc8c2b6;8.505;0.46063115;BUY
2016-04-14T15:49:12.000000;2016-04-14T15:49:12.794189;5c35e49b-331c-4b31-a4c1-933f1a75b345;8.31;300.0;SELL
2016-04-14T15:54:15.000000;2016-04-14T15:54:15.881500;2dac1b6a-2fae-4664-be42-8e05d8f7a782;8.326;5.0;BUY
2016-04-14T15:56:44.000000;2016-04-14T15:56:44.792409;8f3833f4-6fa2-47d0-81c9-26a2e2603f1d;8.32;1.0;SELL
2016-04-14T15:56:48.000000;2016-04-14T15:56:48.420749;c269e298-0a36-433e-b5a7-24562774c096;8.319;1.0;BUY
2016-04-14T15:56:53.000000;2016-04-14T15:56:54.052315;38895e53-379e-48d0-9c79-b83ca1cd4910;8.32;1.0;SELL
2016-04-14T16:01:33.000000;2016-04-14T16:01:33.892291;95fb1810-508a-4dc9-ade4-5b47974187f8;8.3403;3.216362;BUY
2016-04-14T16:01:33.000000;2016-04-14T16:01:33.906297;679deac3-b473-42fd-958d-cd3f492e2d8a;8.445;1.783638;BUY
2016-04-14T16:01:35.000000;2016-04-14T16:01:35.929502;7e505d48-bcd8-4e7b-9856-d3e77a0abfc1;8.443;5.0;BUY
2016-04-14T16:15:31.000000;2016-04-14T16:15:31.408554;73cb4cd3-46a9-40bb-8698-81ca7f5b91d3;8.299;3.216764;SELL
2016-04-14T16:15:31.000000;2016-04-14T16:15:31.423554;e9d2353c-fd57-4c83-a1ef-afebec647786;8.291;2.56406372;SELL
2016-04-14T16:20:55.000000;2016-04-14T16:20:55.738373;e0084079-3e3b-48c6-af60-b17ad5a1827b;8.4;7.0;BUY
2016-04-14T16:21:15.000000;2016-04-14T16:21:15.587361;6de3bd92-8c6d-4864-8159-1aa6b8d4c6a8;8.4008;3.234633;BUY
2016-04-14T16:21:15.000000;2016-04-14T16:21:15.598353;946a26ec-1178-4999-94fc-cd9aafcf9d96;8.4065;3.29357224;BUY
2016-04-14T16:21:15.000000;2016-04-14T16:21:15.603358;f1dfbe6b-40e5-408e-b146-033683577447;8.501;3.47179476;BUY
2016-04-14T16:43:55.000000;2016-04-14T16:43:55.833570;4e011c97-8537-4060-a3fe-4fa2eb01013e;8.321;3.240252;SELL
2016-04-14T16:43:55.000000;2016-04-14T16:43:55.836560;e1271bc8-2b59-4bb1-9e17-2d379b878ec1;8.316;88.9251;SELL
2016-04-14T16:43:55.000000;2016-04-14T16:43:55.845575;26ebc6b0-13f5-4efc-bb21-c5502504f2a6;8.2541;21.20679798;SELL
2016-04-14T16:43:55.000000;2016-04-14T16:43:55.872581;621e7b45-7032-4725-9106-9f89cb201b3a;8.2541;11.01078;SELL
2016-04-14T16:44:08.000000;2016-04-14T16:44:08.765864;0da0edbd-b455-4fb7-80db-0cd2d00b380c;8.2552;13.3;SELL
2016-04-14T16:44:08.000000;2016-04-14T16:44:08.787859;c0046543-148c-43a1-b08d-80ecb3473633;8.2542;21.20654105;SELL
2016-04-14T16:44:08.000000;2016-04-14T16:44:08.795876;2803f6dc-a2a2-4b91-bc66-5bbf7671e9b3;8.2542;10.431418;SELL
2016-04-14T16:44:08.000000;2016-04-14T16:44:08.823873;6058caef-8e0f-4720-b14e-8ae6114bb9d6;8.2541;2.20749802;SELL
2016-04-14T16:44:08.000000;2016-04-14T16:44:08.823873;135b090f-4228-48ec-96e2-726bdc163e36;8.2541;46.9974;SELL
2016-04-14T16:44:08.000000;2016-04-14T16:44:08.824873;59736744-a055-44b7-aaab-7c978dd730ce;8.254;52.7410837;SELL
2016-04-14T16:44:31.000000;2016-04-14T16:44:31.085089;413c5e3e-66a7-45a4-bacd-0a34152b181b;8.257;1.3;SELL
2016-04-14T16:44:31.000000;2016-04-14T16:44:31.090089;4c67768f-5033-4edc-9fa1-be59c42f72bb;8.256;8.7;SELL
2016-04-14T16:53:55.000000;2016-04-14T16:53:55.957951;e9a2ecf9-5a98-45b6-900c-a10a6014c2a3;8.345;10.0;BUY
2016-04-14T17:08:58.000000;2016-04-14T17:08:58.346528;f50b046f-7001-43a8-8340-6de65431b9a2;8.371;2.0;BUY
2016-04-14T17:42:47.000000;2016-04-14T17:42:47.518104;ce0a1223-1e7c-47ef-9aab-d24c16c30a9c;8.284;1.059;SELL
2016-04-14T17:42:48.000000;2016-04-14T17:42:48.727207;19d8ea7b-6782-4efe-bcd1-7436f13edc68;8.28;10.0;SELL
2016-04-14T17:46:03.000000;2016-04-14T17:46:03.632707;a7412966-e528-46c3-953a-633294e36dbb;8.259;31.77636442;BUY
2016-04-14T17:46:03.000000;2016-04-14T17:46:03.677706;f2f4a128-4aea-482d-b37b-3d6a2ca2ac63;8.2589;18.13857871;BUY
2016-04-14T17:46:46.000000;2016-04-14T17:46:46.384967;03b0d68b-c77b-4d4c-81ce-bbaa3ef3419e;8.2021;0.5128;SELL
2016-04-14T17:46:46.000000;2016-04-14T17:46:46.400975;b48fd781-dc3c-44a5-95be-ce4ccd953789;8.2;2.54164255;SELL
2016-04-14T17:46:55.000000;2016-04-14T17:46:56.012931;f8c5375b-2420-47c2-9918-2c1f1643e911;8.2;20.0736722;SELL
2016-04-14T17:47:20.000000;2016-04-14T17:47:20.630391;3412cdab-8a0d-404b-aa95-6bed943b1cde;8.2;1.09785589;SELL
2016-04-14T17:47:21.000000;2016-04-14T17:47:21.843528;96f9834d-8b8d-4cf2-b76b-12519ee41749;8.2;1.09785589;SELL
2016-04-14T17:47:23.000000;2016-04-14T17:47:23.638690;a9667cc4-fc1b-49d0-9c40-768f3accf5e8;8.2;1.09785589;SELL
2016-04-14T17:47:24.000000;2016-04-14T17:47:24.240757;bb6536d2-0adc-4596-9256-bafb04c7eedd;8.2;1.09785589;SELL
2016-04-14T17:47:28.000000;2016-04-14T17:47:28.713197;8ce4845e-ad7f-4a46-b831-12380428755a;8.2279;3.239902;BUY
2016-04-14T17:47:28.000000;2016-04-14T17:47:28.720197;a953d16a-bb82-44c9-8e0c-ca63a8bdddc3;8.362;0.760098;BUY
2016-04-14T17:47:35.000000;2016-04-14T17:47:35.378875;bac7cbf3-db90-40c5-9e53-daa6d3c36078;8.2269;2.0;BUY
2016-04-14T17:47:38.000000;2016-04-14T17:47:38.713203;2f37b390-06c8-472a-a96e-b8afa0142ab1;8.2269;2.0;BUY
2016-04-14T17:53:31.000000;2016-04-14T17:53:31.712884;e7746f56-2739-4b9e-b556-fcc532455720;8.2169;5.0;BUY
2016-04-14T17:53:41.000000;2016-04-14T17:53:41.320850;62c6dcae-4f67-4973-8a2e-297f418e0011;8.2179;3.293135;BUY
2016-04-14T17:53:41.000000;2016-04-14T17:53:41.332879;92e48060-b86a-4ada-a8d6-6b444feb8fbb;8.2479;1.706865;BUY
2016-04-14T17:54:25.000000;2016-04-14T17:54:25.431253;09ee7071-ccfe-49d7-a009-9b3b2ffdd5bd;8.2428;7.1288282;BUY
2016-04-14T17:54:25.000000;2016-04-14T17:54:25.444260;2065902c-3b02-49af-996f-f3dd534227c2;8.2429;6.4155667;BUY
2016-04-14T17:54:25.000000;2016-04-14T17:54:25.447257;bbe9a235-6243-466a-981a-e08ecfc21b0a;8.355;1.4556051;BUY
2016-04-14T17:54:30.000000;2016-04-14T17:54:30.144709;ac6ec20a-01e4-4bc4-8f48-5052e8cbbf3c;8.2418;3.6;BUY
2016-04-14T17:54:30.000000;2016-04-14T17:54:30.146717;609d2f1f-9630-44cf-bc81-7e270c21d70e;8.2428;1.4;BUY
2016-04-14T17:54:32.000000;2016-04-14T17:54:32.639974;984c4bd6-bad9-43ad-9443-527f53f224db;8.2428;1.889751;BUY
2016-04-14T17:54:32.000000;2016-04-14T17:54:32.654983;84a0df6f-1472-4d48-b441-51d75767ebfa;8.353;3.110249;BUY
2016-04-14T18:00:14.000000;2016-04-14T18:00:14.221142;f2313321-5328-4f74-9955-8652ea431d82;8.2;0.998;SELL
2016-04-14T18:00:14.000000;2016-04-14T18:00:14.622165;63451007-dd9d-4449-a06b-46059f80fd2a;8.2;0.998;SELL
2016-04-14T18:00:15.000000;2016-04-14T18:00:15.126233;0ba049a9-3e8f-4516-801c-30b52098c172;8.2;0.998;SELL
2016-04-14T18:00:16.000000;2016-04-14T18:00:16.425361;02a6bf66-2df0-43a5-a206-137c2a97e6c2;8.2;0.998;SELL
2016-04-14T18:00:17.000000;2016-04-14T18:00:17.564463;59d2777c-746b-4f53-ad0f-614ae7ca46f2;8.2;0.998;SELL
2016-04-14T18:01:03.000000;2016-04-14T18:01:03.195025;0126643e-75be-40bc-b8a8-b10739732107;8.2;2.2075584;SELL
2016-04-14T18:04:59.000000;2016-04-14T18:04:59.238104;04d30a7c-ad2d-4026-b230-7f7088ae93bb;8.254;0.59204957;SELL
2016-04-14T18:06:26.000000;2016-04-14T18:06:26.470817;a147b6f3-6d09-4d31-9fc8-ac367d479466;8.278;3.29;SELL
2016-04-14T18:06:26.000000;2016-04-14T18:06:26.486818;ded7be9b-67bc-4081-b5ac-0c5c503362d2;8.278;3.29;SELL
2016-04-14T18:21:44.000000;2016-04-14T18:21:44.050648;1f08009f-b3c2-4234-92c5-99515ca70b04;8.2625;0.6;SELL
2016-04-14T18:23:06.000000;2016-04-14T18:23:07.030934;3649abf8-f402-46c8-b485-7904d1c9e18e;8.2625;2.652545;SELL
2016-04-14T18:23:06.000000;2016-04-14T18:23:07.041953;8429d14a-18f5-4c01-995a-d09677b90a71;8.254;2.37795043;SELL
2016-04-14T18:23:06.000000;2016-04-14T18:23:07.042943;ab8821e5-17c6-4be8-b2d6-9d7c285b40a1;8.2383;3.263612;SELL
2016-04-14T18:28:56.000000;2016-04-14T18:28:56.754920;ab32c012-9a7e-4bd7-8d87-c3ed2033aa37;8.28;5.0;BUY
2016-04-14T19:31:45.000000;2016-04-14T19:31:45.206903;c88d6311-fc56-4a04-8d06-908127f8fff6;8.268;90.2085;BUY
2016-04-14T19:31:45.000000;2016-04-14T19:31:45.218915;af4f9142-fa67-4eba-88aa-25301b4fe21c;8.2764;3.289951;BUY
2016-04-14T19:31:45.000000;2016-04-14T19:31:45.224916;0f7806d1-6e4a-4179-aafd-20a158058357;8.298;0.51440329;BUY
2016-04-14T19:31:45.000000;2016-04-14T19:31:45.255913;5b41fdef-e982-4bad-add7-b0689af137b9;8.298;0.51442975;BUY
2016-04-14T19:31:45.000000;2016-04-14T19:31:45.255913;e5447acf-bd60-461f-a5dd-59031e77c77c;8.3021;0.51440329;BUY
2016-04-14T19:31:45.000000;2016-04-14T19:31:45.255913;39cbee09-50bb-4d85-813c-3f6c97720f57;8.3233;0.5128;BUY
2016-04-14T19:31:45.000000;2016-04-14T19:31:45.255913;02306927-deb1-4234-9343-733a2afa9e8b;8.399;121.84;BUY
2016-04-14T19:31:45.000000;2016-04-14T19:31:45.255913;04f5432b-95d8-4920-be63-871952e8395e;8.399;43.17186037;BUY
2016-04-14T19:44:24.000000;2016-04-14T19:44:24.547067;08576ca6-a16e-4648-8f47-4f00ae196fb0;8.261;7.1;SELL
2016-04-14T19:44:24.000000;2016-04-14T19:44:24.551088;f4ceefad-7c70-4ddc-b831-5ce8f14e7e4b;8.26;72.9;SELL
2016-04-14T19:44:47.000000;2016-04-14T19:44:47.784399;f929b7d7-d044-4f83-9cff-a6126ead53b8;8.281;50.0;SELL
2016-04-14T20:42:58.000000;2016-04-14T20:42:58.822170;4f90b084-877b-40a2-b915-fae104b1e6e7;8.29;7.1;BUY
2016-04-14T20:42:58.000000;2016-04-14T20:42:58.834171;843e923f-2b67-4cef-8ea3-5f12db84beda;8.291;0.9;BUY
2016-04-14T20:43:10.000000;2016-04-14T20:43:10.459337;0b1571e5-a3a9-4d72-a21b-e9d4d2c1f452;8.291;7.1;BUY
2016-04-14T20:43:13.000000;2016-04-14T20:43:13.065595;35653119-fd1e-413a-b13e-798060029237;8.2925;0.51591601;BUY
2016-04-14T20:43:13.000000;2016-04-14T20:43:13.072597;c09fcda4-1951-4544-861c-113124f353d7;8.2965;0.51546392;BUY
2016-04-14T20:44:09.000000;2016-04-14T20:44:09.674272;336a9c7a-8718-40c2-a4a7-5f190932110f;8.3519;3.28;BUY
2016-04-14T20:44:13.000000;2016-04-14T20:44:13.117655;dea6716d-a597-4257-b52b-eee6a73b6873;8.3519;0.004318;BUY
2016-04-14T20:44:22.000000;2016-04-14T20:44:22.572541;30ca07ba-6409-4dda-a10a-a8009e5809d0;8.3966;3.25;BUY
2016-04-14T20:44:31.000000;2016-04-14T20:44:31.769453;08bc95d9-8890-4ac7-8f2f-b2f9e69f27b2;8.3965;9.63796943;BUY
2016-04-14T20:44:31.000000;2016-04-14T20:44:31.785449;d0a98921-e83f-427c-b84a-5b94c362d242;8.4138;5.36203057;BUY
2016-04-14T20:44:40.000000;2016-04-14T20:44:41.126404;64500cd2-1909-4695-addc-19081eeb9cdd;8.4136;5.0;BUY
2016-04-14T20:45:04.000000;2016-04-14T20:45:04.174700;c18e06f4-7dc8-46b0-833a-03a11853c800;8.397;9.64;SELL
2016-04-14T20:45:09.000000;2016-04-14T20:45:09.218209;909f3f40-219d-4b5e-9445-9eb508ecb8c6;8.39;305.93;BUY
2016-04-14T20:45:10.000000;2016-04-14T20:45:10.317325;f8c8237b-f464-41c6-a7d0-ab7f4e0ea001;8.39;0.00294003;BUY
2016-04-14T20:45:11.000000;2016-04-14T20:45:11.542442;fcbd558b-00dc-4bd1-9a32-e1b9427f816a;8.392;66.4425;SELL
2016-04-14T20:45:31.000000;2016-04-14T20:45:31.184402;40a2a43f-6bed-416a-b78c-60495b66e0c7;8.4634;3.249224;BUY
2016-04-14T20:45:31.000000;2016-04-14T20:45:31.186402;a9b5fbe0-7964-4820-9437-70822a184668;8.464;2.73687384;BUY
2016-04-14T20:45:31.000000;2016-04-14T20:45:31.190400;b26588cf-356e-4db2-a7e4-dfaff6af650c;8.4823;3.856;BUY
2016-04-14T20:45:31.000000;2016-04-14T20:45:31.202400;e3748150-3232-4260-9b3b-c3e110c6951d;8.512;0.00166265;BUY
2016-04-14T20:45:31.000000;2016-04-14T20:45:31.217395;2c6c94a4-4fab-4362-b755-2985454c4e3d;8.514;2.13;BUY
2016-04-14T20:45:31.000000;2016-04-14T20:45:31.221401;eef8f1dc-5e21-4531-b7ea-5df7dd87303d;8.538;8.02623951;BUY
2016-04-14T20:47:24.000000;2016-04-14T20:47:24.842788;98da4e74-865b-4cb0-bb49-f959fcafee87;8.392;30.0;SELL
2016-04-14T20:47:28.000000;2016-04-14T20:47:28.573144;91260885-fb73-41e6-bc24-23fcd3ab8c73;8.392;30.0;SELL
2016-04-14T20:47:31.000000;2016-04-14T20:47:31.336413;78294f96-5473-40fa-9a30-f45070236ba2;8.393;30.0;SELL
2016-04-14T20:47:39.000000;2016-04-14T20:47:39.322220;504065b1-a6a9-4a17-bf26-e71bd19335cd;8.393;58.2132;SELL
2016-04-14T20:47:39.000000;2016-04-14T20:47:39.331229;db0df3af-767f-4a29-8486-e24d7da0cf0f;8.3531;6.7868;SELL
2016-04-14T20:47:56.000000;2016-04-14T20:47:56.348918;52f6c67f-dcb9-490a-88be-ad13fffda49d;8.3581;20.87658537;SELL
2016-04-14T20:47:56.000000;2016-04-14T20:47:56.351928;de74ba91-ebd2-4110-b149-86f69bf0f490;8.358;44.12341463;SELL
2016-04-14T20:48:04.000000;2016-04-14T20:48:04.512735;60f888a6-c865-4ef8-b7ab-86197486989c;8.362;65.0;SELL
2016-04-14T21:29:39.000000;2016-04-14T21:29:39.761260;ec32be31-0d53-4959-84c7-e12fb4e54d74;8.39;0.38773143;SELL
2016-04-14T21:56:57.000000;2016-04-14T21:56:57.146268;657a601c-64fd-4847-8cf2-012a97e1d080;8.4495;6.4768;BUY
2016-04-14T22:04:09.000000;2016-04-14T22:04:09.331485;f0a7b5e8-c158-46e3-b2bc-8f81031d933f;8.4495;1.0;BUY
2016-04-14T22:16:55.000000;2016-04-14T22:16:55.326042;eb87c6c3-9470-4290-aa95-2cbc67d9827e;8.4495;2.50315725;BUY
2016-04-14T22:16:57.000000;2016-04-14T22:16:57.576274;4474eabd-b888-4144-9a1e-6d673a8d1771;8.4495;0.01004275;BUY
2016-04-14T22:16:59.000000;2016-04-14T22:16:59.613465;2719e1ec-76a0-4653-8e93-6dc06e1daf15;8.45;2.82320327;BUY
2016-04-14T22:17:01.000000;2016-04-14T22:17:01.814236;ae4d2cec-77f7-4eec-a4fc-ab65c85e58b8;8.45;2.82320327;BUY
2016-04-14T22:17:02.000000;2016-04-14T22:17:03.010811;4922c0d7-8109-438e-b563-fc8c86f01867;8.45;4.8;BUY
2016-04-14T22:17:04.000000;2016-04-14T22:17:04.355932;ac9709c9-c970-4698-8496-e7669437f333;8.45;2.73093256;BUY
2016-04-14T22:17:06.000000;2016-04-14T22:17:06.306144;245543d8-031c-4631-8a1d-fde5e30cf272;8.45;2.59255893;BUY
2016-04-14T22:17:08.000000;2016-04-14T22:17:08.342339;77bdb39d-fdb5-42a0-83e3-bf2661e4a088;8.45;2.59255893;BUY
2016-04-14T22:17:11.000000;2016-04-14T22:17:11.052610;e4e2d823-d04c-47d1-bc53-85cb5b4972ae;8.45;2.63867914;BUY
2016-04-14T22:17:13.000000;2016-04-14T22:17:13.475854;e1180718-00c3-40ee-ac19-7bc20b093fb1;8.45;0.99487244;BUY
2016-04-14T22:17:15.000000;2016-04-14T22:17:15.597068;5c560bb6-4b97-490b-ba1b-a0e110c3d48b;8.45;0.00399146;BUY
2016-04-14T22:20:10.000000;2016-04-14T22:20:10.909213;798d9d23-7825-4ee0-b555-9175fc41d97e;8.5324;0.21472822;BUY
2016-04-14T22:22:14.000000;2016-04-14T22:22:14.171532;8230935d-796f-419f-ba5e-2c48d29559e5;8.5356;3.209417;BUY
2016-04-14T22:22:14.000000;2016-04-14T22:22:14.184531;9d801212-92a9-49a4-b864-a7ebac605f33;8.55;0.2;BUY
2016-04-14T22:22:14.000000;2016-04-14T22:22:14.186547;2f5394a7-9b73-4fa1-863b-83875611e85d;8.5502;263.0;BUY
2016-04-14T22:36:02.000000;2016-04-14T22:36:02.827230;8ab887b5-2f5f-476f-8df7-8bce4ecb076d;8.521;4.6;SELL
2016-04-14T22:37:51.000000;2016-04-14T22:37:51.978020;c298a6e7-b052-450e-9a48-db31548fcfe6;8.5201;0.18414;SELL
2016-04-14T22:37:54.000000;2016-04-14T22:37:54.367295;fed76b38-e55d-47b5-b7cf-a9c336d99f1f;8.5201;16.0146447;SELL
2016-04-14T22:45:22.000000;2016-04-14T22:45:22.766120;7c6e55c6-6d09-49f3-937e-c14e1d5eca29;8.52;0.182;BUY
2016-04-14T22:45:39.000000;2016-04-14T22:45:40.034827;547aad5f-b42e-449d-aa7b-2a7bae808af8;8.52;0.0033553;BUY
2016-04-14T22:50:14.000000;2016-04-14T22:50:14.318956;cef00b4d-3932-443b-91d4-c082ad374160;8.52;0.0966447;SELL
2016-04-14T22:50:14.000000;2016-04-14T22:50:14.330958;96b1758f-60a2-4708-955e-d1c55823132b;8.52;2.45;SELL
2016-04-14T23:09:32.000000;2016-04-14T23:09:32.305308;3317c9f0-9d26-4265-be32-4b4caae2a100;8.4554;2.00866262;SELL
2016-04-14T23:25:02.000000;2016-04-14T23:25:02.885472;0b57bee5-faee-4e45-8853-87f762e37ade;8.4554;1.26;SELL
2016-04-14T23:55:41.000000;2016-04-14T23:55:41.819174;e46b7b20-8298-4c97-96da-bd3a22848c4e;8.47;6.55086383;BUY
