time_exchange;time_coinpai;guid;price;base_amount;taker_side
2016-04-14T00:01:25.000000;2016-04-14T00:01:25.000000;cc44dc92-cdc0-4762-88ea-519244c471ff;424.77;0.14746509;UNKNOWN
2016-04-14T00:03:56.000000;2016-04-14T00:03:56.000000;4454be2c-9926-4ed6-8aea-96d7643eb1b5;424.93;0.01;UNKNOWN
2016-04-14T00:05:53.000000;2016-04-14T00:05:53.000000;14c486f8-14a7-465e-abbb-92924f207478;424.76;5.89;UNKNOWN
2016-04-14T00:05:59.000000;2016-04-14T00:05:59.000000;6b31a861-32b8-4714-b80d-f06ec7289169;424.73;0.02609772;UNKNOWN
2016-04-14T00:07:08.000000;2016-04-14T00:07:08.000000;8fa1da84-4560-49ad-8e4d-a022119b51a0;424.93;0.01;UNKNOWN
2016-04-14T00:07:26.000000;2016-04-14T00:07:26.000000;7e8afe32-5693-4f42-954f-e8ef89bb017a;424.73;0.670717;UNKNOWN
2016-04-14T00:08:31.000000;2016-04-14T00:08:31.000000;2c62f89a-f6e1-4303-be91-df81f6ae7e5f;424.92;0.329;UNKNOWN
2016-04-14T00:08:46.000000;2016-04-14T00:08:46.000000;2c3e9a16-ca02-438f-a0d4-c6cd06c4c6ce;424.92;0.05897888;UNKNOWN
2016-04-14T00:10:17.000000;2016-04-14T00:10:17.000000;a97dc8e7-7d6f-4af3-88d7-891516bdb0d1;424.7;0.0187;UNKNOWN
2016-04-14T00:10:17.000000;2016-04-14T00:10:17.000000;f7e310d1-995b-4c53-9f6b-bc0736c6dacf;424.51;24.99;UNKNOWN
2016-04-14T00:10:17.000000;2016-04-14T00:10:17.000000;5a251fae-ace2-415f-8539-9a1f4fe4c473;424.64;22.52156519;UNKNOWN
2016-04-14T00:10:17.000000;2016-04-14T00:10:17.000000;a77a17a8-a585-4ea1-ac5e-b817b0942250;424.53;12.1406;UNKNOWN
2016-04-14T00:10:17.000000;2016-04-14T00:10:17.000000;e1fe79dd-a6a8-4da6-99de-7a1f44603018;424.33;0.51796428;UNKNOWN
2016-04-14T00:10:17.000000;2016-04-14T00:10:17.000000;7c589e94-003a-4380-b131-5d2d2594780a;424.52;7.24;UNKNOWN
2016-04-14T00:10:17.000000;2016-04-14T00:10:17.000000;4f098e9f-7ef3-4220-b615-469b949c7cce;424.57;10.9992;UNKNOWN
2016-04-14T00:10:17.000000;2016-04-14T00:10:17.000000;fbacd36a-50aa-4f96-a5c3-20130f9e071f;424.92;4.81202112;UNKNOWN
2016-04-14T00:10:17.000000;2016-04-14T00:10:17.000000;55765564-ca03-4c1a-bbe6-7e41fd2a156f;424.45;11.6493;UNKNOWN
2016-04-14T00:10:17.000000;2016-04-14T00:10:17.000000;ad6abfc2-6c60-4ba7-960c-dae5da8565ec;424.7;2.0;UNKNOWN
2016-04-14T00:10:17.000000;2016-04-14T00:10:17.000000;c4cb2b73-0d87-4ad0-abb4-508304408579;424.73;3.11064941;UNKNOWN
2016-04-14T00:12:28.000000;2016-04-14T00:12:28.000000;a7be385c-0019-48bf-8bd4-41ad77e440cb;424.72;0.01;UNKNOWN
2016-04-14T00:12:57.000000;2016-04-14T00:12:57.000000;26669d25-97ef-4834-88aa-f4689b3e26a1;424.72;0.01;UNKNOWN
2016-04-14T00:13:26.000000;2016-04-14T00:13:26.000000;5bdb0cae-c99e-46b3-86b5-c4f632ee0bc5;424.71;0.09307135;UNKNOWN
2016-04-14T00:14:25.000000;2016-04-14T00:14:25.000000;5a7cafe6-2c4f-4e00-891c-4f657b53a80a;424.72;0.01;UNKNOWN
2016-04-14T00:16:18.000000;2016-04-14T00:16:18.000000;4a9abc6b-f9a5-4fd0-b23d-61c868460e42;424.71;0.022;UNKNOWN
2016-04-14T00:16:32.000000;2016-04-14T00:16:32.000000;9bbb3df4-9f2c-4878-83f4-c1418cc7242f;424.72;0.01;UNKNOWN
2016-04-14T00:16:59.000000;2016-04-14T00:16:59.000000;07c7f133-2be2-44ff-b42b-2be5dc9784f3;424.72;0.21393;UNKNOWN
2016-04-14T00:18:19.000000;2016-04-14T00:18:19.000000;caf1f576-81bd-4e38-bce2-6f6a720e3a8d;424.72;0.01;UNKNOWN
2016-04-14T00:18:23.000000;2016-04-14T00:18:23.000000;bc4d0e5f-0fd2-45c7-a924-da3afb131f8e;424.72;0.04279;UNKNOWN
2016-04-14T00:19:26.000000;2016-04-14T00:19:26.000000;86d25b33-b111-4761-8b58-5b3484c57f7d;424.71;1.16444034;UNKNOWN
2016-04-14T00:19:32.000000;2016-04-14T00:19:32.000000;c0fe7a25-0bfb-48e9-90bc-41c7d60e18c9;424.74;0.26902567;UNKNOWN
2016-04-14T00:19:51.000000;2016-04-14T00:19:51.000000;d15bf51b-e6f4-4780-9242-0b96aac830ea;424.88;1.5712713;UNKNOWN
2016-04-14T00:19:55.000000;2016-04-14T00:19:55.000000;3ab75fde-f135-4f92-92a3-d0b608b02bd9;424.97;0.444;UNKNOWN
2016-04-14T00:20:06.000000;2016-04-14T00:20:06.000000;9abb15ad-74dc-4edd-b280-e0030cc82ef6;424.95;0.17069628;UNKNOWN
2016-04-14T00:20:52.000000;2016-04-14T00:20:52.000000;486859b0-44ed-4d5d-8b53-0994378f477a;424.97;0.01;UNKNOWN
2016-04-14T00:20:53.000000;2016-04-14T00:20:53.000000;554d5d8a-e47c-4fd8-baf1-6193533c513a;424.97;0.026;UNKNOWN
2016-04-14T00:21:53.000000;2016-04-14T00:21:53.000000;b6f47efc-7f88-46de-b175-830e30192132;424.97;0.04091145;UNKNOWN
2016-04-14T00:21:58.000000;2016-04-14T00:21:58.000000;2b9bc410-8f95-4cdc-afad-7ccd85e2bc34;424.94;0.05190385;UNKNOWN
2016-04-14T00:26:46.000000;2016-04-14T00:26:46.000000;670fc874-237b-4ebe-adbc-717efc5d0f02;424.88;0.11789669;UNKNOWN
2016-04-14T00:26:55.000000;2016-04-14T00:26:55.000000;5ca25803-a25b-4b58-9875-04d652ed1884;424.83;0.025;UNKNOWN
2016-04-14T00:31:50.000000;2016-04-14T00:31:50.000000;4bd265af-45e3-4e1e-9120-d29e5d56ab83;424.94;0.063598;UNKNOWN
2016-04-14T00:33:51.000000;2016-04-14T00:33:51.000000;49540b1f-05a1-4117-bcca-4f3c0c93a29f;424.94;0.07781365;UNKNOWN
2016-04-14T00:34:31.000000;2016-04-14T00:34:31.000000;b19106b9-2240-497a-a95f-b5b6a8c2a45e;424.94;0.18627104;UNKNOWN
2016-04-14T00:35:04.000000;2016-04-14T00:35:04.000000;085d578e-8022-43c5-ad2f-2369d3a5d436;424.87;0.36099555;UNKNOWN
2016-04-14T00:36:32.000000;2016-04-14T00:36:32.000000;ddacf0b4-cbea-4687-a88b-940401a6d21e;424.95;4.73822798;UNKNOWN
2016-04-14T00:36:32.000000;2016-04-14T00:36:32.000000;966a6aac-9bf0-476d-b23d-a4e79631877e;424.94;0.26177202;UNKNOWN
2016-04-14T00:36:39.000000;2016-04-14T00:36:39.000000;de2df663-4041-40af-9337-5f30acaa8182;424.95;2.26177202;UNKNOWN
2016-04-14T00:36:39.000000;2016-04-14T00:36:39.000000;3cee0e28-27c8-40ce-99b9-1e27cfd3e7a9;424.98;3.3222;UNKNOWN
2016-04-14T00:37:03.000000;2016-04-14T00:37:03.000000;49062f09-0462-444b-8a11-7daa5e0bf8e9;424.95;1.86499409;UNKNOWN
2016-04-14T00:37:03.000000;2016-04-14T00:37:03.000000;72ed7ed9-c8c9-4b5d-8863-4d4883948a60;424.95;2.13500591;UNKNOWN
2016-04-14T00:38:32.000000;2016-04-14T00:38:32.000000;e02a7fef-9e0e-4e4a-ae6f-60e29f966b5b;424.98;6.594;UNKNOWN
2016-04-14T00:38:37.000000;2016-04-14T00:38:37.000000;f0f1c308-b097-48c3-9548-3f639292ae8c;424.94;10.4995;UNKNOWN
2016-04-14T00:38:37.000000;2016-04-14T00:38:37.000000;ff45d5a9-eeef-45b4-aff0-68943acd6b94;424.93;0.7505;UNKNOWN
2016-04-14T00:38:37.000000;2016-04-14T00:38:37.000000;b84dfcc0-f0d1-4956-b9d9-e9f7428ec632;424.94;0.5;UNKNOWN
2016-04-14T00:38:37.000000;2016-04-14T00:38:37.000000;ef8d35d4-10e8-4b4f-8b2c-8825c2c5d420;424.94;3.0;UNKNOWN
2016-04-14T00:38:54.000000;2016-04-14T00:38:54.000000;22eff783-0845-415d-9c5e-5ddbdd24ce47;424.87;0.03301107;UNKNOWN
2016-04-14T00:39:22.000000;2016-04-14T00:39:22.000000;4c4696da-68e4-4433-81b2-eafadff84c46;424.96;0.1643;UNKNOWN
2016-04-14T00:41:26.000000;2016-04-14T00:41:26.000000;a5688f7c-ae61-4e31-9f1c-ed96fd6a2622;424.82;0.40087;UNKNOWN
2016-04-14T00:46:11.000000;2016-04-14T00:46:11.000000;b73ed96e-de49-4088-8a52-e402b0ffc75a;424.98;10.0;UNKNOWN
2016-04-14T00:47:07.000000;2016-04-14T00:47:07.000000;4c223318-59d1-4eff-9cb7-d7b74b45aca0;424.98;2.2955;UNKNOWN
2016-04-14T00:48:06.000000;2016-04-14T00:48:06.000000;1a4de985-abe4-4970-83e9-e3aea0d4965f;424.92;0.11791056;UNKNOWN
2016-04-14T00:51:26.000000;2016-04-14T00:51:26.000000;5d40ce75-aecc-4aba-935d-a55b3d89b8df;424.84;0.16506315;UNKNOWN
2016-04-14T00:55:58.000000;2016-04-14T00:55:58.000000;c1660511-8320-471c-b149-53b2eb67600f;424.98;7.0;UNKNOWN
2016-04-14T00:56:32.000000;2016-04-14T00:56:32.000000;f107391d-d968-4138-89af-51c5e73fbd12;424.94;0.226788;UNKNOWN
2016-04-14T00:56:35.000000;2016-04-14T00:56:35.000000;c934d912-77e2-419d-a19d-9ea90f9f4188;424.99;26.81959;UNKNOWN
2016-04-14T00:56:35.000000;2016-04-14T00:56:35.000000;98e287af-bc3a-4917-8607-3c58ed644ec5;424.98;3.3222;UNKNOWN
2016-04-14T00:56:35.000000;2016-04-14T00:56:35.000000;00985df2-514b-4555-83ed-402d82858538;424.98;9.85821;UNKNOWN
2016-04-14T00:56:51.000000;2016-04-14T00:56:51.000000;772b72dc-17f1-4d1f-ad7a-8e0000d424eb;424.99;20.0;UNKNOWN
2016-04-14T00:57:17.000000;2016-04-14T00:57:17.000000;1c454555-ab53-4712-8f79-076a09ed6b14;424.99;24.99;UNKNOWN
2016-04-14T00:57:17.000000;2016-04-14T00:57:17.000000;3865ad84-618e-45e1-8fe0-5dc0516c360c;424.99;24.81407727;UNKNOWN
2016-04-14T00:58:31.000000;2016-04-14T00:58:31.000000;6dab3370-facd-49c0-a55c-b823712ab930;425.14;0.5;UNKNOWN
2016-04-14T00:58:31.000000;2016-04-14T00:58:31.000000;38e05c57-cf8a-4d15-b1aa-5fa4c5f25d6c;425.13;0.19786027;UNKNOWN
2016-04-14T00:59:52.000000;2016-04-14T00:59:52.000000;2518a2d5-2f4f-4704-b088-010aa78ae667;425.14;31.8921;UNKNOWN
2016-04-14T01:00:14.000000;2016-04-14T01:00:14.000000;9611a45c-86e5-44cb-8c57-f3343d646d2b;425.18;0.11784401;UNKNOWN
2016-04-14T01:00:31.000000;2016-04-14T01:00:31.000000;22129c0a-933b-4309-a39f-b2ee6f1b3d8b;425.18;0.08602095;UNKNOWN
2016-04-14T01:02:06.000000;2016-04-14T01:02:06.000000;a0cfedf9-5f2f-454c-96a0-8c9fbe46de13;425.15;0.14612657;UNKNOWN
2016-04-14T01:02:54.000000;2016-04-14T01:02:54.000000;71fc6646-521a-44a0-b11e-111a782d4477;425.14;0.15786637;UNKNOWN
2016-04-14T01:05:18.000000;2016-04-14T01:05:18.000000;6036cabc-9ddf-40a7-8a20-aae5ff0a3f71;425.19;0.0942752;UNKNOWN
2016-04-14T01:05:26.000000;2016-04-14T01:05:26.000000;cf0197e1-bb02-4137-97bf-a5ffc9676941;425.16;0.11786892;UNKNOWN
2016-04-14T01:08:04.000000;2016-04-14T01:08:04.000000;36a0b074-9138-45b2-b1f8-51a57b310197;425.22;0.01;UNKNOWN
2016-04-14T01:09:18.000000;2016-04-14T01:09:18.000000;ecdcf685-08ed-4e9f-8fdd-436a295facde;425.16;0.23568802;UNKNOWN
2016-04-14T01:09:27.000000;2016-04-14T01:09:27.000000;6d30c135-d945-4a52-9410-2ff2e43174d2;425.14;2.53785694;UNKNOWN
2016-04-14T01:09:27.000000;2016-04-14T01:09:27.000000;e9cc189b-542d-42bc-a3f2-fc113b07c12d;425.16;6.9819;UNKNOWN
2016-04-14T01:09:27.000000;2016-04-14T01:09:27.000000;88e533ce-598c-4513-9cce-672e620e06ca;425.16;2.64644306;UNKNOWN
2016-04-14T01:12:32.000000;2016-04-14T01:12:32.000000;e9e51f98-5b36-4069-a68d-11cefa2de09a;425.14;0.46214306;UNKNOWN
2016-04-14T01:12:32.000000;2016-04-14T01:12:32.000000;a57ccac2-a510-414a-83b7-a340105c70a1;425.01;0.71135694;UNKNOWN
2016-04-14T01:13:18.000000;2016-04-14T01:13:18.000000;b5b8cb44-4147-4348-b18e-eda8b3d3a3c3;425.1;0.0471376;UNKNOWN
2016-04-14T01:15:26.000000;2016-04-14T01:15:26.000000;2f0bf57a-69fb-4bfb-a1dc-a13eff4c34c1;425.16;0.0488376;UNKNOWN
2016-04-14T01:16:32.000000;2016-04-14T01:16:32.000000;ea7e4262-c6c8-475c-ad0e-f2262240cbce;425.16;0.15112853;UNKNOWN
2016-04-14T01:17:43.000000;2016-04-14T01:17:43.000000;0b20d35d-405f-4d4e-a1ec-61463c22131f;425.16;0.80003387;UNKNOWN
2016-04-14T01:17:43.000000;2016-04-14T01:17:43.000000;150a18dd-98a9-4636-8e96-29bbc4039c4a;425.1;0.20956613;UNKNOWN
2016-04-14T01:17:43.000000;2016-04-14T01:17:43.000000;5674fcd3-4c03-4ce8-a950-01019dc3a36a;425.11;3.0;UNKNOWN
2016-04-14T01:17:49.000000;2016-04-14T01:17:49.000000;15621765-43db-4703-bd91-32c9af5ad695;425.24;1.0;UNKNOWN
2016-04-14T01:17:49.000000;2016-04-14T01:17:49.000000;c33bcc8f-8271-4717-88a9-6d09663780a5;425.25;55.0;UNKNOWN
2016-04-14T01:17:49.000000;2016-04-14T01:17:49.000000;893f7366-ffac-443d-8567-132769c38386;425.22;0.220149;UNKNOWN
2016-04-14T01:17:49.000000;2016-04-14T01:17:49.000000;b3fe3dce-8fdf-427b-b00a-ef9a117a976a;425.22;7.0518;UNKNOWN
2016-04-14T01:18:09.000000;2016-04-14T01:18:09.000000;76efb527-1272-4d3d-8b40-de36ff491387;425.25;0.53156523;UNKNOWN
2016-04-14T01:18:32.000000;2016-04-14T01:18:32.000000;582181b3-508d-4c5a-8a73-96ea5d13c819;425.27;0.0707014;UNKNOWN
2016-04-14T01:19:26.000000;2016-04-14T01:19:26.000000;7d056ed2-6031-47ec-ab38-2d47f65c139d;425.28;2.92784271;UNKNOWN
2016-04-14T01:21:03.000000;2016-04-14T01:21:03.000000;a3058588-5346-4e4c-b4e2-224b4cad5935;425.38;6.9862;UNKNOWN
2016-04-14T01:21:15.000000;2016-04-14T01:21:15.000000;4e217f11-3d18-4f90-8344-8a351c9ffade;425.49;11.3108;UNKNOWN
2016-04-14T01:21:20.000000;2016-04-14T01:21:20.000000;8111bc30-25cd-412e-9c86-fb0c07afe094;425.48;2.2037;UNKNOWN
2016-04-14T01:21:26.000000;2016-04-14T01:21:26.000000;5ebc51a1-ae64-4656-8c9e-a4f1667c11a1;425.32;0.12;UNKNOWN
2016-04-14T01:22:06.000000;2016-04-14T01:22:06.000000;7ff81126-fb7b-43e9-b8c0-95c4114d2a7b;425.33;0.11780522;UNKNOWN
2016-04-14T01:24:22.000000;2016-04-14T01:24:22.000000;d06025ed-43e7-47e8-977b-1ac456a78faf;425.32;0.09764769;UNKNOWN
2016-04-14T01:26:54.000000;2016-04-14T01:26:54.000000;99134dda-54ba-4f23-affe-8323904d3fd3;425.32;0.23558824;UNKNOWN
2016-04-14T01:28:04.000000;2016-04-14T01:28:04.000000;fcd98530-14f0-4b86-820b-333b30bb19a5;424.95;3.43523593;UNKNOWN
2016-04-14T01:28:04.000000;2016-04-14T01:28:04.000000;af1d96f6-a4bc-4c49-899e-c12619c28afb;425.32;6.56476407;UNKNOWN
2016-04-14T01:28:20.000000;2016-04-14T01:28:20.000000;3ceb7fe7-3d32-4eb5-9491-7f9442b6513c;424.84;0.097827;UNKNOWN
2016-04-14T01:30:20.000000;2016-04-14T01:30:20.000000;985ac8c0-88e9-406e-9135-edcc493bde67;424.82;0.01;UNKNOWN
2016-04-14T01:30:20.000000;2016-04-14T01:30:20.000000;477ac5fb-cdf9-497f-b369-f715bcaab997;424.84;0.01;UNKNOWN
2016-04-14T01:30:20.000000;2016-04-14T01:30:20.000000;10997703-54b2-424f-9134-f5820642aa2d;424.8;0.01;UNKNOWN
2016-04-14T01:30:20.000000;2016-04-14T01:30:20.000000;01d6d147-7e71-4030-a196-f77591b79b97;424.81;0.01;UNKNOWN
2016-04-14T01:30:20.000000;2016-04-14T01:30:20.000000;5ad51523-4ac2-4aaf-b898-65fc2e3b6ecb;424.83;0.01;UNKNOWN
2016-04-14T01:30:20.000000;2016-04-14T01:30:20.000000;f31d378b-3866-4ee1-bc44-f5ecbad18db0;424.84;0.09110985;UNKNOWN
2016-04-14T01:30:20.000000;2016-04-14T01:30:20.000000;a2fb6ef8-d787-440d-a77e-beced8a24e40;424.79;4.40649015;UNKNOWN
2016-04-14T01:32:38.000000;2016-04-14T01:32:38.000000;a265eb91-5134-41b5-b51d-694e45544f57;424.71;0.461965;UNKNOWN
2016-04-14T01:34:50.000000;2016-04-14T01:34:50.000000;f0fdbf0f-7799-4d42-aa4d-359890c09a7a;424.84;0.01;UNKNOWN
2016-04-14T01:35:33.000000;2016-04-14T01:35:33.000000;bf6b542d-e306-4656-9bb3-d2896d8ebe88;424.77;0.01;UNKNOWN
2016-04-14T01:35:33.000000;2016-04-14T01:35:33.000000;b20af00e-df51-4b0a-845a-2850f264d717;424.82;0.01;UNKNOWN
2016-04-14T01:35:33.000000;2016-04-14T01:35:33.000000;31488690-11fa-4040-ae85-9f63d75a9d5e;424.83;0.01;UNKNOWN
2016-04-14T01:35:33.000000;2016-04-14T01:35:33.000000;56440533-ccca-4acd-9dfc-09ebbed51764;424.8;0.01;UNKNOWN
2016-04-14T01:35:33.000000;2016-04-14T01:35:33.000000;f70045e2-da54-4ab1-a8e0-630c017ad735;424.76;0.01;UNKNOWN
2016-04-14T01:35:33.000000;2016-04-14T01:35:33.000000;54b26d0a-6a3c-4e15-9018-b8bdb00c8fa5;424.79;0.01;UNKNOWN
2016-04-14T01:35:33.000000;2016-04-14T01:35:33.000000;ff52b6b1-d9b5-49ca-893d-074b154f6f32;424.78;0.01;UNKNOWN
2016-04-14T01:35:33.000000;2016-04-14T01:35:33.000000;a2410222-763a-4bfa-947f-7d3d177ed492;424.81;0.01;UNKNOWN
2016-04-14T01:35:33.000000;2016-04-14T01:35:33.000000;0c096b85-476d-49ce-a541-8ff947876d24;424.71;0.11062872;UNKNOWN
2016-04-14T01:35:35.000000;2016-04-14T01:35:35.000000;06a130cc-1a42-4268-9d1f-52de5a77c932;424.71;0.19062872;UNKNOWN
2016-04-14T01:35:35.000000;2016-04-14T01:35:35.000000;f0f7adf7-93bb-4f83-b2a9-158c5eddafa1;424.71;0.04718532;UNKNOWN
2016-04-14T01:35:38.000000;2016-04-14T01:35:38.000000;faa49270-2490-44d7-b619-3875221df871;424.71;0.19062872;UNKNOWN
2016-04-14T01:35:41.000000;2016-04-14T01:35:41.000000;0d10bd01-fefc-494d-b464-cdb10b754a4e;424.71;0.19062872;UNKNOWN
2016-04-14T01:36:12.000000;2016-04-14T01:36:12.000000;94929a8a-a93f-45c0-8329-c331ad3ccc2f;424.68;0.29717386;UNKNOWN
2016-04-14T01:36:13.000000;2016-04-14T01:36:13.000000;fc9a313d-9ff5-4232-8357-1b7efe7fb026;424.68;0.29717386;UNKNOWN
2016-04-14T01:38:06.000000;2016-04-14T01:38:06.000000;ddd6eb30-aa28-429c-ae97-ce56140e432a;424.69;0.47185324;UNKNOWN
2016-04-14T01:38:31.000000;2016-04-14T01:38:31.000000;d6f81963-c50c-4119-9366-78e5a0278aa4;424.69;0.84787678;UNKNOWN
2016-04-14T01:38:54.000000;2016-04-14T01:38:54.000000;5ec564b9-edb9-4a00-a371-623ac2c2d887;424.64;0.23096337;UNKNOWN
2016-04-14T01:39:04.000000;2016-04-14T01:39:04.000000;54610d41-eceb-43c3-ab18-aa3dd43a4164;424.65;0.04;UNKNOWN
2016-04-14T01:39:34.000000;2016-04-14T01:39:34.000000;5400d662-24b4-48ac-a52d-190fb1a961e8;424.55;10.6431;UNKNOWN
2016-04-14T01:39:34.000000;2016-04-14T01:39:34.000000;2ad31773-81ac-4a44-87be-9f5aa0519548;424.64;4.34590514;UNKNOWN
2016-04-14T01:39:34.000000;2016-04-14T01:39:34.000000;afdb1b72-f595-4fa7-86e5-a13f9d5a62fa;424.6;1.0;UNKNOWN
2016-04-14T01:39:34.000000;2016-04-14T01:39:34.000000;0296479d-ab44-4ba1-b186-18079b31d60c;424.55;4.57681614;UNKNOWN
2016-04-14T01:39:34.000000;2016-04-14T01:39:34.000000;a4c3a384-267d-4fe7-89be-2af9115028e6;424.59;4.57686851;UNKNOWN
2016-04-14T01:39:34.000000;2016-04-14T01:39:34.000000;759b4099-1e1b-41ab-9682-2804fad78a82;424.59;19.6057;UNKNOWN
2016-04-14T01:39:34.000000;2016-04-14T01:39:34.000000;62ef077d-77b2-4f7a-8056-241dcfe8360c;424.61;7.0569;UNKNOWN
2016-04-14T01:39:34.000000;2016-04-14T01:39:34.000000;160004f1-fd29-40aa-ba28-728e30d1b7a6;424.51;7.16071021;UNKNOWN
2016-04-14T01:43:54.000000;2016-04-14T01:43:54.000000;1124b5b0-0f8d-47d4-8d1d-0e0acfda730e;424.62;0.1;UNKNOWN
2016-04-14T01:44:08.000000;2016-04-14T01:44:08.000000;403f9911-29ab-416b-8ce5-70c5c410beb5;424.74;0.21399;UNKNOWN
2016-04-14T01:44:19.000000;2016-04-14T01:44:19.000000;0ebe8151-9dbb-41d4-9abb-7f313047d6de;424.75;0.01;UNKNOWN
2016-04-14T01:45:53.000000;2016-04-14T01:45:53.000000;e554e519-b2c9-40eb-aff5-5c58f9a54fed;424.67;0.01;UNKNOWN
2016-04-14T01:45:54.000000;2016-04-14T01:45:54.000000;62cb37ba-3765-44d6-9cb4-72ff9727d77d;424.66;0.01;UNKNOWN
2016-04-14T01:45:54.000000;2016-04-14T01:45:54.000000;7eaf9a58-f256-486e-877b-4921afd70260;424.67;0.01;UNKNOWN
2016-04-14T01:45:55.000000;2016-04-14T01:45:55.000000;b15f44a2-535e-485b-a83c-08c3a9bd7aa0;424.66;0.01;UNKNOWN
2016-04-14T01:45:56.000000;2016-04-14T01:45:56.000000;09f95359-5df7-4be2-9c82-6ebe098d4a64;424.66;0.01;UNKNOWN
2016-04-14T01:45:57.000000;2016-04-14T01:45:57.000000;7d5ad6f9-ef8b-46b8-a08f-74bf956d7e46;424.66;0.01;UNKNOWN
2016-04-14T01:47:59.000000;2016-04-14T01:47:59.000000;f31a9f0d-d930-4258-9d01-b60cc6b79231;424.53;0.01;UNKNOWN
2016-04-14T01:50:55.000000;2016-04-14T01:50:55.000000;30db58c5-8a5b-4ef4-a038-a5c9680d7754;424.74;0.0188;UNKNOWN
2016-04-14T01:53:04.000000;2016-04-14T01:53:04.000000;5d48f33a-c563-4e00-bff6-79546cb86bd8;424.74;2.12536385;UNKNOWN
2016-04-14T01:55:03.000000;2016-04-14T01:55:03.000000;ae702d33-d875-425f-b71d-907231b63cb5;424.85;0.0352;UNKNOWN
2016-04-14T01:55:32.000000;2016-04-14T01:55:32.000000;9b6a3e59-3659-420e-83c3-54e2cd1e5b38;424.85;0.0352;UNKNOWN
2016-04-14T01:55:32.000000;2016-04-14T01:55:32.000000;462699aa-7a9e-4ddc-b347-f8a24b5de4d6;424.85;0.9648;UNKNOWN
2016-04-14T02:01:03.000000;2016-04-14T02:01:03.000000;a0485259-6736-4df5-bf58-f86fe02da8c8;424.79;3.0;UNKNOWN
2016-04-14T02:02:08.000000;2016-04-14T02:02:08.000000;53cfc108-08d4-4f2b-9e99-76c0fa65a57c;424.84;0.929;UNKNOWN
2016-04-14T02:04:25.000000;2016-04-14T02:04:25.000000;443c27fb-623f-4c90-b46b-8f62cde21181;424.87;0.02491875;UNKNOWN
2016-04-14T02:05:50.000000;2016-04-14T02:05:50.000000;ea7c7c97-bec0-4f55-994c-edb34b275424;424.86;0.79437933;UNKNOWN
2016-04-14T02:06:30.000000;2016-04-14T02:06:30.000000;ef05e9a3-e236-4485-b086-3d191cfd3a83;424.74;2.48904145;UNKNOWN
2016-04-14T02:06:30.000000;2016-04-14T02:06:30.000000;3504a479-ad1b-4208-9b09-3e869a583252;424.85;0.24;UNKNOWN
2016-04-14T02:06:30.000000;2016-04-14T02:06:30.000000;ce83346a-bc07-40de-8308-35a84067efd7;424.75;16.5335;UNKNOWN
2016-04-14T02:07:30.000000;2016-04-14T02:07:30.000000;0a23cdd9-9abe-4d21-838e-2ea1bd8e951c;424.79;0.5;UNKNOWN
2016-04-14T02:07:30.000000;2016-04-14T02:07:30.000000;6a515e06-1d2b-42a9-a1df-0289c832ff6e;424.8;0.38278016;UNKNOWN
2016-04-14T02:09:56.000000;2016-04-14T02:09:56.000000;0db8cae0-ac73-47bd-a56f-c4abc8ed209f;424.65;0.027;UNKNOWN
2016-04-14T02:10:54.000000;2016-04-14T02:10:54.000000;7c5ce3b5-3a60-4458-a998-d720f9fb277f;424.86;0.01;UNKNOWN
2016-04-14T02:10:54.000000;2016-04-14T02:10:54.000000;2273e123-f327-44e3-9894-d0c152fbf8df;424.87;0.0503;UNKNOWN
2016-04-14T02:10:54.000000;2016-04-14T02:10:54.000000;ae339415-2ac0-4d69-9350-dd8b0d81447c;424.85;0.01;UNKNOWN
2016-04-14T02:10:54.000000;2016-04-14T02:10:54.000000;3754b099-b62c-4757-859a-12dc250554d0;424.85;0.01;UNKNOWN
2016-04-14T02:10:54.000000;2016-04-14T02:10:54.000000;584d339a-52c0-43e0-af3b-ba0ded7cf458;424.86;0.01;UNKNOWN
2016-04-14T02:14:09.000000;2016-04-14T02:14:09.000000;adcabad2-c228-45de-beb3-8c9b3b2a7846;424.87;1.23567208;UNKNOWN
2016-04-14T02:15:50.000000;2016-04-14T02:15:50.000000;ef60cb5b-1f56-4af1-9294-b23811929289;424.87;0.02682237;UNKNOWN
2016-04-14T02:15:50.000000;2016-04-14T02:15:50.000000;b2061026-91ce-402a-8014-5d96720cad5d;424.85;0.01;UNKNOWN
2016-04-14T02:15:50.000000;2016-04-14T02:15:50.000000;a75c9e62-3b8f-4d8d-a4d9-e9ab59e336a6;424.86;0.01;UNKNOWN
2016-04-14T02:16:41.000000;2016-04-14T02:16:41.000000;1ac2f927-7c76-4957-9108-b4f0f85e7a53;424.87;0.84057684;UNKNOWN
2016-04-14T02:21:04.000000;2016-04-14T02:21:04.000000;48b7efc5-5607-47bf-b725-f29d1781fd19;424.87;0.26420087;UNKNOWN
2016-04-14T02:21:04.000000;2016-04-14T02:21:04.000000;cffcc58b-f8d6-434b-8ae4-b6374146672d;424.86;0.01;UNKNOWN
2016-04-14T02:21:04.000000;2016-04-14T02:21:04.000000;94e229d2-5d8a-4d58-adfe-dcdb3e1435de;424.85;0.01;UNKNOWN
2016-04-14T02:21:05.000000;2016-04-14T02:21:05.000000;4e9665e7-fb9a-44c7-8793-df188a8d0bc9;424.87;0.34160416;UNKNOWN
2016-04-14T02:21:06.000000;2016-04-14T02:21:06.000000;3a328523-fea3-4e73-a52c-1bda3b5e4a98;424.87;0.01206047;UNKNOWN
2016-04-14T02:21:55.000000;2016-04-14T02:21:55.000000;e21be4be-74d5-494f-81c0-0a98c34bf7c8;424.8;0.01;UNKNOWN
2016-04-14T02:21:55.000000;2016-04-14T02:21:55.000000;574b566f-1181-409c-8388-67e6bbf8695f;424.81;0.01;UNKNOWN
2016-04-14T02:22:04.000000;2016-04-14T02:22:04.000000;1fa06b29-07cc-4c93-897d-2080f9b72754;424.87;0.4;UNKNOWN
2016-04-14T02:22:05.000000;2016-04-14T02:22:05.000000;5b3304fd-8f23-4484-a4cc-0bf840fab567;424.87;0.60315043;UNKNOWN
2016-04-14T02:23:04.000000;2016-04-14T02:23:04.000000;b7d89f09-61bd-4865-972c-615ff10b2433;424.87;0.01;UNKNOWN
2016-04-14T02:23:04.000000;2016-04-14T02:23:04.000000;4ba5a567-bd3e-47f9-b8e1-5ce8c209bcf4;424.93;0.01;UNKNOWN
2016-04-14T02:23:04.000000;2016-04-14T02:23:04.000000;1ba5ae75-72c6-44be-b178-17241302e1b1;424.86;0.01;UNKNOWN
2016-04-14T02:23:04.000000;2016-04-14T02:23:04.000000;322754a1-9174-423c-bb7d-8a5997c5ad5d;425.32;0.22613818;UNKNOWN
2016-04-14T02:23:04.000000;2016-04-14T02:23:04.000000;fb870400-9e74-49c5-b4d2-721fa55f93df;424.91;0.01;UNKNOWN
2016-04-14T02:23:04.000000;2016-04-14T02:23:04.000000;8b20bc9a-f6f7-43f0-8138-c0e164a45fdd;424.92;0.01;UNKNOWN
2016-04-14T02:23:04.000000;2016-04-14T02:23:04.000000;50a04804-76e6-4c0c-a175-c51a975e4c43;424.89;0.01;UNKNOWN
2016-04-14T02:23:04.000000;2016-04-14T02:23:04.000000;a05e7bc3-c03e-435d-bf14-d0ce64117c24;424.87;0.74829403;UNKNOWN
2016-04-14T02:23:04.000000;2016-04-14T02:23:04.000000;81091bab-1b98-4ae1-99bf-6d0dc746aa5e;424.9;0.01;UNKNOWN
2016-04-14T02:23:04.000000;2016-04-14T02:23:04.000000;ad260ad8-510b-494e-a3eb-18d06786db3b;424.85;0.01;UNKNOWN
2016-04-14T02:23:04.000000;2016-04-14T02:23:04.000000;fc17e9ed-db6a-4976-ad20-bf6b9ec38cb5;424.88;0.01;UNKNOWN
2016-04-14T02:23:05.000000;2016-04-14T02:23:05.000000;5b554b43-92cc-4d72-94d5-005a16a52995;425.32;0.24809585;UNKNOWN
2016-04-14T02:23:22.000000;2016-04-14T02:23:22.000000;5d564852-3c99-43ad-812e-e6d40b6c737f;425.31;0.01;UNKNOWN
2016-04-14T02:23:23.000000;2016-04-14T02:23:23.000000;bedceefb-8b18-4bfa-b84b-f23f12e83fe9;425.31;0.01;UNKNOWN
2016-04-14T02:23:24.000000;2016-04-14T02:23:24.000000;33cbceab-0476-401e-912f-72130b2881f4;425.31;0.01;UNKNOWN
2016-04-14T02:23:24.000000;2016-04-14T02:23:24.000000;67e7f9d1-ae79-46ca-bbd8-12b52ccc6763;425.31;0.01;UNKNOWN
2016-04-14T02:24:04.000000;2016-04-14T02:24:04.000000;4ffabfc2-927f-4937-95d2-b30c52f4e9df;425.32;0.22045102;UNKNOWN
2016-04-14T02:24:04.000000;2016-04-14T02:24:04.000000;edfd3055-8d89-453f-8503-662c51564ace;425.49;12.49098466;UNKNOWN
2016-04-14T02:24:04.000000;2016-04-14T02:24:04.000000;07a172b7-7e13-4575-ac6d-5e6beca70065;425.32;0.21241495;UNKNOWN
2016-04-14T02:24:05.000000;2016-04-14T02:24:05.000000;f86f8455-5716-4bc0-b4b9-c0c5b9109127;425.49;0.07085359;UNKNOWN
2016-04-14T02:24:20.000000;2016-04-14T02:24:20.000000;b8a5368e-c831-4694-8c55-91e963dde831;425.41;1.0;UNKNOWN
2016-04-14T02:24:39.000000;2016-04-14T02:24:39.000000;ec4cbc7b-e4c4-438a-b377-181ab063b900;425.49;1.11736175;UNKNOWN
2016-04-14T02:24:39.000000;2016-04-14T02:24:39.000000;d6450448-71d3-422e-ba35-1cdb836a725b;425.5;0.49;UNKNOWN
2016-04-14T02:24:39.000000;2016-04-14T02:24:39.000000;887ffb88-bece-476f-8f24-b6d06e035bfe;425.5;0.0186813;UNKNOWN
2016-04-14T02:24:46.000000;2016-04-14T02:24:46.000000;442276c2-9dc3-4e5b-b307-75a105d120fa;425.52;0.05502973;UNKNOWN
2016-04-14T02:24:49.000000;2016-04-14T02:24:49.000000;ca2edac1-1dd4-4379-9f8d-9c0f36d7e062;425.6;0.055;UNKNOWN
2016-04-14T02:25:45.000000;2016-04-14T02:25:45.000000;674f5db8-9f2e-489d-bcc9-53e0a850483f;425.58;1.0;UNKNOWN
2016-04-14T02:26:26.000000;2016-04-14T02:26:26.000000;dab9573e-7326-4263-ba01-40120e4650b8;425.59;1.0;UNKNOWN
2016-04-14T02:26:38.000000;2016-04-14T02:26:38.000000;bc0b0676-e532-496d-91bd-0635d6a38218;425.6;1.0;UNKNOWN
2016-04-14T02:27:02.000000;2016-04-14T02:27:02.000000;a9d7a159-fb85-4a15-903e-229dc09ffd4a;425.6;0.06949585;UNKNOWN
2016-04-14T02:27:03.000000;2016-04-14T02:27:03.000000;12e423c1-07cc-4d81-ae94-17d8b87a0227;425.6;0.08758465;UNKNOWN
2016-04-14T02:27:12.000000;2016-04-14T02:27:12.000000;84d3e7ac-beb2-458b-80bd-2cbcfe8c4e16;425.6;0.5;UNKNOWN
2016-04-14T02:27:34.000000;2016-04-14T02:27:34.000000;36752105-21e6-4e2d-a724-803db76b95de;425.59;1.0;UNKNOWN
2016-04-14T02:27:42.000000;2016-04-14T02:27:42.000000;908fe2f1-0745-43a9-b1c3-19e7dcd3e912;425.6;0.28598636;UNKNOWN
2016-04-14T02:27:42.000000;2016-04-14T02:27:42.000000;32cd91e3-db64-4023-bc91-a68f4084633d;425.74;1.13004162;UNKNOWN
2016-04-14T02:27:42.000000;2016-04-14T02:27:42.000000;9e259d20-6bfc-4a36-80c6-bb73a81c941b;425.74;3.0;UNKNOWN
2016-04-14T02:27:42.000000;2016-04-14T02:27:42.000000;fadc2c45-d16d-443c-a8f9-00446c620a8a;425.7;0.58397202;UNKNOWN
2016-04-14T02:27:55.000000;2016-04-14T02:27:55.000000;e3758597-dc10-4153-a520-22eabb95f45f;425.74;0.2505;UNKNOWN
2016-04-14T02:28:00.000000;2016-04-14T02:28:00.000000;8b5b8b83-4c7e-4ed6-b1a0-0c16be11c132;425.75;6.0;UNKNOWN
2016-04-14T02:28:00.000000;2016-04-14T02:28:00.000000;6dab8fe3-31b4-4bdb-8298-9ab7888978d6;425.74;2.3919;UNKNOWN
2016-04-14T02:28:00.000000;2016-04-14T02:28:00.000000;316c25db-9382-4ee5-a3c0-7db295fca66b;425.98;4.91043429;UNKNOWN
2016-04-14T02:28:00.000000;2016-04-14T02:28:00.000000;61c57394-3ebf-465a-b009-fa4702a2abc3;425.9;0.097;UNKNOWN
2016-04-14T02:28:00.000000;2016-04-14T02:28:00.000000;dc82464d-add8-4a8b-b0fa-d9f22219042b;425.77;0.02120733;UNKNOWN
2016-04-14T02:28:00.000000;2016-04-14T02:28:00.000000;67a97693-5e99-4bd1-a8db-a956c29dd11d;425.74;5.57945838;UNKNOWN
2016-04-14T02:28:00.000000;2016-04-14T02:28:00.000000;eda17a97-d0b3-4ee1-9112-af19f4409875;425.94;6.0;UNKNOWN
2016-04-14T02:28:48.000000;2016-04-14T02:28:48.000000;93ec4f37-72ff-4b49-b6b5-c56627eb5167;425.99;0.41143429;UNKNOWN
2016-04-14T02:28:48.000000;2016-04-14T02:28:48.000000;49adf97e-0332-41e0-8f5f-849400911cab;425.98;0.08956571;UNKNOWN
2016-04-14T02:29:13.000000;2016-04-14T02:29:13.000000;ed47b0ae-5ba9-4d06-a9ce-4c0890848d78;425.99;5.0;UNKNOWN
2016-04-14T02:31:41.000000;2016-04-14T02:31:41.000000;a12131ee-b160-4225-925a-b9808afb0ccd;425.99;1.5;UNKNOWN
2016-04-14T02:31:54.000000;2016-04-14T02:31:54.000000;a05ed385-686d-4565-b409-2aaaec280a5c;425.99;6.0;UNKNOWN
2016-04-14T02:31:58.000000;2016-04-14T02:31:58.000000;7940d86c-a550-43a3-b10e-f717d51b7f46;425.99;5.0;UNKNOWN
2016-04-14T02:33:19.000000;2016-04-14T02:33:19.000000;4079d9b9-25ac-4004-999e-f3dc5c4e20ab;425.76;0.04269;UNKNOWN
2016-04-14T02:33:42.000000;2016-04-14T02:33:42.000000;2f08ac7e-3c4a-4c02-bd90-fe5ca6d51524;425.68;0.048493;UNKNOWN
2016-04-14T02:34:34.000000;2016-04-14T02:34:34.000000;67c98f0a-6264-45e7-8434-84a5ae092cf0;425.64;0.04269;UNKNOWN
2016-04-14T02:36:37.000000;2016-04-14T02:36:37.000000;7aecf3a2-f0f9-4dd5-9f52-58f9346bfa91;425.53;0.81892722;UNKNOWN
2016-04-14T02:38:09.000000;2016-04-14T02:38:09.000000;ee673d75-7b49-4ad6-a4f3-f750f7fe8590;425.5;0.02904067;UNKNOWN
2016-04-14T02:38:30.000000;2016-04-14T02:38:30.000000;65dfcdfb-9c94-47b2-9196-470599061928;426.0;1.0;UNKNOWN
2016-04-14T02:38:30.000000;2016-04-14T02:38:30.000000;cf5834bc-7577-4fc6-88b3-e2b0153fe584;426.0;1.5;UNKNOWN
2016-04-14T02:38:30.000000;2016-04-14T02:38:30.000000;0d008be6-286b-4b40-8da5-7f8ded9a9a44;425.99;7.14;UNKNOWN
2016-04-14T02:38:30.000000;2016-04-14T02:38:30.000000;de3e79c6-4d6d-4fe7-8011-2d072ab938e9;425.99;9.6865;UNKNOWN
2016-04-14T02:38:30.000000;2016-04-14T02:38:30.000000;1a268182-f4ea-4769-9aa8-afae1fe38c0d;426.0;0.048857;UNKNOWN
2016-04-14T02:38:30.000000;2016-04-14T02:38:30.000000;6a7cd739-01c3-4762-9aa7-fe4e4645945b;426.0;0.5;UNKNOWN
2016-04-14T02:38:30.000000;2016-04-14T02:38:30.000000;f9c235c7-701c-49fe-849b-9aaf19ea70ef;425.98;7.25;UNKNOWN
2016-04-14T02:38:30.000000;2016-04-14T02:38:30.000000;8222cd82-7167-4407-8ba4-0b7b998bf48e;426.0;0.62081961;UNKNOWN
2016-04-14T02:38:30.000000;2016-04-14T02:38:30.000000;50bc53cc-3907-444a-9437-d77707fb3618;425.99;7.07856571;UNKNOWN
2016-04-14T02:38:30.000000;2016-04-14T02:38:30.000000;66ec7f4f-270e-498e-baaa-244064016523;426.0;1.0;UNKNOWN
2016-04-14T02:38:30.000000;2016-04-14T02:38:30.000000;16f99174-8947-4d05-b363-6ad97157e5ff;426.0;2.6564409;UNKNOWN
2016-04-14T02:38:30.000000;2016-04-14T02:38:30.000000;cd94a51a-1e35-4a18-be21-74f80f81e503;425.54;0.96;UNKNOWN
2016-04-14T02:38:30.000000;2016-04-14T02:38:30.000000;7dbba922-634e-4719-81d5-ca9e269f167a;425.99;1.722;UNKNOWN
2016-04-14T02:38:30.000000;2016-04-14T02:38:30.000000;14d1726c-1643-4217-ba64-18890078efa5;426.0;6.48071784;UNKNOWN
2016-04-14T02:38:39.000000;2016-04-14T02:38:39.000000;e538deab-a48e-4270-8c8e-e2bbecc69d8d;426.03;0.05;UNKNOWN
2016-04-14T02:38:39.000000;2016-04-14T02:38:39.000000;57e2d2f1-181d-4b18-95a3-c1304df346c5;426.11;1.1055;UNKNOWN
2016-04-14T02:38:39.000000;2016-04-14T02:38:39.000000;560d9692-1e44-4fc5-b49a-b07b6247da7e;426.03;0.05;UNKNOWN
2016-04-14T02:38:39.000000;2016-04-14T02:38:39.000000;655e1c63-757f-4b99-820b-590bffa356c3;426.2;0.5;UNKNOWN
2016-04-14T02:38:39.000000;2016-04-14T02:38:39.000000;5a1cb502-18d4-4730-a50b-c5b6adbe06bb;426.2;0.8;UNKNOWN
2016-04-14T02:38:39.000000;2016-04-14T02:38:39.000000;5de8115b-7351-477f-bbc9-0eda74a6b03b;426.28;0.1;UNKNOWN
2016-04-14T02:38:39.000000;2016-04-14T02:38:39.000000;f39a79d2-18d8-4f2f-a945-6f11e002b48e;426.39;5.88908513;UNKNOWN
2016-04-14T02:38:39.000000;2016-04-14T02:38:39.000000;2837d1d3-5f94-4d45-978f-f63c7b10a29a;426.01;0.1;UNKNOWN
2016-04-14T02:38:39.000000;2016-04-14T02:38:39.000000;7cc61205-0e4d-4a42-bdde-d2042cc30394;426.05;0.1;UNKNOWN
2016-04-14T02:38:39.000000;2016-04-14T02:38:39.000000;21caa292-e9ac-4b68-9c5b-24d0ae848812;426.38;10.8356;UNKNOWN
2016-04-14T02:38:39.000000;2016-04-14T02:38:39.000000;e6f14cfa-b0b2-4262-a2d7-49d2bb9b74d4;426.35;0.5;UNKNOWN
2016-04-14T02:38:39.000000;2016-04-14T02:38:39.000000;fdcbd350-f0ce-41d2-8dd4-f3c4c8d22fcb;426.33;0.01981487;UNKNOWN
2016-04-14T02:38:39.000000;2016-04-14T02:38:39.000000;57517306-1986-46fd-bde2-54a3b029270d;426.01;0.1;UNKNOWN
2016-04-14T02:38:39.000000;2016-04-14T02:38:39.000000;c05672cf-433d-4b11-8368-e6bf705d09ef;426.04;0.1;UNKNOWN
2016-04-14T02:38:46.000000;2016-04-14T02:38:46.000000;e39d62f1-6cfe-4308-b1ad-a0f7f9153688;426.45;0.5;UNKNOWN
2016-04-14T02:38:46.000000;2016-04-14T02:38:46.000000;e75e0b63-2a54-4d99-b237-803f4cef2753;426.49;0.19;UNKNOWN
2016-04-14T02:38:46.000000;2016-04-14T02:38:46.000000;5a863a53-86fb-4d81-a2da-0e5e4da18398;426.46;0.01;UNKNOWN
2016-04-14T02:38:49.000000;2016-04-14T02:38:49.000000;7a2a0fba-ea3d-49c2-83d3-ad710ad2d600;426.15;1.0;UNKNOWN
2016-04-14T02:39:06.000000;2016-04-14T02:39:06.000000;12cf06ad-7022-427c-99c7-bc2efb203da9;426.0;1.0;UNKNOWN
2016-04-14T02:39:54.000000;2016-04-14T02:39:54.000000;1d556118-899f-426e-9218-ce42f19a1e0f;425.94;0.041704;UNKNOWN
2016-04-14T02:41:36.000000;2016-04-14T02:41:36.000000;d52d3cb3-332e-455d-a151-59c72ef168a1;425.84;1.0;UNKNOWN
2016-04-14T02:44:12.000000;2016-04-14T02:44:12.000000;f45598f0-3700-4636-b712-c5253977324c;426.0;4.55962441;UNKNOWN
2016-04-14T02:46:41.000000;2016-04-14T02:46:41.000000;871aa78d-605c-4ec4-9607-6d0fb0f0c616;426.0;0.01;UNKNOWN
2016-04-14T02:47:39.000000;2016-04-14T02:47:39.000000;2c29b987-eaf6-41b8-aa2a-2ef9bc326f49;426.0;0.43037559;UNKNOWN
2016-04-14T02:49:05.000000;2016-04-14T02:49:05.000000;ba236cf4-6d2f-4216-8052-ae1c1ed3f72c;426.09;0.2553264;UNKNOWN
2016-04-14T02:49:15.000000;2016-04-14T02:49:15.000000;7e262d62-c847-4cd6-9224-9bb6ee0b28b6;426.09;0.26108144;UNKNOWN
2016-04-14T02:49:17.000000;2016-04-14T02:49:17.000000;8ee4a498-0d52-440f-a8cb-c55d90967367;426.09;0.26108144;UNKNOWN
2016-04-14T02:51:10.000000;2016-04-14T02:51:10.000000;b3a25fc3-e6fe-4537-b32a-2ea565886204;426.4;0.02904714;UNKNOWN
2016-04-14T02:52:41.000000;2016-04-14T02:52:41.000000;6f9b320e-30a0-49a3-bc6b-e7e408b105e9;426.49;20.23300214;UNKNOWN
2016-04-14T02:52:41.000000;2016-04-14T02:52:41.000000;1dfd7880-4e2f-43e4-ae96-27c56c2cabbe;426.44;0.030845;UNKNOWN
2016-04-14T02:52:41.000000;2016-04-14T02:52:41.000000;c8a281a2-78c3-4291-83f6-e459d1efc2b3;426.43;1.0;UNKNOWN
2016-04-14T02:52:41.000000;2016-04-14T02:52:41.000000;077404b3-8da0-4c7d-a452-530ceb939836;426.41;1.2404;UNKNOWN
2016-04-14T02:52:41.000000;2016-04-14T02:52:41.000000;0efb4204-9774-4144-873e-bf9075f0c354;426.4;6.99575286;UNKNOWN
2016-04-14T02:53:03.000000;2016-04-14T02:53:03.000000;a55e2ae6-44e3-4186-b6ef-53353c01ca6f;426.15;0.04;UNKNOWN
2016-04-14T02:54:12.000000;2016-04-14T02:54:12.000000;34932c48-035d-4905-9bed-3a2904d1ee32;426.15;0.47087127;UNKNOWN
2016-04-14T02:55:26.000000;2016-04-14T02:55:26.000000;585b6f5c-fe9f-4085-863c-1884024cd873;426.15;0.6011;UNKNOWN
2016-04-14T02:55:26.000000;2016-04-14T02:55:26.000000;cae56599-52ba-40aa-965f-e98facdfd3e1;426.2;0.1;UNKNOWN
2016-04-14T02:55:42.000000;2016-04-14T02:55:42.000000;1c170893-aea7-43f7-adbb-33a3484c2c67;426.15;0.01;UNKNOWN
2016-04-14T02:56:05.000000;2016-04-14T02:56:05.000000;5df206fc-d07c-4870-ac44-4d8c9404240c;426.35;0.01;UNKNOWN
2016-04-14T02:58:27.000000;2016-04-14T02:58:27.000000;0c31d495-f75b-4ea0-8505-20f2ef39c61e;426.15;1.0;UNKNOWN
2016-04-14T02:59:11.000000;2016-04-14T02:59:11.000000;2afdef3f-49d7-486f-bcd1-86918eb8e654;426.15;0.23590998;UNKNOWN
2016-04-14T02:59:56.000000;2016-04-14T02:59:56.000000;6e37895b-5cc7-426d-a803-5d79630f8e46;426.15;1.0;UNKNOWN
2016-04-14T03:00:39.000000;2016-04-14T03:00:39.000000;0d73082f-5e91-416b-836d-5e81cebc8a52;426.15;0.1;UNKNOWN
2016-04-14T03:04:57.000000;2016-04-14T03:04:57.000000;9a9bc207-d25e-440e-987c-2ff1e055874a;426.15;0.01206842;UNKNOWN
2016-04-14T03:07:27.000000;2016-04-14T03:07:27.000000;4c78c2db-23b5-4b35-84fc-8ec5a6d8e1b7;425.65;0.01;UNKNOWN
2016-04-14T03:09:04.000000;2016-04-14T03:09:04.000000;561482a1-f92d-4dcd-bdde-e4ce16ae3f05;425.69;3.0;UNKNOWN
2016-04-14T03:10:30.000000;2016-04-14T03:10:30.000000;aca2612a-f1b7-4bce-a4b2-84006bd6c896;425.68;0.01;UNKNOWN
2016-04-14T03:11:07.000000;2016-04-14T03:11:07.000000;c3898a5f-adc6-4f7b-b370-fce7d6010aca;425.57;0.2907386;UNKNOWN
2016-04-14T03:11:07.000000;2016-04-14T03:11:07.000000;e5377d85-7f3c-4907-8844-491d28410a01;425.65;0.25;UNKNOWN
2016-04-14T03:11:08.000000;2016-04-14T03:11:08.000000;b891d894-a461-4675-80e1-00b22263a062;425.57;0.07420946;UNKNOWN
2016-04-14T03:11:08.000000;2016-04-14T03:11:08.000000;9b0e4c81-9cb6-4923-abe0-5680b8cfa4a4;425.57;0.2907386;UNKNOWN
2016-04-14T03:11:09.000000;2016-04-14T03:11:09.000000;57818738-85bc-47f1-a437-296b443007e4;425.57;0.25;UNKNOWN
2016-04-14T03:11:09.000000;2016-04-14T03:11:09.000000;6dd4ddd3-fcf6-48ed-ab3f-df270201e35c;425.57;0.29077959;UNKNOWN
2016-04-14T03:11:29.000000;2016-04-14T03:11:29.000000;bdb4ab02-a787-4554-a485-b1e7b9b896c5;425.68;0.01;UNKNOWN
2016-04-14T03:12:37.000000;2016-04-14T03:12:37.000000;c54f7acf-6c0b-4600-a15b-ede90b2d176b;425.57;7.93579054;UNKNOWN
2016-04-14T03:12:37.000000;2016-04-14T03:12:37.000000;53664d11-85ad-40e1-a0bf-394cf7860b0b;425.56;0.06420946;UNKNOWN
2016-04-14T03:12:51.000000;2016-04-14T03:12:51.000000;654e5f18-ae7a-4fc1-8069-5ee907c5445d;425.57;0.01;UNKNOWN
2016-04-14T03:13:34.000000;2016-04-14T03:13:34.000000;1b351356-6081-4918-b6c8-d8dcc013dbed;425.53;0.16373;UNKNOWN
2016-04-14T03:14:36.000000;2016-04-14T03:14:36.000000;26a4efa3-fedd-4f29-9617-7818fd6a4582;425.57;0.01;UNKNOWN
2016-04-14T03:16:14.000000;2016-04-14T03:16:14.000000;9ed8b5c8-29bb-47d8-99f5-c05246221fbc;425.57;0.01;UNKNOWN
2016-04-14T03:16:16.000000;2016-04-14T03:16:16.000000;18fd31d1-068f-44c2-9b7b-1e6826e1d0e9;425.57;0.03;UNKNOWN
2016-04-14T03:17:04.000000;2016-04-14T03:17:04.000000;4984d0e6-cbe2-46aa-a893-9d9056ccd66a;425.93;0.14156;UNKNOWN
2016-04-14T03:18:41.000000;2016-04-14T03:18:41.000000;62ae22a3-6d5f-4999-b2d9-c4037936cfce;425.53;0.38670876;UNKNOWN
2016-04-14T03:18:41.000000;2016-04-14T03:18:41.000000;c2385ffa-a6ab-42bf-8459-4ec682340bee;425.66;0.033661;UNKNOWN
2016-04-14T03:18:42.000000;2016-04-14T03:18:42.000000;a223cc8c-6b26-4a36-ba9a-6b28c3f57110;425.53;0.42032348;UNKNOWN
2016-04-14T03:18:43.000000;2016-04-14T03:18:43.000000;dae4b472-8acd-4f15-8081-cf1ef09b9aa7;425.53;0.42036976;UNKNOWN
2016-04-14T03:19:58.000000;2016-04-14T03:19:58.000000;44eb286f-2202-47cb-8696-e047d22bc1d1;426.1;0.01;UNKNOWN
2016-04-14T03:20:05.000000;2016-04-14T03:20:05.000000;6d55433d-e810-4a48-9e19-ee1211287047;426.17;2.965;UNKNOWN
2016-04-14T03:20:05.000000;2016-04-14T03:20:05.000000;3101b169-f3ba-4df7-b438-0805d76c3b7e;426.14;0.235;UNKNOWN
2016-04-14T03:22:47.000000;2016-04-14T03:22:47.000000;56e7af1d-795c-4bb7-b875-f44832468b52;426.22;11.4025;UNKNOWN
2016-04-14T03:22:47.000000;2016-04-14T03:22:47.000000;51eb1dda-f6a9-4610-84e0-a59abceb7650;426.28;4.57263052;UNKNOWN
2016-04-14T03:22:47.000000;2016-04-14T03:22:47.000000;98ab7e6f-0c5a-412a-8cc8-612d51b9e958;426.18;4.57263052;UNKNOWN
2016-04-14T03:22:47.000000;2016-04-14T03:22:47.000000;17b3f30d-5482-44f1-970c-1f021916a35d;426.21;6.9997;UNKNOWN
2016-04-14T03:22:47.000000;2016-04-14T03:22:47.000000;474bf171-15eb-4989-8728-f35904a7f652;426.28;4.57263052;UNKNOWN
2016-04-14T03:22:47.000000;2016-04-14T03:22:47.000000;0cdf1290-77c3-4161-9dab-42ac3fcfdc19;426.27;12.6589;UNKNOWN
2016-04-14T03:22:47.000000;2016-04-14T03:22:47.000000;4adbeb74-a418-42a1-9b69-e8b8d2efc2bb;426.22;0.8925;UNKNOWN
2016-04-14T03:22:47.000000;2016-04-14T03:22:47.000000;d31658b7-29a1-4193-a99a-c9a27cb503e5;426.32;4.32850844;UNKNOWN
2016-04-14T03:24:14.000000;2016-04-14T03:24:14.000000;89d41ebd-2a49-4958-95ce-e0a2ec066ce6;426.31;0.47031401;UNKNOWN
2016-04-14T03:24:26.000000;2016-04-14T03:24:26.000000;555ec907-bf1b-406e-97b6-9fcd4c2e1b58;426.4;0.01;UNKNOWN
2016-04-14T03:25:34.000000;2016-04-14T03:25:34.000000;7bc491bd-40f7-4708-8feb-e87c3cadf73c;426.33;1.41087568;UNKNOWN
2016-04-14T03:26:36.000000;2016-04-14T03:26:36.000000;dc660751-a197-4ed9-a5f0-c1e8ed5a2be7;426.39;0.01527756;UNKNOWN
2016-04-14T03:28:18.000000;2016-04-14T03:28:18.000000;1e105401-c46d-4263-938e-cf986130fd83;426.33;4.11912432;UNKNOWN
2016-04-14T03:28:18.000000;2016-04-14T03:28:18.000000;922687a6-a27a-410e-9aff-cdc55c6b7f7d;425.77;8.12447568;UNKNOWN
2016-04-14T03:28:18.000000;2016-04-14T03:28:18.000000;9ba3034f-6bc9-4573-a813-5fcee9be5002;426.39;0.01;UNKNOWN
2016-04-14T03:28:18.000000;2016-04-14T03:28:18.000000;e05d5a60-f50e-4d0c-9f79-eecaec48a1bb;426.21;7.0118;UNKNOWN
2016-04-14T03:28:18.000000;2016-04-14T03:28:18.000000;d891bd25-ab81-4cb8-8335-b489f51bcc56;425.88;10.7446;UNKNOWN
2016-04-14T03:28:24.000000;2016-04-14T03:28:24.000000;54603fae-e24b-4c29-858f-40812e019d30;426.12;7.0;UNKNOWN
2016-04-14T03:28:31.000000;2016-04-14T03:28:31.000000;ae7ae2e3-968a-490c-b707-73d91b596fb2;425.52;0.7055;UNKNOWN
2016-04-14T03:29:40.000000;2016-04-14T03:29:40.000000;fb50dbb8-c36b-48c7-ac27-51af6bfe1f64;425.62;0.1;UNKNOWN
2016-04-14T03:29:48.000000;2016-04-14T03:29:48.000000;6668992f-5b08-49af-bd7d-c86b07916cbd;425.93;0.01;UNKNOWN
2016-04-14T03:31:28.000000;2016-04-14T03:31:28.000000;1797c204-2690-4ca2-9463-1fcc6d9c07dd;425.8;0.01;UNKNOWN
2016-04-14T03:32:43.000000;2016-04-14T03:32:43.000000;a5414b04-602e-4925-b3c0-a239d5f8788a;425.68;0.01;UNKNOWN
2016-04-14T03:32:47.000000;2016-04-14T03:32:47.000000;b121ff25-418e-4f63-b86e-ca4554eb08f3;425.62;1.3675257;UNKNOWN
2016-04-14T03:32:47.000000;2016-04-14T03:32:47.000000;72779363-b0fa-4422-ad51-3f28a9d6bf5f;425.65;0.044908;UNKNOWN
2016-04-14T03:32:50.000000;2016-04-14T03:32:50.000000;1bc5ed22-b6b7-4072-9d8f-c7cab1ccadcf;425.69;0.01;UNKNOWN
2016-04-14T03:35:04.000000;2016-04-14T03:35:04.000000;9cb8ef11-1d76-4a2e-b169-36efdc590c57;425.55;0.20618185;UNKNOWN
2016-04-14T03:35:12.000000;2016-04-14T03:35:12.000000;d0cc2430-49c7-48ed-af91-2f1b24c8c297;425.61;0.01;UNKNOWN
2016-04-14T03:39:20.000000;2016-04-14T03:39:20.000000;fd608b27-0a7a-4ea7-aba1-f2649ac08595;425.61;2.98;UNKNOWN
2016-04-14T03:39:34.000000;2016-04-14T03:39:34.000000;0908e2ce-8f74-4302-9247-8f0bf4f2b47f;425.73;4.0;UNKNOWN
2016-04-14T03:40:31.000000;2016-04-14T03:40:31.000000;4f2e9efe-678c-4a04-9eec-dbc1b8995f2f;425.83;0.23429157;UNKNOWN
2016-04-14T03:40:46.000000;2016-04-14T03:40:46.000000;b72ea14d-921c-4159-98b1-827d394e931d;425.84;0.16533161;UNKNOWN
2016-04-14T03:41:13.000000;2016-04-14T03:41:13.000000;357f5ede-208d-4ca0-8349-54e2c5c6bf2d;425.96;0.01;UNKNOWN
2016-04-14T03:41:28.000000;2016-04-14T03:41:28.000000;7cfcc994-9edb-4651-85b8-05fc8a02c73e;426.1;10.7387;UNKNOWN
2016-04-14T03:41:28.000000;2016-04-14T03:41:28.000000;acc1560b-07dc-4933-a9ed-4e8648aaa108;426.22;0.2613;UNKNOWN
2016-04-14T03:42:04.000000;2016-04-14T03:42:04.000000;f9f7515f-57a3-4bd6-8c03-1df145fc56d7;425.98;0.01238;UNKNOWN
2016-04-14T03:42:32.000000;2016-04-14T03:42:32.000000;140f6de7-cd89-45cc-a650-a05c970a4a82;426.02;0.06957363;UNKNOWN
2016-04-14T03:42:48.000000;2016-04-14T03:42:48.000000;b2adf6aa-4e3c-40cd-bd2f-e1d34d396271;426.09;7.0265;UNKNOWN
2016-04-14T03:42:48.000000;2016-04-14T03:42:48.000000;0cc12b40-98d4-449d-8c3e-7c0b821b6a31;426.23;0.0644;UNKNOWN
2016-04-14T03:42:48.000000;2016-04-14T03:42:48.000000;dbe359c4-a716-4ae5-b8ac-96f163c7e835;426.23;1.4091;UNKNOWN
2016-04-14T03:43:34.000000;2016-04-14T03:43:34.000000;15e18001-63cf-457e-a4b6-d24e20f7640a;426.22;0.23522327;UNKNOWN
2016-04-14T03:43:39.000000;2016-04-14T03:43:39.000000;67ebe5ab-53c3-4af3-908c-db8196830395;426.36;0.01;UNKNOWN
2016-04-14T03:43:55.000000;2016-04-14T03:43:55.000000;4d3f742e-1d14-4a19-a9ae-aacaa23a2ed2;426.2;6.53;UNKNOWN
2016-04-14T03:47:14.000000;2016-04-14T03:47:14.000000;438d02ff-57ca-4f6f-be58-32c64f8d8e9a;426.18;0.01;UNKNOWN
2016-04-14T03:48:38.000000;2016-04-14T03:48:38.000000;382985ac-57e7-404a-ac47-c565fd4d58d7;425.68;0.10144134;UNKNOWN
2016-04-14T03:48:38.000000;2016-04-14T03:48:38.000000;5672c8af-b2c2-42a9-a2b2-080b59224cff;426.0;0.0187;UNKNOWN
2016-04-14T03:48:39.000000;2016-04-14T03:48:39.000000;c5f8e38d-158d-4055-b6f7-b9a1e4818c36;425.68;0.35281831;UNKNOWN
2016-04-14T03:49:50.000000;2016-04-14T03:49:50.000000;8d861ba0-8c9b-4c09-9fc3-827e3f53e1b9;425.86;0.01;UNKNOWN
2016-04-14T03:51:01.000000;2016-04-14T03:51:01.000000;759b9a43-9325-4122-b5c7-c0e529adef14;425.59;2.71798;UNKNOWN
2016-04-14T03:51:01.000000;2016-04-14T03:51:01.000000;59676c30-90c3-4389-b1f7-30a300a72c56;425.61;7.0149;UNKNOWN
2016-04-14T03:51:01.000000;2016-04-14T03:51:01.000000;64860734-2c5a-4214-9878-2c926b3cff67;425.61;0.059;UNKNOWN
2016-04-14T03:51:47.000000;2016-04-14T03:51:47.000000;ccd0adcd-fe80-4abf-9e77-d8d4a041deaa;426.13;1.015;UNKNOWN
2016-04-14T03:51:47.000000;2016-04-14T03:51:47.000000;e9b2cd12-ddb2-4f18-877d-cf5fee516963;426.13;11.9547;UNKNOWN
2016-04-14T03:51:47.000000;2016-04-14T03:51:47.000000;d0a863bf-ad14-454f-bc25-e15a0e023c59;425.86;7.0303;UNKNOWN
2016-04-14T03:56:15.000000;2016-04-14T03:56:15.000000;5ca5d516-4e9a-422c-b7c8-4c5bed2b2984;425.95;0.01;UNKNOWN
2016-04-14T03:56:15.000000;2016-04-14T03:56:15.000000;72238fe7-30e2-4f27-839b-a998142c50b2;425.92;0.0035876;UNKNOWN
2016-04-14T03:56:46.000000;2016-04-14T03:56:46.000000;acdd4b2b-4db0-4774-9ab7-1b43dbe81c95;425.92;0.21555461;UNKNOWN
2016-04-14T03:56:46.000000;2016-04-14T03:56:46.000000;cc60b7e6-6d93-42dd-bb17-95246f13bc62;425.96;0.02;UNKNOWN
2016-04-14T03:58:28.000000;2016-04-14T03:58:28.000000;8d4e295a-3261-4c0e-8fb2-c8824938fd78;426.34;6.9982;UNKNOWN
2016-04-14T03:59:06.000000;2016-04-14T03:59:06.000000;1cf671a1-0642-4fe5-a2fc-4d1b52ee866c;426.34;0.03;UNKNOWN
2016-04-14T03:59:07.000000;2016-04-14T03:59:07.000000;29bc46e7-77dc-4f02-bab2-54a5baeb4955;426.34;0.03;UNKNOWN
2016-04-14T03:59:26.000000;2016-04-14T03:59:26.000000;850841aa-b3f5-4a43-910a-7be0c473a7f5;426.34;0.09164927;UNKNOWN
2016-04-14T04:00:05.000000;2016-04-14T04:00:05.000000;d97a88a5-3fa9-4614-9683-018befe7e513;426.34;0.01;UNKNOWN
2016-04-14T04:02:31.000000;2016-04-14T04:02:31.000000;1097db37-d073-4c2d-911b-3e796fc4adab;426.34;0.02539779;UNKNOWN
2016-04-14T04:06:05.000000;2016-04-14T04:06:05.000000;3121b5a3-f390-47c3-9084-c0c151d31b54;426.2;7.41808953;UNKNOWN
2016-04-14T04:06:09.000000;2016-04-14T04:06:09.000000;60c654f2-776b-4c7d-a754-654aa3f1e2cc;426.0;0.5;UNKNOWN
2016-04-14T04:07:11.000000;2016-04-14T04:07:11.000000;439bba0a-4bd0-46af-97e3-05d61b8e4572;425.53;0.4114282;UNKNOWN
2016-04-14T04:10:05.000000;2016-04-14T04:10:05.000000;ddb52f5f-ef49-4cbb-90a5-04b763788658;425.58;2.0;UNKNOWN
2016-04-14T04:11:30.000000;2016-04-14T04:11:30.000000;819ee885-c307-451a-9282-aef711cd42c3;425.57;10.18517995;UNKNOWN
2016-04-14T04:11:30.000000;2016-04-14T04:11:30.000000;bcacee7c-a83d-4b9f-9878-de8660163dd7;425.57;0.01;UNKNOWN
2016-04-14T04:13:48.000000;2016-04-14T04:13:48.000000;e79fc7cb-33e8-4917-899c-a3cfc62ce09d;425.51;0.77004067;UNKNOWN
2016-04-14T04:13:48.000000;2016-04-14T04:13:48.000000;0a28889b-d18c-443a-843c-f36f1cbcf319;425.54;0.07095933;UNKNOWN
2016-04-14T04:18:25.000000;2016-04-14T04:18:25.000000;4d6faac3-9c95-4778-9b6b-bf87881e836b;425.51;0.42338461;UNKNOWN
2016-04-14T04:18:26.000000;2016-04-14T04:18:26.000000;3ce2f8f7-b528-4d79-b67d-abd27db94f39;425.51;0.42329167;UNKNOWN
2016-04-14T04:18:27.000000;2016-04-14T04:18:27.000000;5ec3cb5a-291f-4ce8-8a0f-472e64538d06;425.51;0.42329167;UNKNOWN
2016-04-14T04:19:07.000000;2016-04-14T04:19:07.000000;8393fff6-fbdc-43bd-a083-05954e032d68;425.52;0.91164923;UNKNOWN
2016-04-14T04:20:31.000000;2016-04-14T04:20:31.000000;d2a3eadd-e185-4b92-a520-b414033e119d;425.51;0.07073153;UNKNOWN
2016-04-14T04:30:54.000000;2016-04-14T04:30:54.000000;3df7965b-5227-42f9-a8d6-2e2d41d4ee1d;425.52;1.37227861;UNKNOWN
2016-04-14T04:36:31.000000;2016-04-14T04:36:31.000000;cd5e542c-bccb-441f-99e5-487000c36840;425.51;1.173;UNKNOWN
2016-04-14T04:42:21.000000;2016-04-14T04:42:21.000000;c0fbe287-73f0-4d85-ae61-352f73feb025;425.51;0.2202;UNKNOWN
2016-04-14T04:50:05.000000;2016-04-14T04:50:05.000000;1b001e7c-84a0-4ed4-af2f-34150db96cdc;425.51;0.1;UNKNOWN
2016-04-14T04:52:15.000000;2016-04-14T04:52:15.000000;d1af47bc-e0ff-449d-9cd6-324a518754b6;425.51;21.38605985;UNKNOWN
2016-04-14T04:55:44.000000;2016-04-14T04:55:44.000000;9348d519-c77c-4c12-a209-fe2f89218183;425.5;5.0;UNKNOWN
2016-04-14T04:55:44.000000;2016-04-14T04:55:44.000000;55319d48-caee-4a95-9e03-d818d3784867;425.5;10.0;UNKNOWN
2016-04-14T04:56:06.000000;2016-04-14T04:56:06.000000;c4922131-b0ae-45b7-a9a7-2f34711f6f2f;425.37;1.0;UNKNOWN
2016-04-14T04:58:04.000000;2016-04-14T04:58:04.000000;86614296-f268-47e6-8f78-5094028f1c9c;425.15;0.026504;UNKNOWN
2016-04-14T04:58:04.000000;2016-04-14T04:58:04.000000;f7f5ad19-2358-4be6-826e-b139eaf20047;425.02;1.973496;UNKNOWN
2016-04-14T05:00:36.000000;2016-04-14T05:00:36.000000;a40da87a-4bcb-4c69-ad00-6ba31f69efed;425.02;7.5;UNKNOWN
2016-04-14T05:02:04.000000;2016-04-14T05:02:04.000000;abb6e14d-cd55-4921-82d9-a0560a07b421;425.02;0.15746689;UNKNOWN
2016-04-14T05:02:42.000000;2016-04-14T05:02:42.000000;8580f396-2982-4c45-b76b-cd2e67b57599;425.06;1.0;UNKNOWN
2016-04-14T05:03:04.000000;2016-04-14T05:03:04.000000;9672bf6c-4ec4-4128-829a-c6cacf1da353;425.02;1.06235162;UNKNOWN
2016-04-14T05:05:03.000000;2016-04-14T05:05:03.000000;d501f408-17de-48a0-aba4-7793480c3697;425.02;0.1016;UNKNOWN
2016-04-14T05:06:03.000000;2016-04-14T05:06:03.000000;0f605069-eea5-43dc-a251-c877b5a60436;425.05;0.07080348;UNKNOWN
2016-04-14T05:06:05.000000;2016-04-14T05:06:05.000000;092a9201-bae1-4080-bd1e-7b6ccbfcb5fa;425.05;0.01485201;UNKNOWN
2016-04-14T05:09:27.000000;2016-04-14T05:09:27.000000;03bf42b7-05db-4fdb-821b-558cf19b79e8;425.02;0.06282365;UNKNOWN
2016-04-14T05:11:59.000000;2016-04-14T05:11:59.000000;21d778bf-7b4f-49aa-9187-413ae0c79f70;425.02;0.05186599;UNKNOWN
2016-04-14T05:13:26.000000;2016-04-14T05:13:26.000000;863dd686-813f-433b-a89b-3cec70c62f9b;425.02;0.16295268;UNKNOWN
2016-04-14T05:13:28.000000;2016-04-14T05:13:28.000000;c03de2f6-2427-419c-bb85-d41514aad230;425.02;0.5;UNKNOWN
2016-04-14T05:13:35.000000;2016-04-14T05:13:35.000000;bd15fa66-fb27-44f5-b53a-1bbff51dd83a;425.02;0.48351657;UNKNOWN
2016-04-14T05:14:58.000000;2016-04-14T05:14:58.000000;b6e187cf-d7c2-4eda-ade6-e438dd1c0d2e;425.0;49.99;UNKNOWN
2016-04-14T05:14:58.000000;2016-04-14T05:14:58.000000;588fffe6-0be8-4ac6-9430-f2e447113b67;424.52;12.0;UNKNOWN
2016-04-14T05:14:58.000000;2016-04-14T05:14:58.000000;340533cc-611a-422a-a4a5-2014a76c72ca;424.66;4.5758737;UNKNOWN
2016-04-14T05:14:58.000000;2016-04-14T05:14:58.000000;b97c556c-d352-44c1-b0dd-ae340ba0b01a;424.71;0.26;UNKNOWN
2016-04-14T05:14:58.000000;2016-04-14T05:14:58.000000;a8ef60c1-f5f0-41ea-812a-e70e9270431a;425.02;27.9439266;UNKNOWN
2016-04-14T05:14:58.000000;2016-04-14T05:14:58.000000;63e0ff1c-288a-492e-a719-9dd03e48a4eb;425.01;24.99;UNKNOWN
2016-04-14T05:14:58.000000;2016-04-14T05:14:58.000000;9454d3bf-dcdd-4885-9a37-94dc7d1b5096;424.52;4.5758737;UNKNOWN
2016-04-14T05:14:58.000000;2016-04-14T05:14:58.000000;51e8013b-ab72-48fd-a8bf-db0e26a51064;424.52;12.0;UNKNOWN
2016-04-14T05:14:58.000000;2016-04-14T05:14:58.000000;e0165bee-b98d-420e-adf1-5e703de26b76;424.62;4.5758737;UNKNOWN
2016-04-14T05:14:58.000000;2016-04-14T05:14:58.000000;7dadc0ee-3f03-439d-b62f-15af2c94fc9a;424.52;12.0;UNKNOWN
2016-04-14T05:14:58.000000;2016-04-14T05:14:58.000000;2f27aff0-a5e3-4abe-9498-91569bd2dd14;424.52;12.0;UNKNOWN
2016-04-14T05:14:58.000000;2016-04-14T05:14:58.000000;e3835c63-42f1-413d-839b-8f40bc8dd41e;424.9;0.019058;UNKNOWN
2016-04-14T05:14:58.000000;2016-04-14T05:14:58.000000;a0092539-9501-47bf-a44c-27ccd1547a61;424.71;4.5758737;UNKNOWN
2016-04-14T05:14:58.000000;2016-04-14T05:14:58.000000;8e1587d4-9702-4306-ab30-c8c58bc2974d;424.76;4.5758737;UNKNOWN
2016-04-14T05:14:58.000000;2016-04-14T05:14:58.000000;050e3157-205f-45dd-a8a2-f0ce4d00b095;424.8;0.09;UNKNOWN
2016-04-14T05:14:58.000000;2016-04-14T05:14:58.000000;8b163298-aa5e-4ba6-967d-86c2cddab55c;424.51;13.4755349;UNKNOWN
2016-04-14T05:14:58.000000;2016-04-14T05:14:58.000000;d4e0777c-5bd7-4fce-ada7-9a0a698c6fa1;424.6;0.040112;UNKNOWN
2016-04-14T05:14:58.000000;2016-04-14T05:14:58.000000;831404bc-eaff-48f1-b3bb-db70aac2fb95;424.52;12.0;UNKNOWN
2016-04-14T05:15:07.000000;2016-04-14T05:15:07.000000;efa3cb6f-2cf1-43c7-b2ef-4cb0d20a2849;424.52;0.04;UNKNOWN
2016-04-14T05:15:33.000000;2016-04-14T05:15:33.000000;30a35db6-650e-4575-83e5-83134361dba0;424.53;0.28;UNKNOWN
2016-04-14T05:15:55.000000;2016-04-14T05:15:55.000000;346563da-abc3-4b03-8128-11232bb0745c;424.52;0.039365;UNKNOWN
2016-04-14T05:16:15.000000;2016-04-14T05:16:15.000000;edb6cd07-34a9-4bb1-a63f-27d1f5931fc3;424.52;0.23;UNKNOWN
2016-04-14T05:18:26.000000;2016-04-14T05:18:26.000000;2c6acc00-e318-4bd1-a53f-809691ed8859;424.51;0.42474436;UNKNOWN
2016-04-14T05:18:27.000000;2016-04-14T05:18:27.000000;50ebef28-52fd-4239-b1f2-edb502de12f8;424.51;0.23535419;UNKNOWN
2016-04-14T05:18:27.000000;2016-04-14T05:18:27.000000;2f8e1aec-5206-41dd-9ba6-766a7620b2cc;424.51;0.42470327;UNKNOWN
2016-04-14T05:18:28.000000;2016-04-14T05:18:28.000000;8113e0c8-8949-4495-a741-af6b054c9a3b;424.51;0.42479573;UNKNOWN
2016-04-14T05:18:28.000000;2016-04-14T05:18:28.000000;9e01b728-aae2-4051-a1f5-9347f8fbeda5;424.51;0.18664223;UNKNOWN
2016-04-14T05:18:44.000000;2016-04-14T05:18:44.000000;b92bf432-ed3d-4383-b353-229889860f50;424.51;0.04835374;UNKNOWN
2016-04-14T05:18:54.000000;2016-04-14T05:18:54.000000;26a936fd-4230-4809-ade7-75678a5549f4;424.52;1.03392587;UNKNOWN
2016-04-14T05:21:18.000000;2016-04-14T05:21:18.000000;39958bbe-c4e1-4f88-b6d7-331b9fae9da4;424.52;1.0;UNKNOWN
2016-04-14T05:23:38.000000;2016-04-14T05:23:38.000000;9bd4ff69-7f95-4b26-a712-90d68767f03f;424.52;1.0;UNKNOWN
2016-04-14T05:30:12.000000;2016-04-14T05:30:12.000000;a6474396-20c2-4ef7-a998-0131d54563c4;424.51;0.01;UNKNOWN
2016-04-14T05:31:29.000000;2016-04-14T05:31:29.000000;b24ff946-9e84-4f6f-9ea7-f32e8fb9366a;424.52;0.1;UNKNOWN
2016-04-14T05:31:32.000000;2016-04-14T05:31:32.000000;fe2e6577-885d-4c75-ac92-9bb9680a5cbf;424.51;0.7;UNKNOWN
2016-04-14T05:34:04.000000;2016-04-14T05:34:04.000000;0a80a3e3-281c-413c-b3c0-1f3f440fd85a;424.51;0.29690104;UNKNOWN
2016-04-14T05:38:03.000000;2016-04-14T05:38:03.000000;67da4e1f-c9b0-40a0-987c-784cac870932;424.52;0.04961186;UNKNOWN
2016-04-14T05:39:49.000000;2016-04-14T05:39:49.000000;2bed38ee-8068-408d-9526-aa75af5ec2b8;424.51;0.1;UNKNOWN
2016-04-14T05:42:39.000000;2016-04-14T05:42:39.000000;a22c1029-3afb-463e-8668-b329f680c2f2;424.52;1.48569285;UNKNOWN
2016-04-14T05:42:39.000000;2016-04-14T05:42:39.000000;e3a1f462-02ad-4952-8f21-50cfa590bc52;424.52;0.11430715;UNKNOWN
2016-04-14T05:44:32.000000;2016-04-14T05:44:32.000000;20587287-424c-4c4f-a189-804f6a9fcb90;424.51;0.04658966;UNKNOWN
2016-04-14T05:45:32.000000;2016-04-14T05:45:32.000000;cf723023-26d0-4d74-b425-cf34555f5c51;424.52;1.0;UNKNOWN
2016-04-14T05:46:36.000000;2016-04-14T05:46:36.000000;df6f6eb7-ea19-49c4-8477-e20f4174f752;424.51;0.0802946;UNKNOWN
2016-04-14T05:46:39.000000;2016-04-14T05:46:39.000000;ead45c7a-1c69-47c8-835f-0c22e8506a45;424.51;0.03353563;UNKNOWN
2016-04-14T05:46:45.000000;2016-04-14T05:46:45.000000;512ce63c-47ff-410f-a97d-bbb9114504f1;424.51;0.0472149;UNKNOWN
2016-04-14T05:46:46.000000;2016-04-14T05:46:46.000000;f5858216-f1e2-4b18-a616-60f767cdd2dd;424.51;0.0472149;UNKNOWN
2016-04-14T05:47:12.000000;2016-04-14T05:47:12.000000;600df62b-b2d6-4c04-a6d4-e8f19be86c77;424.52;2.92530715;UNKNOWN
2016-04-14T05:47:12.000000;2016-04-14T05:47:12.000000;31e8c989-7e98-45a0-99d7-6a14745301e7;424.52;0.07469285;UNKNOWN
2016-04-14T05:47:16.000000;2016-04-14T05:47:16.000000;bb86d3e3-4e0a-4d62-b23a-8af66e0d26c4;424.51;0.10534846;UNKNOWN
2016-04-14T05:47:27.000000;2016-04-14T05:47:27.000000;895542e9-40b6-4fd9-b946-6a51b59f8f02;424.51;0.19805263;UNKNOWN
2016-04-14T05:51:12.000000;2016-04-14T05:51:12.000000;5501a37f-a9f6-4813-a9c4-16e99d59a327;424.51;0.936;UNKNOWN
2016-04-14T05:56:28.000000;2016-04-14T05:56:28.000000;b3a41314-c686-4b5b-9a5e-62741a46788f;424.52;0.063523;UNKNOWN
2016-04-14T05:59:01.000000;2016-04-14T05:59:01.000000;abfbeb24-df6e-4455-94d3-3fd58077b19e;424.51;0.1;UNKNOWN
2016-04-14T05:59:01.000000;2016-04-14T05:59:01.000000;4368b40c-b7b8-4d4f-8a92-689cda9c1a37;424.51;0.00800955;UNKNOWN
2016-04-14T05:59:01.000000;2016-04-14T05:59:01.000000;0bd9b6ff-3716-4058-bdf4-627156984991;424.51;5.59199045;UNKNOWN
2016-04-14T05:59:01.000000;2016-04-14T05:59:01.000000;55604792-efa2-412a-b9fb-9fe5317b31c2;424.51;0.1;UNKNOWN
2016-04-14T06:01:50.000000;2016-04-14T06:01:50.000000;f79cc75c-49ee-4660-b167-98134eb1646f;424.52;0.063715;UNKNOWN
2016-04-14T06:02:03.000000;2016-04-14T06:02:03.000000;74ae01f0-7aca-468b-84f3-50cb97b1d2b1;424.51;0.15166003;UNKNOWN
2016-04-14T06:02:31.000000;2016-04-14T06:02:31.000000;2cf486f9-97b4-49a3-8f70-f13bdab33e5f;424.51;0.02329044;UNKNOWN
2016-04-14T06:07:16.000000;2016-04-14T06:07:16.000000;0280ebb8-4574-44ab-a808-ecd77bb6ad09;424.52;0.063715;UNKNOWN
2016-04-14T06:08:09.000000;2016-04-14T06:08:09.000000;8c5b5838-8f7e-4b30-87d3-c4e008852d44;424.52;0.2;UNKNOWN
2016-04-14T06:09:21.000000;2016-04-14T06:09:21.000000;2fa4affd-c9d1-4190-8610-2f44fa1be2e4;424.52;6.0;UNKNOWN
2016-04-14T06:10:05.000000;2016-04-14T06:10:05.000000;014e77fb-bf7f-4063-9791-3ae475ba4b7f;424.52;0.49619607;UNKNOWN
2016-04-14T06:10:46.000000;2016-04-14T06:10:46.000000;00ed0ed1-0c3e-4bc8-931a-11bff41a7150;424.51;0.46587471;UNKNOWN
2016-04-14T06:12:04.000000;2016-04-14T06:12:04.000000;fb52024b-84c3-4a13-aba9-b553bf149705;424.51;4.0;UNKNOWN
2016-04-14T06:12:35.000000;2016-04-14T06:12:35.000000;86c90a80-1ee9-4f16-96f8-e6bbcc86324e;424.52;0.063715;UNKNOWN
2016-04-14T06:13:26.000000;2016-04-14T06:13:26.000000;bd2459c7-8ce3-4ebc-95bc-67cc8755f0e4;424.51;0.34940603;UNKNOWN
2016-04-14T06:15:31.000000;2016-04-14T06:15:31.000000;af1de9a4-3ded-4eb4-8371-cf6fbc139ed5;424.51;0.07262151;UNKNOWN
2016-04-14T06:15:34.000000;2016-04-14T06:15:34.000000;13a7412d-6712-4eea-96af-8b342be3b5a7;424.51;0.07262151;UNKNOWN
2016-04-14T06:15:37.000000;2016-04-14T06:15:37.000000;9daae5b0-1a1c-4e1a-88f3-aea0f51e0480;424.51;0.07262151;UNKNOWN
2016-04-14T06:15:39.000000;2016-04-14T06:15:39.000000;34a03bd4-692c-498b-8acb-d19075082bd4;424.51;0.07262151;UNKNOWN
2016-04-14T06:15:42.000000;2016-04-14T06:15:42.000000;65921c60-7645-431f-b653-23dbdb7da842;424.51;0.0716996;UNKNOWN
2016-04-14T06:15:44.000000;2016-04-14T06:15:44.000000;9c6751fb-ae93-4598-aa7a-b937583678a8;424.51;0.07262151;UNKNOWN
2016-04-14T06:15:47.000000;2016-04-14T06:15:47.000000;aff89525-d69a-40ba-9635-28369127503e;424.51;0.07262151;UNKNOWN
2016-04-14T06:15:50.000000;2016-04-14T06:15:50.000000;dbabefaa-57cd-4831-b106-17b5e1cbebf8;424.51;0.07262151;UNKNOWN
2016-04-14T06:15:52.000000;2016-04-14T06:15:52.000000;abb83a65-437f-4994-a9de-468c2f0b5d8b;424.51;0.07262151;UNKNOWN
2016-04-14T06:15:55.000000;2016-04-14T06:15:55.000000;b15dcb87-2079-4649-8f9c-2c9674736d79;424.51;0.07262151;UNKNOWN
2016-04-14T06:15:57.000000;2016-04-14T06:15:57.000000;635bff17-3bd0-4ed5-a21b-a11e3f1cdf1e;424.51;0.07262151;UNKNOWN
2016-04-14T06:15:59.000000;2016-04-14T06:15:59.000000;fea86f9c-4568-41e1-9fd9-aa8e16a655d7;424.51;0.07262151;UNKNOWN
2016-04-14T06:16:01.000000;2016-04-14T06:16:01.000000;298eaeb9-09e4-48c6-8fe0-a61f8c33ee1b;424.51;0.07262151;UNKNOWN
2016-04-14T06:16:04.000000;2016-04-14T06:16:04.000000;0f0eb894-d373-4d3f-b732-e9a0f10e3770;424.51;0.07262151;UNKNOWN
2016-04-14T06:17:22.000000;2016-04-14T06:17:22.000000;9b38feba-1cc9-4e28-810d-a861e08b715e;424.51;0.4262842;UNKNOWN
2016-04-14T06:17:23.000000;2016-04-14T06:17:23.000000;e8da9714-8c6a-44db-a67f-acd208f8ed65;424.51;0.09520114;UNKNOWN
2016-04-14T06:17:23.000000;2016-04-14T06:17:23.000000;f0f37aa2-5bca-4312-a639-a589f413a212;424.51;0.09537284;UNKNOWN
2016-04-14T06:17:24.000000;2016-04-14T06:17:24.000000;c88bab0b-b3d9-4048-9f76-eb8edd716db9;424.51;0.42705304;UNKNOWN
2016-04-14T06:17:26.000000;2016-04-14T06:17:26.000000;363f681a-18b3-46c3-a504-6c0c2a8418fa;424.51;0.09537284;UNKNOWN
2016-04-14T06:17:26.000000;2016-04-14T06:17:26.000000;586efa5b-64de-4ab3-b703-fa083cabb0b3;424.51;0.09520114;UNKNOWN
2016-04-14T06:18:22.000000;2016-04-14T06:18:22.000000;46ab98f8-492e-4bd5-bcbd-e738f3ae15ad;424.52;0.063715;UNKNOWN
2016-04-14T06:19:40.000000;2016-04-14T06:19:40.000000;f72d6711-6ba6-4bdd-bbbe-b02f7df3e830;424.32;8.56282345;UNKNOWN
2016-04-14T06:19:40.000000;2016-04-14T06:19:40.000000;5d515b21-c0e5-4555-8ec8-882083576e7b;424.32;18.0;UNKNOWN
2016-04-14T06:19:40.000000;2016-04-14T06:19:40.000000;8f3d1fc6-a1a0-4ec9-9322-2311f1521ead;424.5;0.1;UNKNOWN
2016-04-14T06:19:40.000000;2016-04-14T06:19:40.000000;542734f0-3f80-49aa-8892-6e6e319c7f36;424.49;1.0;UNKNOWN
2016-04-14T06:19:40.000000;2016-04-14T06:19:40.000000;6786ea14-4f39-4e07-a932-6ccc08571f81;424.51;36.84390463;UNKNOWN
2016-04-14T06:19:55.000000;2016-04-14T06:19:55.000000;47970d91-0c5b-49e9-97e9-0fbbdf859f28;424.48;0.01;UNKNOWN
2016-04-14T06:21:24.000000;2016-04-14T06:21:24.000000;713f0f62-add5-4ff3-8415-22ec62c9d740;424.36;0.97442373;UNKNOWN
2016-04-14T06:24:20.000000;2016-04-14T06:24:20.000000;a4b4eee7-3ea4-4a1d-a5b1-f35fe1dadda5;424.32;3.99;UNKNOWN
2016-04-14T06:24:20.000000;2016-04-14T06:24:20.000000;ad87a439-5362-4db7-a920-7cff95efcab0;424.35;0.01;UNKNOWN
2016-04-14T06:31:28.000000;2016-04-14T06:31:28.000000;f55e580f-1c67-4750-9c0a-86748b4bcad8;424.32;0.19286403;UNKNOWN
2016-04-14T06:37:51.000000;2016-04-14T06:37:51.000000;b3d2359d-01e7-43f4-bb8c-661e934c2c35;424.32;0.21216273;UNKNOWN
2016-04-14T06:42:03.000000;2016-04-14T06:42:03.000000;266c94f5-7f7d-4488-a394-da93186aa9f0;424.36;0.07084692;UNKNOWN
2016-04-14T06:42:05.000000;2016-04-14T06:42:05.000000;6e250979-f1fd-4d4d-8ef4-8138942de5cd;424.36;1.41615479;UNKNOWN
2016-04-14T06:42:40.000000;2016-04-14T06:42:40.000000;3978ad32-5a93-49ac-bac2-b4ba8681a4f1;424.36;1.0;UNKNOWN
2016-04-14T06:46:18.000000;2016-04-14T06:46:18.000000;06a56686-8a64-45bb-bacc-dfa57d8897e5;424.34;0.01;UNKNOWN
2016-04-14T06:46:44.000000;2016-04-14T06:46:44.000000;51ac7840-a98f-4cc5-997a-9a59a70225a7;424.34;0.43784778;UNKNOWN
2016-04-14T06:46:44.000000;2016-04-14T06:46:44.000000;16c60012-eefc-4b8e-9d64-48d868c53143;424.34;0.27645927;UNKNOWN
2016-04-14T06:47:27.000000;2016-04-14T06:47:27.000000;abb501b2-beea-46ad-9630-2c2c45ee64a6;424.34;0.246855;UNKNOWN
2016-04-14T06:48:42.000000;2016-04-14T06:48:42.000000;f6de433c-41f1-4340-9955-4b07a991696c;424.34;0.19893914;UNKNOWN
2016-04-14T06:50:15.000000;2016-04-14T06:50:15.000000;15b96ca5-3e65-43b6-b863-6326b8c6fdfa;424.34;0.08103382;UNKNOWN
2016-04-14T06:51:13.000000;2016-04-14T06:51:13.000000;65493d3c-34bc-467e-8e3e-5a14b6a61c44;424.34;1.996;UNKNOWN
2016-04-14T06:51:48.000000;2016-04-14T06:51:48.000000;0f7e24c6-0c2c-4491-ba0c-51e9e1ee90ec;424.36;0.5;UNKNOWN
2016-04-14T06:51:53.000000;2016-04-14T06:51:53.000000;2da72f0a-79ee-49e2-97c4-cd8f60ff2290;424.36;0.5;UNKNOWN
2016-04-14T06:52:15.000000;2016-04-14T06:52:15.000000;e1001994-d43d-4e9c-8a3f-244102d872e4;424.36;0.5;UNKNOWN
2016-04-14T06:52:55.000000;2016-04-14T06:52:55.000000;5ecc0d14-a47e-4510-a74d-82ee00b0a72e;424.36;0.31950706;UNKNOWN
2016-04-14T06:53:01.000000;2016-04-14T06:53:01.000000;574bc41a-956b-47be-8241-8701775b2614;424.35;0.5;UNKNOWN
2016-04-14T06:53:01.000000;2016-04-14T06:53:01.000000;7cf1ba0d-45a7-415f-b74b-4ac1c91b05bb;424.35;0.095;UNKNOWN
2016-04-14T06:53:24.000000;2016-04-14T06:53:24.000000;392abb38-ac80-4dd6-8d76-f7a06ca745c2;424.36;0.3;UNKNOWN
2016-04-14T06:54:03.000000;2016-04-14T06:54:03.000000;9abcf5df-d0a3-42b9-9959-1f88321b8edc;424.35;0.35089993;UNKNOWN
2016-04-14T06:56:42.000000;2016-04-14T06:56:42.000000;f938fefb-62c6-439b-832b-6340e536b7fd;424.35;0.23642205;UNKNOWN
2016-04-14T06:56:42.000000;2016-04-14T06:56:42.000000;1e05077e-7cd1-4f83-92a2-063d75e118ef;424.36;0.23589645;UNKNOWN
2016-04-14T06:57:04.000000;2016-04-14T06:57:04.000000;e2771142-f989-4bd9-a08d-5d1594b49490;424.35;0.154;UNKNOWN
2016-04-14T06:58:03.000000;2016-04-14T06:58:03.000000;1aafbfe1-b50e-4f3f-8a47-b4456acb023e;424.35;0.28392015;UNKNOWN
2016-04-14T06:58:04.000000;2016-04-14T06:58:04.000000;6670d7fd-c9d0-481f-a373-02b6124d1fdd;424.36;0.35398556;UNKNOWN
2016-04-14T06:59:29.000000;2016-04-14T06:59:29.000000;ddd1506d-1171-4667-8112-872621d52e7d;424.36;0.21;UNKNOWN
2016-04-14T07:02:01.000000;2016-04-14T07:02:01.000000;2ead4b1e-048a-4223-aaa6-f069fb522d59;424.35;0.06366199;UNKNOWN
2016-04-14T07:02:25.000000;2016-04-14T07:02:25.000000;9e5e0405-b902-4fcf-92e5-25ee77bc91a0;424.36;0.4388757;UNKNOWN
2016-04-14T07:02:26.000000;2016-04-14T07:02:26.000000;94188aca-2ae0-434d-bfde-c7cb66706212;424.36;0.02813528;UNKNOWN
2016-04-14T07:04:12.000000;2016-04-14T07:04:12.000000;a194d38f-0b4c-48e5-a6f6-5a6d2d1c0bf8;424.35;0.01;UNKNOWN
2016-04-14T07:04:13.000000;2016-04-14T07:04:13.000000;57c7b7fb-7040-4fc0-88ed-f62876408556;424.35;0.01;UNKNOWN
2016-04-14T07:04:21.000000;2016-04-14T07:04:21.000000;2d6c6399-e75d-41a9-9c97-0228e19437b5;424.35;0.01;UNKNOWN
2016-04-14T07:04:23.000000;2016-04-14T07:04:23.000000;e2418863-ca84-47bc-ac63-da555cd89e6f;424.35;0.01;UNKNOWN
2016-04-14T07:06:19.000000;2016-04-14T07:06:19.000000;98e9bd8b-59a6-473c-b403-f214fad4bbf7;424.34;0.43003952;UNKNOWN
2016-04-14T07:06:19.000000;2016-04-14T07:06:19.000000;1688030d-10dc-4627-ae50-061933493da0;424.36;0.43939015;UNKNOWN
2016-04-14T07:06:19.000000;2016-04-14T07:06:19.000000;ae6df292-4b58-4ac0-a2a3-107458e984ef;424.36;0.28580974;UNKNOWN
2016-04-14T07:06:23.000000;2016-04-14T07:06:23.000000;5fdc2a17-7e17-406c-9a34-b309b42eb91f;424.36;0.28580974;UNKNOWN
2016-04-14T07:06:23.000000;2016-04-14T07:06:23.000000;0250cb19-493f-4e6e-a81b-0f199ba2720b;424.36;0.43943645;UNKNOWN
2016-04-14T07:06:42.000000;2016-04-14T07:06:42.000000;f603847d-d4ef-4d6c-9ef6-9b98ea18f99f;424.36;0.09230892;UNKNOWN
2016-04-14T07:06:42.000000;2016-04-14T07:06:42.000000;8f029c40-ddf9-4543-9713-50b031e24fd2;424.36;0.17276145;UNKNOWN
2016-04-14T07:07:44.000000;2016-04-14T07:07:44.000000;e5e4a24f-da51-40d8-9ae9-11b0e611f7a8;424.3;1.45462474;UNKNOWN
2016-04-14T07:07:44.000000;2016-04-14T07:07:44.000000;56f1c4b8-9cbc-407b-9276-5ce856685fe4;424.32;5.04214979;UNKNOWN
2016-04-14T07:07:44.000000;2016-04-14T07:07:44.000000;a54bd4ec-cef2-4d01-88e0-2fa31338368d;424.34;8.49282547;UNKNOWN
2016-04-14T07:07:44.000000;2016-04-14T07:07:44.000000;e552f300-4988-474e-8b51-cee005fafb54;424.32;0.0104;UNKNOWN
2016-04-14T07:08:11.000000;2016-04-14T07:08:11.000000;4dee33ba-60bc-4769-8c35-e3638f6878f4;424.34;0.2;UNKNOWN
2016-04-14T07:09:08.000000;2016-04-14T07:09:08.000000;5ca1a883-dcdc-45ad-9dce-d012698be5b8;424.3;1.27637765;UNKNOWN
2016-04-14T07:10:53.000000;2016-04-14T07:10:53.000000;806081d4-f131-4b68-93cf-8a5952b2be58;424.3;0.43008006;UNKNOWN
2016-04-14T07:11:12.000000;2016-04-14T07:11:12.000000;6f59b3df-6ef9-41e5-ae7c-9d9df0e74318;424.3;0.47590175;UNKNOWN
2016-04-14T07:14:59.000000;2016-04-14T07:14:59.000000;6039fc72-cc39-45b7-b327-4afb14af370f;424.3;1.43576319;UNKNOWN
2016-04-14T07:16:04.000000;2016-04-14T07:16:04.000000;ac1822ea-89ca-4395-aa93-3db4316841c1;424.34;0.1;UNKNOWN
2016-04-14T07:18:31.000000;2016-04-14T07:18:31.000000;58c77c37-9206-4850-998b-bf523c675f87;424.3;4.74198926;UNKNOWN
2016-04-14T07:20:15.000000;2016-04-14T07:20:15.000000;bc70f29d-f697-45e2-b565-b96e8a4a20bf;424.3;10.0;UNKNOWN
2016-04-14T07:20:25.000000;2016-04-14T07:20:25.000000;1f492dc2-363e-498e-9dca-567ba05f424b;424.31;0.12;UNKNOWN
2016-04-14T07:21:25.000000;2016-04-14T07:21:25.000000;6bea3015-a72a-4935-85ce-5a370b33445b;424.32;1.73;UNKNOWN
2016-04-14T07:22:18.000000;2016-04-14T07:22:18.000000;bb864255-c83c-493a-a4e8-ea77c1f10182;424.32;0.7;UNKNOWN
2016-04-14T07:23:27.000000;2016-04-14T07:23:27.000000;210f7de4-3dae-4d61-a341-fea2eff5ea3b;424.33;0.43882095;UNKNOWN
2016-04-14T07:23:27.000000;2016-04-14T07:23:27.000000;0112d888-9168-4279-8608-b6c50b4448d3;424.33;0.02403004;UNKNOWN
2016-04-14T07:25:15.000000;2016-04-14T07:25:15.000000;49d48e0d-ee5f-49c0-9f91-3c5f0495029d;424.33;0.43004965;UNKNOWN
2016-04-14T07:26:03.000000;2016-04-14T07:26:03.000000;491f2dcf-7ef8-4ce3-9523-13749e13860c;424.33;1.0;UNKNOWN
2016-04-14T07:26:43.000000;2016-04-14T07:26:43.000000;af2d05ef-a2e5-4e4a-ad3c-da12f5731e13;424.33;0.14787512;UNKNOWN
2016-04-14T07:26:45.000000;2016-04-14T07:26:45.000000;59ee2c84-106a-4e3f-92c9-cbeacc8856b9;424.33;0.27663772;UNKNOWN
2016-04-14T07:26:45.000000;2016-04-14T07:26:45.000000;4f0a4ef9-445e-4ef1-a4ac-428c25de3db5;424.33;0.15568015;UNKNOWN
2016-04-14T07:28:47.000000;2016-04-14T07:28:47.000000;49e57033-8731-47eb-83d7-23962dcc98cf;424.33;0.13670852;UNKNOWN
2016-04-14T07:28:48.000000;2016-04-14T07:28:48.000000;acdc7c3e-6c8c-455b-8658-7a9c7216e5ef;424.33;0.02454839;UNKNOWN
2016-04-14T07:28:49.000000;2016-04-14T07:28:49.000000;312d63b7-3f64-4f6a-8c51-3171baefbb3f;424.33;0.13695509;UNKNOWN
2016-04-14T07:28:49.000000;2016-04-14T07:28:49.000000;b4ef3067-bd02-4f25-b2ae-4a698b57332f;424.33;0.0667058;UNKNOWN
2016-04-14T07:28:49.000000;2016-04-14T07:28:49.000000;48746c79-d6aa-4e5a-8df8-a21a9818bc71;424.33;0.06565123;UNKNOWN
2016-04-14T07:28:50.000000;2016-04-14T07:28:50.000000;ca55955d-8bf2-49d8-af28-ebd17831a7af;424.33;0.10947318;UNKNOWN
2016-04-14T07:28:52.000000;2016-04-14T07:28:52.000000;71a1cf60-fdff-4ce4-b50a-9bf75ae6aaee;424.33;0.06553304;UNKNOWN
2016-04-14T07:29:03.000000;2016-04-14T07:29:03.000000;fa2ed9dc-5dea-4c9d-bb76-39a3c1d421c9;424.34;0.87218876;UNKNOWN
2016-04-14T07:30:11.000000;2016-04-14T07:30:11.000000;27abf5af-0dbc-4bb2-9f8c-2ef13042d3fa;424.33;0.06338275;UNKNOWN
2016-04-14T07:30:14.000000;2016-04-14T07:30:14.000000;e271f211-2e21-4c49-a04f-ff42881a2f4f;424.33;0.06344021;UNKNOWN
2016-04-14T07:30:33.000000;2016-04-14T07:30:33.000000;16186b9d-5695-44a8-a0f1-c2e0ce41f9b3;424.33;0.05471103;UNKNOWN
2016-04-14T07:30:35.000000;2016-04-14T07:30:35.000000;a57ec4b3-c5be-4e57-bd75-b079b08ffd28;424.33;0.05471103;UNKNOWN
2016-04-14T07:30:38.000000;2016-04-14T07:30:38.000000;f0f51ffa-fd78-4ad1-a780-b86b2577b021;424.33;0.05471103;UNKNOWN
2016-04-14T07:30:40.000000;2016-04-14T07:30:40.000000;f781cf23-adac-49fe-bafa-070b49a1a2ea;424.33;0.0394309;UNKNOWN
2016-04-14T07:31:35.000000;2016-04-14T07:31:35.000000;1e87ee1c-17c8-4d35-9b33-a29d90b9510a;424.3;0.045957;UNKNOWN
2016-04-14T07:31:35.000000;2016-04-14T07:31:35.000000;33000738-b750-4d3d-af5e-c464f178d195;424.3;0.045957;UNKNOWN
2016-04-14T07:32:04.000000;2016-04-14T07:32:04.000000;fc51b1e3-cc38-4337-8488-b86b464ae4dc;424.34;0.35424069;UNKNOWN
2016-04-14T07:32:23.000000;2016-04-14T07:32:23.000000;b145ebd9-1059-45d9-b6dd-f4b56f93901c;424.33;0.03971528;UNKNOWN
2016-04-14T07:32:24.000000;2016-04-14T07:32:24.000000;f9c590b5-2ebf-4d02-860f-df1e42cca797;424.33;0.04201551;UNKNOWN
2016-04-14T07:32:48.000000;2016-04-14T07:32:48.000000;c6a6542d-c091-4832-b5c0-27df780688c2;424.33;0.03909611;UNKNOWN
2016-04-14T07:32:49.000000;2016-04-14T07:32:49.000000;858db085-413c-438a-bd3a-295bd747eab2;424.33;0.08528821;UNKNOWN
2016-04-14T07:32:49.000000;2016-04-14T07:32:49.000000;8182248c-00e5-45de-83d6-edc676d826b8;424.33;0.01112455;UNKNOWN
2016-04-14T07:32:50.000000;2016-04-14T07:32:50.000000;4c8c221a-5277-4c16-a9ce-e2f32ad7e75e;424.33;0.02638783;UNKNOWN
2016-04-14T07:32:52.000000;2016-04-14T07:32:52.000000;123bf301-0f83-4dc9-9f58-80181ef6572b;424.33;0.03043703;UNKNOWN
2016-04-14T07:33:26.000000;2016-04-14T07:33:26.000000;2f33832b-cae0-46ce-bd3d-e9a0c2cfdc48;424.3;0.02480501;UNKNOWN
2016-04-14T07:33:31.000000;2016-04-14T07:33:31.000000;463a2269-2e8f-486b-ad21-6dd555abf1fb;424.3;0.02445606;UNKNOWN
2016-04-14T07:34:25.000000;2016-04-14T07:34:25.000000;b7274df3-55c1-45d6-a7ca-b7cd799c8a41;424.32;0.063649;UNKNOWN
2016-04-14T07:34:32.000000;2016-04-14T07:34:32.000000;0be831af-eba8-4163-b8d4-cdc77a527638;424.3;27.92715788;UNKNOWN
2016-04-14T07:34:32.000000;2016-04-14T07:34:32.000000;2d177130-ab1f-4d6d-af44-daff0d5d56ba;424.31;13.13649112;UNKNOWN
2016-04-14T07:34:32.000000;2016-04-14T07:34:32.000000;f81bca67-c0b6-48ab-8993-79bbea5fcc4e;424.32;4.936351;UNKNOWN
2016-04-14T07:35:21.000000;2016-04-14T07:35:21.000000;19ab933d-3f67-4473-8e23-97328a9466dc;424.32;0.08285391;UNKNOWN
2016-04-14T07:35:25.000000;2016-04-14T07:35:25.000000;5173847d-bee2-42c3-8be7-e9f56e06c66b;424.32;0.04591772;UNKNOWN
2016-04-14T07:35:44.000000;2016-04-14T07:35:44.000000;00ded539-a401-4aaf-ae82-4d62e51602fb;424.32;0.07135724;UNKNOWN
2016-04-14T07:35:46.000000;2016-04-14T07:35:46.000000;272ce586-db57-42a3-b2cb-658ca13d5b71;424.32;0.07135724;UNKNOWN
2016-04-14T07:36:05.000000;2016-04-14T07:36:05.000000;b9ca979c-b330-4f3a-8bfd-ffa48c69c2a0;424.32;0.06147571;UNKNOWN
2016-04-14T07:36:08.000000;2016-04-14T07:36:08.000000;bbcae154-1d62-469e-a4d4-0716cea2c928;424.32;0.06329957;UNKNOWN
2016-04-14T07:36:10.000000;2016-04-14T07:36:10.000000;660933f1-1c82-49c8-b049-7b6f637cbfed;424.32;0.06329957;UNKNOWN
2016-04-14T07:36:12.000000;2016-04-14T07:36:12.000000;a2a30542-4324-4378-894d-be93dbdb7442;424.32;0.06329957;UNKNOWN
2016-04-14T07:36:15.000000;2016-04-14T07:36:15.000000;cfd0454c-3fdc-46b6-a061-b2c5c11ee43c;424.32;0.06329957;UNKNOWN
2016-04-14T07:36:17.000000;2016-04-14T07:36:17.000000;0678a3da-7712-48fb-b813-c3d05c6497c3;424.32;0.06329957;UNKNOWN
2016-04-14T07:36:45.000000;2016-04-14T07:36:45.000000;d86f6c72-54af-4842-9c92-6e0fdfb38e9c;424.32;0.03773844;UNKNOWN
2016-04-14T07:36:45.000000;2016-04-14T07:36:45.000000;d133cf42-3a04-4e39-b58e-43ecd96da60d;424.32;0.04238999;UNKNOWN
2016-04-14T07:36:46.000000;2016-04-14T07:36:46.000000;deba481f-3c38-425f-ae49-c028c26e27e4;424.32;0.01423864;UNKNOWN
2016-04-14T07:36:47.000000;2016-04-14T07:36:47.000000;72e7773f-e697-4ccd-b9b6-715d7788bf61;424.32;0.01400893;UNKNOWN
2016-04-14T07:36:48.000000;2016-04-14T07:36:48.000000;2e614e6a-dcdf-4c3e-a066-64484f806add;424.32;0.02228962;UNKNOWN
2016-04-14T07:36:49.000000;2016-04-14T07:36:49.000000;852bd642-606e-4099-a056-f1b0fbf34201;424.32;0.01225825;UNKNOWN
2016-04-14T07:36:49.000000;2016-04-14T07:36:49.000000;e65f3b10-4609-4485-8bc0-e6562e25a2d9;424.32;0.01339264;UNKNOWN
2016-04-14T07:37:22.000000;2016-04-14T07:37:22.000000;51a627c6-9d9d-4d06-8d89-83126f0767e3;424.32;0.01370941;UNKNOWN
2016-04-14T07:37:23.000000;2016-04-14T07:37:23.000000;9eb4fcd4-00ff-42b3-91f0-6afb669b6369;424.32;0.01311092;UNKNOWN
2016-04-14T07:37:54.000000;2016-04-14T07:37:54.000000;578a9690-fb63-49cf-98b6-2f577fad0b45;424.32;0.01290037;UNKNOWN
2016-04-14T07:37:55.000000;2016-04-14T07:37:55.000000;5697646c-49aa-457d-a49a-ea623b7a8ff0;424.32;0.01212703;UNKNOWN
2016-04-14T07:38:45.000000;2016-04-14T07:38:45.000000;dcb1cfe7-9a27-48a4-8560-4a43d124b12c;424.32;0.01139803;UNKNOWN
2016-04-14T07:38:47.000000;2016-04-14T07:38:47.000000;d6582702-3ec2-40eb-809f-fbb486faf499;424.32;0.01336014;UNKNOWN
2016-04-14T07:38:49.000000;2016-04-14T07:38:49.000000;554e76b5-fec0-4038-8674-d79ed8a3408d;424.32;0.01401841;UNKNOWN
2016-04-14T07:38:49.000000;2016-04-14T07:38:49.000000;96fd56f8-64d0-4a15-8435-2ecee59c345a;424.32;0.01336014;UNKNOWN
2016-04-14T07:39:11.000000;2016-04-14T07:39:11.000000;00f285fe-aec4-4dcb-82a7-a70298776eae;424.32;0.0175514;UNKNOWN
2016-04-14T07:39:13.000000;2016-04-14T07:39:13.000000;576651c1-c1bc-4173-b687-0dbf61e3d485;424.32;0.01401841;UNKNOWN
2016-04-14T07:39:13.000000;2016-04-14T07:39:13.000000;0b5f77d9-9201-480a-b479-4f1bb93c5dd1;424.32;0.03091985;UNKNOWN
2016-04-14T07:39:21.000000;2016-04-14T07:39:21.000000;5e9e680a-b502-470f-80ed-86f481556af2;424.32;0.01908256;UNKNOWN
2016-04-14T07:40:16.000000;2016-04-14T07:40:16.000000;db6e1df5-8bd2-4c14-aefa-7cd947d087ca;424.32;0.01395596;UNKNOWN
2016-04-14T07:40:16.000000;2016-04-14T07:40:16.000000;06562602-22d7-4076-bc6d-29c92083c633;424.32;0.06610632;UNKNOWN
2016-04-14T07:40:17.000000;2016-04-14T07:40:17.000000;22075f2c-75b2-437f-9948-cf9593c79310;424.32;0.03276968;UNKNOWN
2016-04-14T07:40:17.000000;2016-04-14T07:40:17.000000;0738bbe2-ef14-43ac-be12-3bb04ac4d79a;424.32;0.56145999;UNKNOWN
2016-04-14T07:40:18.000000;2016-04-14T07:40:18.000000;8126472a-c0f1-45ce-99d7-4401e9c7ec15;424.32;0.03284622;UNKNOWN
2016-04-14T07:40:18.000000;2016-04-14T07:40:18.000000;b879c6da-e709-408f-9025-cb94400f6907;424.32;0.04139899;UNKNOWN
2016-04-14T07:40:18.000000;2016-04-14T07:40:18.000000;d90ad43d-8ee5-4c00-af1f-3986f847bc91;424.32;0.08067203;UNKNOWN
2016-04-14T07:40:18.000000;2016-04-14T07:40:18.000000;f846f136-0cf6-4535-952d-89bb2bb2e7d5;424.32;0.03284622;UNKNOWN
2016-04-14T07:40:19.000000;2016-04-14T07:40:19.000000;44883d36-d884-45b8-a88f-706725334d04;424.32;0.03284467;UNKNOWN
2016-04-14T07:40:19.000000;2016-04-14T07:40:19.000000;1e7f05da-55dd-41e4-9764-b9ecef643f8c;424.32;0.13675515;UNKNOWN
2016-04-14T07:40:20.000000;2016-04-14T07:40:20.000000;aad684b7-b602-4aa4-b4fa-66901c5964b2;424.32;0.10549399;UNKNOWN
2016-04-14T07:40:21.000000;2016-04-14T07:40:21.000000;d95b9823-01bf-49ba-817c-c7c3ef577a4f;424.32;0.0183337;UNKNOWN
2016-04-14T07:40:22.000000;2016-04-14T07:40:22.000000;dc624a71-fe25-4da5-84b0-336dd8afc8cd;424.32;0.01309449;UNKNOWN
2016-04-14T07:40:24.000000;2016-04-14T07:40:24.000000;afcaec96-12d0-4ab1-ac4c-e46415eb5f61;424.32;0.02352574;UNKNOWN
2016-04-14T07:40:25.000000;2016-04-14T07:40:25.000000;8063e7a2-8d30-4198-b649-bf18d5e5e20f;424.32;0.01187615;UNKNOWN
2016-04-14T07:40:45.000000;2016-04-14T07:40:45.000000;44d49f5c-d80a-43c1-8e6f-2f491004f99e;424.33;0.063744;UNKNOWN
2016-04-14T07:40:45.000000;2016-04-14T07:40:45.000000;26a6f57f-4780-464e-8c42-6fadeb2f5251;424.34;0.09089716;UNKNOWN
2016-04-14T07:40:45.000000;2016-04-14T07:40:45.000000;487cfabc-aa32-47f7-bb28-962e6dbd1156;424.33;0.06138774;UNKNOWN
2016-04-14T07:40:45.000000;2016-04-14T07:40:45.000000;f2e9e0e2-3a8f-4abf-8145-fa38bf0bfa5a;424.33;0.01546218;UNKNOWN
2016-04-14T07:41:10.000000;2016-04-14T07:41:10.000000;af991688-43eb-49db-99ce-2c87ebdad9ab;424.33;0.04267982;UNKNOWN
2016-04-14T07:41:10.000000;2016-04-14T07:41:10.000000;ea969e2c-bc35-4ed8-b13d-a35cfcf07cb6;424.32;0.80432018;UNKNOWN
2016-04-14T07:41:19.000000;2016-04-14T07:41:19.000000;ee03e230-4e30-4897-b777-1f1920210b3e;424.32;0.837;UNKNOWN
2016-04-14T07:41:19.000000;2016-04-14T07:41:19.000000;18749297-2456-461d-bc04-2ed5a042048a;424.33;0.01;UNKNOWN
2016-04-14T07:44:07.000000;2016-04-14T07:44:07.000000;458050c9-e89c-48a2-a659-0504b0ac658f;424.34;0.6;UNKNOWN
2016-04-14T07:44:52.000000;2016-04-14T07:44:52.000000;f145169d-f991-4494-af6d-88de13a894aa;424.33;1.65023836;UNKNOWN
2016-04-14T07:44:52.000000;2016-04-14T07:44:52.000000;dfd5d051-17c3-4541-8242-6c4c16310c3c;424.32;1.16336767;UNKNOWN
2016-04-14T07:44:52.000000;2016-04-14T07:44:52.000000;c82ae6c3-1e69-4551-ae0c-3bd21b578d01;424.3;8.82654256;UNKNOWN
2016-04-14T07:46:16.000000;2016-04-14T07:46:16.000000;dbc89d1b-e6e9-436e-a92a-3de5847c6137;424.34;0.17717895;UNKNOWN
2016-04-14T07:46:26.000000;2016-04-14T07:46:26.000000;fdf6c5c8-5477-469f-973c-8364baf5c51d;424.3;10.0;UNKNOWN
2016-04-14T07:47:00.000000;2016-04-14T07:47:00.000000;825e9e40-52d4-4ba7-a4fe-28956ebc96b3;424.3;2.70089488;UNKNOWN
2016-04-14T07:47:02.000000;2016-04-14T07:47:02.000000;66dcd924-fd49-49e6-a30f-b4f4839722c3;424.29;0.5;UNKNOWN
2016-04-14T07:47:02.000000;2016-04-14T07:47:02.000000;729c78c4-2534-401a-bfaf-c7161cf4989b;424.29;3.0;UNKNOWN
2016-04-14T07:47:02.000000;2016-04-14T07:47:02.000000;0ae0cb0f-f0c1-434b-a0ca-050876845605;424.3;1.5;UNKNOWN
2016-04-14T07:48:03.000000;2016-04-14T07:48:03.000000;0c90e99d-ca44-440b-8d01-f059e718c2a3;424.25;0.19046995;UNKNOWN
2016-04-14T07:48:03.000000;2016-04-14T07:48:03.000000;bdda509e-e7e7-4df9-b94c-20026aac5b3e;424.25;0.1;UNKNOWN
2016-04-14T07:49:09.000000;2016-04-14T07:49:09.000000;a1ace923-1ba3-4a4e-8dab-f89f9962c1cb;424.25;0.719;UNKNOWN
2016-04-14T07:49:15.000000;2016-04-14T07:49:15.000000;b476c416-0099-42e3-ae33-0909eaac40e7;424.25;1.0;UNKNOWN
2016-04-14T07:49:19.000000;2016-04-14T07:49:19.000000;6fb97e99-a1ac-44f5-a1cf-35526aac6af1;424.25;1.0;UNKNOWN
2016-04-14T07:49:23.000000;2016-04-14T07:49:23.000000;fdf30b27-7b21-42dc-8064-720074479bd0;424.25;1.0;UNKNOWN
2016-04-14T07:49:27.000000;2016-04-14T07:49:27.000000;8dea35ab-902c-452c-8cb7-7c635c695bd1;424.25;1.0;UNKNOWN
2016-04-14T07:49:30.000000;2016-04-14T07:49:30.000000;0aaf4fdb-4eca-49de-a0b2-3a760231ea03;424.2;0.0198149;UNKNOWN
2016-04-14T07:49:30.000000;2016-04-14T07:49:30.000000;d1b1a7a8-c68e-4ecd-8679-e092040fd735;424.2;0.1;UNKNOWN
2016-04-14T07:49:30.000000;2016-04-14T07:49:30.000000;2bd21e95-f16c-4961-bc03-d3cd61089115;424.25;0.09053005;UNKNOWN
2016-04-14T07:49:30.000000;2016-04-14T07:49:30.000000;f4810815-8728-424a-be33-80e2122f8c85;424.2;0.18965505;UNKNOWN
2016-04-14T07:49:30.000000;2016-04-14T07:49:30.000000;593da400-4a5a-41c8-9009-ca5e8346fa1b;424.2;0.047;UNKNOWN
2016-04-14T07:49:34.000000;2016-04-14T07:49:34.000000;8b47209e-a4f2-42c0-a6d4-f5612936ac11;424.2;0.09053;UNKNOWN
2016-04-14T07:49:38.000000;2016-04-14T07:49:38.000000;dee0ebfe-7acf-4c72-b612-1814b78230ce;424.2;0.343;UNKNOWN
2016-04-14T07:49:45.000000;2016-04-14T07:49:45.000000;96764032-20d3-4637-967a-9b591be36430;424.2;0.3;UNKNOWN
2016-04-14T07:49:49.000000;2016-04-14T07:49:49.000000;ae86ab2e-3157-4be6-929a-e441cfe5264e;424.2;0.01;UNKNOWN
2016-04-14T07:49:55.000000;2016-04-14T07:49:55.000000;d1458a8c-833e-42e3-bb5e-0ac43cd8e9d6;424.2;0.4;UNKNOWN
2016-04-14T07:50:00.000000;2016-04-14T07:50:00.000000;54847a78-c4f0-4700-b654-74eb42a8bb42;424.2;0.482;UNKNOWN
2016-04-14T07:50:04.000000;2016-04-14T07:50:04.000000;fdba76eb-585b-41a9-8806-bd1e5177f795;424.2;0.031;UNKNOWN
2016-04-14T07:50:05.000000;2016-04-14T07:50:05.000000;4535e7ad-bddf-4f0e-a91b-b562f6342c23;424.15;0.43791766;UNKNOWN
2016-04-14T07:50:05.000000;2016-04-14T07:50:05.000000;15668b94-560b-4476-996a-afa4b5233aef;424.2;0.10681495;UNKNOWN
2016-04-14T07:50:06.000000;2016-04-14T07:50:06.000000;89cde075-0981-475c-851f-6f35c666233c;424.15;0.9;UNKNOWN
2016-04-14T07:50:08.000000;2016-04-14T07:50:08.000000;4d002e6d-f400-4363-9e36-f7f744a4a566;424.15;0.13781;UNKNOWN
2016-04-14T07:50:12.000000;2016-04-14T07:50:12.000000;cd3e821a-c261-4a79-8b75-2d29e3014e47;424.15;0.026;UNKNOWN
2016-04-14T07:50:16.000000;2016-04-14T07:50:16.000000;02f0ea22-cf2e-43a2-ad22-6b7fd730276c;424.15;0.397;UNKNOWN
2016-04-14T07:50:19.000000;2016-04-14T07:50:19.000000;f95e10f4-c382-4734-afc1-bb1fdf22e862;424.15;0.28;UNKNOWN
2016-04-14T07:50:24.000000;2016-04-14T07:50:24.000000;de53b011-1189-4f2a-8a92-7c65d31af010;424.15;0.072;UNKNOWN
2016-04-14T07:50:28.000000;2016-04-14T07:50:28.000000;bb14c0c4-2ec1-453f-99f2-f0df2998c0f3;424.15;0.215;UNKNOWN
2016-04-14T07:50:32.000000;2016-04-14T07:50:32.000000;f1f777ea-89d6-4c37-b93f-dcb78295bb6e;424.15;0.388;UNKNOWN
2016-04-14T07:50:33.000000;2016-04-14T07:50:33.000000;36efdfc6-ce6c-482a-b7c9-e333fd2f3faa;424.18;1.0;UNKNOWN
2016-04-14T07:50:37.000000;2016-04-14T07:50:37.000000;1a9fd100-1daa-487d-9c3b-6bd05267ede3;424.15;0.034;UNKNOWN
2016-04-14T07:50:40.000000;2016-04-14T07:50:40.000000;cae6f578-c556-4b5c-90f9-6990152018f6;424.15;0.323;UNKNOWN
2016-04-14T07:50:44.000000;2016-04-14T07:50:44.000000;9c22be88-005b-4da0-83c0-7805103c66ee;424.15;0.056;UNKNOWN
2016-04-14T07:50:48.000000;2016-04-14T07:50:48.000000;c601a2f1-a34d-477e-902f-c9dc299f13b1;424.15;0.384;UNKNOWN
2016-04-14T07:50:52.000000;2016-04-14T07:50:52.000000;03931123-885d-461a-9285-e1766af40276;424.15;1.0;UNKNOWN
2016-04-14T07:50:55.000000;2016-04-14T07:50:55.000000;09f4a1a1-5860-468a-834e-176dfe702efd;424.15;0.012;UNKNOWN
2016-04-14T07:51:01.000000;2016-04-14T07:51:01.000000;85b8d0af-a18c-43bd-9469-09db405ff6a8;424.15;0.841;UNKNOWN
2016-04-14T07:51:05.000000;2016-04-14T07:51:05.000000;bb43ba4c-462b-4280-a93a-642c9b9d9176;424.15;0.039;UNKNOWN
2016-04-14T07:51:09.000000;2016-04-14T07:51:09.000000;94491f86-9b5c-4020-bea0-72ef9a8b7b95;424.15;1.0;UNKNOWN
2016-04-14T07:51:24.000000;2016-04-14T07:51:24.000000;e1df6577-34f6-49e4-adab-b8cd1f12367b;424.15;0.926;UNKNOWN
2016-04-14T07:53:46.000000;2016-04-14T07:53:46.000000;054c2559-6e2d-408b-98fe-8e235ae3340c;424.02;3.90172766;UNKNOWN
2016-04-14T07:53:46.000000;2016-04-14T07:53:46.000000;fa3bd8d0-9835-43c8-a621-84d023f03e4d;424.1;5.0;UNKNOWN
2016-04-14T07:53:46.000000;2016-04-14T07:53:46.000000;eb52ac83-fbc4-4b7c-b0db-3dd9dfb8cbcf;424.15;15.99827234;UNKNOWN
2016-04-14T07:53:46.000000;2016-04-14T07:53:46.000000;a1176761-58e1-4ee7-9f62-3ce7ecc54f28;424.03;0.1;UNKNOWN
2016-04-14T07:55:28.000000;2016-04-14T07:55:28.000000;b2d20e67-797f-4497-a84e-ecfd6da25cce;424.05;0.063715;UNKNOWN
2016-04-14T07:59:06.000000;2016-04-14T07:59:06.000000;d5dd585a-9a23-4f31-8588-fd62d41f190d;424.05;0.06;UNKNOWN
2016-04-14T07:59:55.000000;2016-04-14T07:59:55.000000;796fc881-701e-4ef2-9e8c-3854ad288067;424.05;0.0779;UNKNOWN
2016-04-14T08:00:05.000000;2016-04-14T08:00:05.000000;539544ce-995f-4b96-8813-93a6ce8a8d75;424.05;0.015;UNKNOWN
2016-04-14T08:03:03.000000;2016-04-14T08:03:03.000000;148d5948-e5ad-41d3-89a3-e1c1cb7e5d79;424.02;0.26268136;UNKNOWN
2016-04-14T08:06:05.000000;2016-04-14T08:06:05.000000;56282bba-d844-48d7-90a0-e1f3f2f27b8c;424.05;1.0;UNKNOWN
2016-04-14T08:06:53.000000;2016-04-14T08:06:53.000000;481676ff-28ca-4be9-b391-aa969283d173;424.05;0.25581696;UNKNOWN
2016-04-14T08:06:54.000000;2016-04-14T08:06:54.000000;089988d8-7f54-41c5-8013-237ef7b193f5;424.05;0.2832831;UNKNOWN
2016-04-14T08:06:54.000000;2016-04-14T08:06:54.000000;09fb6d67-3b17-4682-8a37-5d4822f25d22;424.05;0.14803971;UNKNOWN
2016-04-14T08:06:55.000000;2016-04-14T08:06:55.000000;d012e56e-119f-4d0f-ba40-c11bb92a3cab;424.05;0.04473419;UNKNOWN
2016-04-14T08:06:55.000000;2016-04-14T08:06:55.000000;4d0da03d-0c3f-4456-972f-a0727169444c;424.02;0.23560976;UNKNOWN
2016-04-14T08:07:52.000000;2016-04-14T08:07:52.000000;6dc64600-7476-4c76-aed4-fa723d50cb50;424.05;3.0;UNKNOWN
2016-04-14T08:08:08.000000;2016-04-14T08:08:08.000000;903ff34a-b743-439e-9372-01a6ffb2ab4f;424.05;0.2;UNKNOWN
2016-04-14T08:09:24.000000;2016-04-14T08:09:24.000000;bd3fe420-454a-4763-a356-85bf9defe0d4;424.05;3.0;UNKNOWN
2016-04-14T08:09:49.000000;2016-04-14T08:09:49.000000;ef5ab622-85bf-4081-81e1-e726e4267c7f;424.05;4.0;UNKNOWN
2016-04-14T08:12:03.000000;2016-04-14T08:12:03.000000;43df977d-4ed9-4912-ae1f-838cde6fd2a0;424.05;0.70859289;UNKNOWN
2016-04-14T08:15:45.000000;2016-04-14T08:15:45.000000;0b2c6a21-4d21-41ed-acbf-665919990578;424.05;2.666;UNKNOWN
2016-04-14T08:16:04.000000;2016-04-14T08:16:04.000000;5b95a4cc-0d76-4c6b-9021-ef1339f3cd34;424.05;0.1;UNKNOWN
2016-04-14T08:16:58.000000;2016-04-14T08:16:58.000000;cc081410-6d25-4b4c-be11-fdb6f263be56;424.02;0.02;UNKNOWN
2016-04-14T08:17:04.000000;2016-04-14T08:17:04.000000;aabce1aa-da58-4485-a39a-35ea8a82e94c;424.02;0.02;UNKNOWN
2016-04-14T08:21:03.000000;2016-04-14T08:21:03.000000;3cae6704-a71f-4cb1-a9fa-b7fa82c9b5b7;424.02;0.02;UNKNOWN
2016-04-14T08:22:04.000000;2016-04-14T08:22:04.000000;06dabde9-6e3a-4d78-9355-0c197c330249;424.01;0.21087678;UNKNOWN
2016-04-14T08:22:04.000000;2016-04-14T08:22:04.000000;6b29d64d-b0bc-42ad-b975-50709c174b15;424.02;0.53998122;UNKNOWN
2016-04-14T08:24:46.000000;2016-04-14T08:24:46.000000;71e97cab-e834-4edf-90a6-5994201a8cc4;424.02;0.02;UNKNOWN
2016-04-14T08:24:51.000000;2016-04-14T08:24:51.000000;91e8e771-2f5e-4c21-9b15-8da513cd9ca3;424.02;0.02;UNKNOWN
2016-04-14T08:24:56.000000;2016-04-14T08:24:56.000000;3916bcb2-068f-46a6-aaba-e4b910ea722c;424.02;0.02;UNKNOWN
2016-04-14T08:28:17.000000;2016-04-14T08:28:17.000000;0940c00e-401c-4d88-8f5a-25ed7256d4e9;424.04;1.77;UNKNOWN
2016-04-14T08:30:10.000000;2016-04-14T08:30:10.000000;8ec626b1-5a66-407c-b820-3db56261879f;424.05;4.54;UNKNOWN
2016-04-14T08:30:36.000000;2016-04-14T08:30:36.000000;0928db09-d6ba-4533-b47d-2a646acfeddc;424.04;0.35280849;UNKNOWN
2016-04-14T08:30:36.000000;2016-04-14T08:30:36.000000;ca2f50c7-9c50-4dd8-949f-d05b1d0f6341;424.03;2.64719151;UNKNOWN
2016-04-14T08:30:43.000000;2016-04-14T08:30:43.000000;bbc116a4-f94b-46b5-85a1-f55086b0c840;424.05;0.1;UNKNOWN
2016-04-14T08:33:03.000000;2016-04-14T08:33:03.000000;47d98bec-90eb-4e8f-800f-bbe081df66cf;424.05;0.10640673;UNKNOWN
2016-04-14T08:33:49.000000;2016-04-14T08:33:49.000000;5850a59e-6f92-4a14-86bd-9db4d290cd57;424.04;0.01;UNKNOWN
2016-04-14T08:33:49.000000;2016-04-14T08:33:49.000000;725f95c9-a6c5-4fa1-ac19-c1f3b3776acf;424.04;3.29;UNKNOWN
2016-04-14T08:34:46.000000;2016-04-14T08:34:46.000000;3c3bce8f-80a3-4648-b266-b5b4a4ee674e;424.04;3.2;UNKNOWN
2016-04-14T08:35:27.000000;2016-04-14T08:35:27.000000;0f107ea8-d501-4cf2-a443-2a19e260a119;424.05;0.07403844;UNKNOWN
2016-04-14T08:35:31.000000;2016-04-14T08:35:31.000000;c474e805-36dc-45cf-966c-088e4c0446ff;424.05;0.03416962;UNKNOWN
2016-04-14T08:35:37.000000;2016-04-14T08:35:37.000000;83509593-9dba-46dc-a159-855529e19b09;424.05;0.01363919;UNKNOWN
2016-04-14T08:35:42.000000;2016-04-14T08:35:42.000000;718e1d20-03f9-47fe-bc1a-9f44b474fcb3;424.05;0.01363919;UNKNOWN
2016-04-14T08:36:34.000000;2016-04-14T08:36:34.000000;73bb7eb1-01f0-45a3-a482-4e2805d00472;424.04;0.02;UNKNOWN
2016-04-14T08:36:46.000000;2016-04-14T08:36:46.000000;75e28f95-bdf6-4211-9726-11cf41dd3ef4;424.05;0.063787;UNKNOWN
2016-04-14T08:39:03.000000;2016-04-14T08:39:03.000000;95b268db-2bc0-458a-b801-f45ccd005dfa;424.04;1.17;UNKNOWN
2016-04-14T08:42:21.000000;2016-04-14T08:42:21.000000;feacd86c-06eb-4a1a-a73b-f6d8d227f636;424.05;0.2592;UNKNOWN
2016-04-14T08:43:14.000000;2016-04-14T08:43:14.000000;468a6fb1-9fc0-407e-a2d6-5d64a94ae9ae;424.05;5.0;UNKNOWN
2016-04-14T08:43:45.000000;2016-04-14T08:43:45.000000;27fbb9a9-41ce-425e-8ab8-1bf2aa53d75d;424.05;5.0;UNKNOWN
2016-04-14T08:43:45.000000;2016-04-14T08:43:45.000000;c71d1312-7737-4ba0-a31f-345cbaec190b;424.05;31.78203798;UNKNOWN
2016-04-14T08:43:45.000000;2016-04-14T08:43:45.000000;deef586c-34bd-44ad-a2e8-45f7a9048d3d;424.05;0.76796202;UNKNOWN
2016-04-14T08:44:04.000000;2016-04-14T08:44:04.000000;51e7fcc1-e56b-4492-a92f-3001841e1a13;424.05;5.0;UNKNOWN
2016-04-14T08:45:30.000000;2016-04-14T08:45:30.000000;52bf5cd7-d95c-444d-994b-707ce2d90f8e;424.05;0.02476;UNKNOWN
2016-04-14T08:46:33.000000;2016-04-14T08:46:33.000000;fa5c83b7-1b31-4c43-8cc2-41c00a796c78;424.05;0.20727798;UNKNOWN
2016-04-14T08:46:33.000000;2016-04-14T08:46:33.000000;ff5c2920-78e1-473c-a51f-ccc798e16ce3;424.05;14.72662202;UNKNOWN
2016-04-14T08:46:47.000000;2016-04-14T08:46:47.000000;0513e591-2303-4847-a4d2-858e9a95a08c;424.05;14.8908;UNKNOWN
2016-04-14T08:47:32.000000;2016-04-14T08:47:32.000000;4f03c737-fdea-4c3a-9b60-8e04afe909ce;424.05;0.063786;UNKNOWN
2016-04-14T08:47:39.000000;2016-04-14T08:47:39.000000;9271a838-0a66-4e7e-8711-21cc9e1530b0;424.05;1.9926;UNKNOWN
2016-04-14T08:48:03.000000;2016-04-14T08:48:03.000000;240d6678-4377-470a-a9f6-6830546ebf45;424.04;6.21700318;UNKNOWN
2016-04-14T08:48:55.000000;2016-04-14T08:48:55.000000;13c9eb9e-fbcf-4fb7-b559-3e3e17649842;424.05;0.075;UNKNOWN
2016-04-14T08:50:34.000000;2016-04-14T08:50:34.000000;fcf461f7-6f70-4bad-be47-b3c22d0da8e7;424.04;0.02;UNKNOWN
2016-04-14T08:50:43.000000;2016-04-14T08:50:43.000000;e3ac1d27-3632-4bd2-813d-a5b04748ac6f;424.04;0.02;UNKNOWN
2016-04-14T08:50:49.000000;2016-04-14T08:50:49.000000;41dd17ed-b6ee-42e0-9c4e-6f25835f58a3;424.04;0.02;UNKNOWN
2016-04-14T08:50:54.000000;2016-04-14T08:50:54.000000;55feef40-d53c-4b93-94de-dcc073a0b199;424.04;0.02;UNKNOWN
2016-04-14T08:50:58.000000;2016-04-14T08:50:58.000000;f528edb3-7a4d-47ce-818e-b701d966319b;424.04;0.02;UNKNOWN
2016-04-14T08:51:57.000000;2016-04-14T08:51:57.000000;884def8a-3b71-40d6-93c4-19a366be980a;424.05;0.04046839;UNKNOWN
2016-04-14T08:52:00.000000;2016-04-14T08:52:00.000000;71e12cdc-1b41-41ad-a351-6fa226e7b5ee;424.05;0.0161234;UNKNOWN
2016-04-14T08:55:58.000000;2016-04-14T08:55:58.000000;bdee2282-2cf8-4966-8f72-ff2b2e07d3c5;424.09;0.00549981;UNKNOWN
2016-04-14T08:55:58.000000;2016-04-14T08:55:58.000000;7b61fb03-da4c-4625-9a31-3cf1ca9a7b8e;424.05;0.00460019;UNKNOWN
2016-04-14T08:58:23.000000;2016-04-14T08:58:23.000000;11526a6b-2c32-4f04-bbb7-8bd335380ad8;424.05;2.50148457;UNKNOWN
2016-04-14T08:58:23.000000;2016-04-14T08:58:23.000000;cb268c4a-40c4-4587-9bd7-5445159584ca;424.07;0.46851543;UNKNOWN
2016-04-14T09:00:58.000000;2016-04-14T09:00:58.000000;b4822837-0751-4654-8a15-8e7f8eab4a89;424.08;0.01988199;UNKNOWN
2016-04-14T09:02:03.000000;2016-04-14T09:02:03.000000;610b8f5a-2480-4279-b5e7-e39852604e63;424.08;0.5;UNKNOWN
2016-04-14T09:02:22.000000;2016-04-14T09:02:22.000000;11e3a85b-211a-4636-bf3d-4cf828d9b77b;424.08;6.48011801;UNKNOWN
2016-04-14T09:02:22.000000;2016-04-14T09:02:22.000000;c3df76a8-8180-4f73-afea-65d4b4f8cb3e;424.15;3.41988199;UNKNOWN
2016-04-14T09:02:22.000000;2016-04-14T09:02:22.000000;c3a02ff4-b947-463f-9d02-8a54d5ada65f;424.12;0.1;UNKNOWN
2016-04-14T09:02:41.000000;2016-04-14T09:02:41.000000;1f4190f2-8ddb-4aca-9946-7cf13dd5c64d;424.13;0.02;UNKNOWN
2016-04-14T09:03:02.000000;2016-04-14T09:03:02.000000;1b54157c-d06f-4220-9173-2031ae886363;424.22;0.02759172;UNKNOWN
2016-04-14T09:03:03.000000;2016-04-14T09:03:03.000000;9a9a77e2-06a6-416c-92d9-96dcfcb12f9a;424.22;0.014999;UNKNOWN
2016-04-14T09:03:03.000000;2016-04-14T09:03:03.000000;4180ec24-0dff-4ff6-b9f4-5decbfb62d22;424.14;0.02759692;UNKNOWN
2016-04-14T09:03:03.000000;2016-04-14T09:03:03.000000;fdbb6238-6358-4f5b-8985-a147383c3c95;424.14;0.01259509;UNKNOWN
2016-04-14T09:03:08.000000;2016-04-14T09:03:08.000000;9156ae43-04c5-4934-ac8a-c6fd06adf2c0;424.13;0.02759692;UNKNOWN
2016-04-14T09:03:44.000000;2016-04-14T09:03:44.000000;69f11df8-6c36-4fca-b608-c65f3c29ad78;424.23;0.01758654;UNKNOWN
2016-04-14T09:04:04.000000;2016-04-14T09:04:04.000000;90d7f035-8136-4539-9de2-6a043cbaa931;424.22;0.5;UNKNOWN
2016-04-14T09:04:04.000000;2016-04-14T09:04:04.000000;8e2b2ae3-6984-44c0-a765-ac161951fe50;424.22;0.91795299;UNKNOWN
2016-04-14T09:04:05.000000;2016-04-14T09:04:05.000000;088e593a-116e-472a-b1e1-43fd9f7ba233;424.22;2.08204701;UNKNOWN
2016-04-14T09:04:05.000000;2016-04-14T09:04:05.000000;69e3fabb-39d0-4c6b-80ab-77151112045f;424.22;0.5;UNKNOWN
2016-04-14T09:04:05.000000;2016-04-14T09:04:05.000000;b57343f3-aecf-492b-bb4a-421d66d41898;424.23;0.41795299;UNKNOWN
2016-04-14T09:04:24.000000;2016-04-14T09:04:24.000000;e2a25c34-0d65-4591-a4fe-a992c3d3be63;424.21;2.9917;UNKNOWN
2016-04-14T09:04:24.000000;2016-04-14T09:04:24.000000;85fb69e8-e68b-4676-8249-f48d0fdb5d3f;424.21;7.0083;UNKNOWN
2016-04-14T09:04:45.000000;2016-04-14T09:04:45.000000;63a4e036-07d0-4d7c-946f-5566da4154ab;424.25;11.1897;UNKNOWN
2016-04-14T09:04:45.000000;2016-04-14T09:04:45.000000;550473d7-83b1-4773-8dad-332c1c8256d4;424.13;6.3603;UNKNOWN
2016-04-14T09:04:50.000000;2016-04-14T09:04:50.000000;2d45428a-572c-4187-b11b-7230b2e0ffe6;424.28;0.21604648;UNKNOWN
2016-04-14T09:05:50.000000;2016-04-14T09:05:50.000000;ffe6a698-5534-4934-8160-8395a6365035;424.28;0.0199;UNKNOWN
2016-04-14T09:05:59.000000;2016-04-14T09:05:59.000000;e7f53e4f-a952-4ce9-a954-a7cb03878b91;424.28;0.063786;UNKNOWN
2016-04-14T09:06:13.000000;2016-04-14T09:06:13.000000;d08697c8-a5a4-46f8-9e49-e0882010e9a0;424.24;0.02;UNKNOWN
2016-04-14T09:06:56.000000;2016-04-14T09:06:56.000000;41b7f72b-34d0-417b-8ff1-b82d9f5c426f;424.28;0.21076911;UNKNOWN
2016-04-14T09:06:56.000000;2016-04-14T09:06:56.000000;fbddee65-016b-4ca7-a079-f968e760781c;424.28;0.21076733;UNKNOWN
2016-04-14T09:06:57.000000;2016-04-14T09:06:57.000000;285ecf7b-4f49-4e43-a6e8-5847dfc94ac2;424.28;0.14818185;UNKNOWN
2016-04-14T09:06:57.000000;2016-04-14T09:06:57.000000;3fb49e2d-2c6b-4392-b2cb-94cb08d229d5;424.28;0.14818185;UNKNOWN
2016-04-14T09:07:02.000000;2016-04-14T09:07:02.000000;e30eefd2-0570-4c86-b7c1-ad59e5b838d7;424.28;0.14818185;UNKNOWN
2016-04-14T09:07:12.000000;2016-04-14T09:07:12.000000;54a35cbb-4709-43ed-949d-93b2f0d301ce;424.28;1.0;UNKNOWN
2016-04-14T09:07:42.000000;2016-04-14T09:07:42.000000;9d251abc-aafa-45f0-bb44-1365e651d8bc;424.28;1.0;UNKNOWN
2016-04-14T09:09:06.000000;2016-04-14T09:09:06.000000;e373bd2b-55fa-48e6-ae79-66abbe444f73;424.25;0.01520486;UNKNOWN
2016-04-14T09:09:47.000000;2016-04-14T09:09:47.000000;4f4f4a70-179c-4c4d-847d-f506fb5056da;424.25;0.096596;UNKNOWN
2016-04-14T09:10:05.000000;2016-04-14T09:10:05.000000;5e3f65ee-b8e9-42dd-9023-79901dd33538;424.24;0.23;UNKNOWN
2016-04-14T09:10:05.000000;2016-04-14T09:10:05.000000;7f17c159-4859-4f29-8360-e83447f0e2d9;424.22;0.16554672;UNKNOWN
2016-04-14T09:10:25.000000;2016-04-14T09:10:25.000000;5978e394-1b90-47fb-a4bf-23455ab0f59c;424.22;0.04708385;UNKNOWN
2016-04-14T09:10:29.000000;2016-04-14T09:10:29.000000;d35ff308-be5c-45e7-a1c6-208490e1af5c;424.25;0.06735843;UNKNOWN
2016-04-14T09:11:03.000000;2016-04-14T09:11:03.000000;4cd93bc3-7008-4abd-be8a-05afe2f1ee17;424.25;0.015204;UNKNOWN
2016-04-14T09:11:56.000000;2016-04-14T09:11:56.000000;f3ec78f1-3cd5-4008-9891-56215289d21b;424.25;0.09677022;UNKNOWN
2016-04-14T09:12:47.000000;2016-04-14T09:12:47.000000;4ba4509f-eebd-4c64-a711-3fa988b8193c;424.25;0.90731;UNKNOWN
2016-04-14T09:12:59.000000;2016-04-14T09:12:59.000000;0a397843-007b-4324-8714-a3e0eaf3887f;424.25;0.79;UNKNOWN
2016-04-14T09:13:13.000000;2016-04-14T09:13:13.000000;c755078b-af23-4cfb-874d-717fd049ce67;424.25;0.29822033;UNKNOWN
2016-04-14T09:14:02.000000;2016-04-14T09:14:02.000000;fe504baa-ec16-4506-92ce-e2f8e7ad745c;424.25;0.911093;UNKNOWN
2016-04-14T09:14:13.000000;2016-04-14T09:14:13.000000;0667ca50-d18a-4cdc-848a-fd7e647d7dae;424.3;0.909403;UNKNOWN
2016-04-14T09:14:21.000000;2016-04-14T09:14:21.000000;7279d703-1551-4f72-a56f-81235f299023;424.3;0.42213841;UNKNOWN
2016-04-14T09:14:25.000000;2016-04-14T09:14:25.000000;85c781ad-e297-477c-b1f0-341f9a10cdda;424.3;0.42213841;UNKNOWN
2016-04-14T09:15:02.000000;2016-04-14T09:15:02.000000;c90623df-1ccd-4e35-913b-ec31b4cbd14b;424.3;0.32834952;UNKNOWN
2016-04-14T09:15:03.000000;2016-04-14T09:15:03.000000;870febd9-3bcf-4929-9ae3-5a5b29309f3e;424.27;0.23;UNKNOWN
2016-04-14T09:15:03.000000;2016-04-14T09:15:03.000000;d5f99798-4398-47c5-9027-167d07ba3626;424.24;0.09563749;UNKNOWN
2016-04-14T09:15:03.000000;2016-04-14T09:15:03.000000;5891b317-4a2f-48a5-bf49-7e42ab18bf63;424.29;0.07436251;UNKNOWN
2016-04-14T09:15:29.000000;2016-04-14T09:15:29.000000;f085fbe5-8718-482e-aa99-477d9f703d3e;424.27;0.01;UNKNOWN
2016-04-14T09:15:36.000000;2016-04-14T09:15:36.000000;9d729a4e-74d7-442e-99ce-5f3d1660027b;424.24;0.02;UNKNOWN
2016-04-14T09:16:04.000000;2016-04-14T09:16:04.000000;38972eb7-7e02-4134-95d1-a444e3ab6095;424.28;0.1;UNKNOWN
2016-04-14T09:16:09.000000;2016-04-14T09:16:09.000000;a2a35461-f4d1-467d-921a-998d26fc58e4;424.28;0.06342735;UNKNOWN
2016-04-14T09:17:04.000000;2016-04-14T09:17:04.000000;82612ac0-75b4-4a5d-9bbc-54171ca10df1;424.3;0.01514817;UNKNOWN
2016-04-14T09:18:03.000000;2016-04-14T09:18:03.000000;9d10b620-1ef3-4464-9f63-e41ae3530671;424.29;0.02580395;UNKNOWN
2016-04-14T09:18:03.000000;2016-04-14T09:18:03.000000;86935853-337c-47b8-a620-bba777bb820a;424.25;4.63419605;UNKNOWN
2016-04-14T09:18:19.000000;2016-04-14T09:18:19.000000;05508b11-770e-4e5c-bc06-eddfae777a38;424.14;0.19;UNKNOWN
2016-04-14T09:19:00.000000;2016-04-14T09:19:00.000000;d4c66c3f-f582-46db-a317-aef0f13a9bbf;424.19;0.01704333;UNKNOWN
2016-04-14T09:25:50.000000;2016-04-14T09:25:50.000000;2c1467bc-5826-4846-8542-4a328ee8dca0;424.3;0.07641718;UNKNOWN
2016-04-14T09:27:38.000000;2016-04-14T09:27:38.000000;e917a236-464a-490e-bcf0-4f2d5296d13a;424.29;0.02;UNKNOWN
2016-04-14T09:28:04.000000;2016-04-14T09:28:04.000000;902f6c97-6a22-495c-b988-b08c3cbecf2c;424.3;0.0709826;UNKNOWN
2016-04-14T09:30:07.000000;2016-04-14T09:30:07.000000;09944579-07aa-425e-a4ec-abbb942c7501;424.3;0.0424;UNKNOWN
2016-04-14T09:33:54.000000;2016-04-14T09:33:54.000000;d387cc53-a977-48d6-92b0-206cee7397b7;424.29;0.02;UNKNOWN
2016-04-14T09:34:05.000000;2016-04-14T09:34:05.000000;80a9b5e2-545b-4aa9-bce9-f3985c7bdc05;424.29;0.01451187;UNKNOWN
2016-04-14T09:37:31.000000;2016-04-14T09:37:31.000000;2f9cf349-d7f7-4d12-9e8c-0b063ed12ee4;424.24;0.00048813;UNKNOWN
2016-04-14T09:37:31.000000;2016-04-14T09:37:31.000000;e8baaeb0-6f86-4bd9-bccd-09257e302022;424.3;3.51212783;UNKNOWN
2016-04-14T09:40:00.000000;2016-04-14T09:40:00.000000;45006120-4e9d-4c8c-ac6b-2fc54a641074;424.41;0.04;UNKNOWN
2016-04-14T09:40:00.000000;2016-04-14T09:40:00.000000;f0d969dc-deea-47c1-96d7-c54ad3612c38;424.42;0.01;UNKNOWN
2016-04-14T09:42:19.000000;2016-04-14T09:42:19.000000;2994312a-480e-48d9-8d32-ec140f190837;424.37;0.0499;UNKNOWN
2016-04-14T09:44:44.000000;2016-04-14T09:44:44.000000;787e43ef-69ef-406a-abbb-87caaab7ea7c;424.37;0.02;UNKNOWN
2016-04-14T09:46:55.000000;2016-04-14T09:46:55.000000;3334b655-53a4-45ca-922d-ae1bed46cc3d;424.37;0.50702919;UNKNOWN
2016-04-14T09:52:52.000000;2016-04-14T09:52:52.000000;4a582f1b-3033-4a9e-b3b5-c0a7bcdcaa21;424.38;0.01;UNKNOWN
2016-04-14T09:53:31.000000;2016-04-14T09:53:31.000000;0551f66b-b7c8-411d-9459-028623c322a9;424.38;0.02;UNKNOWN
2016-04-14T09:55:45.000000;2016-04-14T09:55:45.000000;ef94a18c-5395-45e2-ab6c-61b5426f9482;424.39;0.04;UNKNOWN
2016-04-14T09:55:45.000000;2016-04-14T09:55:45.000000;c3d80ef1-7e32-4a63-ac04-86bcc2f20eaf;424.4;0.71;UNKNOWN
2016-04-14T09:57:54.000000;2016-04-14T09:57:54.000000;058868d0-39b4-4ea7-a137-c964fea90115;424.39;0.04;UNKNOWN
2016-04-14T09:59:13.000000;2016-04-14T09:59:13.000000;0fb25939-4d57-41c4-9a55-f330448e053e;424.41;0.1;UNKNOWN
2016-04-14T10:00:13.000000;2016-04-14T10:00:13.000000;6f2cd20e-1a5c-4579-a4e0-b8bcde787c8d;424.42;0.18;UNKNOWN
2016-04-14T10:00:16.000000;2016-04-14T10:00:16.000000;dc927b4a-6ef0-4c0b-9b13-d375c8f18acc;424.6;0.5;UNKNOWN
