time_exchange;time_coinpai;guid;price;base_amount;taker_side
2016-04-20T00:00:00.000000;2016-04-20T00:00:00.000000;8fd74c47-30f9-4a39-b29b-3783c0ac7c41;437.81;0.3652874;UNKNOWN
2016-04-20T00:00:03.000000;2016-04-20T00:00:03.000000;d37f6971-42f0-4220-acb3-7f3673e015f8;437.81;0.36526905;UNKNOWN
2016-04-20T00:00:05.000000;2016-04-20T00:00:05.000000;bdf2b92b-2944-403c-bd93-25ba9573d2fb;437.81;0.36519565;UNKNOWN
2016-04-20T00:00:06.000000;2016-04-20T00:00:06.000000;d4cfe8a9-522a-4c52-8398-f64284487b46;437.81;0.36519565;UNKNOWN
2016-04-20T00:00:10.000000;2016-04-20T00:00:10.000000;e1ea2d6a-ac02-478d-9c2f-7c095e589dc4;437.81;0.365214;UNKNOWN
2016-04-20T00:00:38.000000;2016-04-20T00:00:38.000000;db3fe50a-271f-4786-b3ac-c7d72098f305;437.46;0.3653777;UNKNOWN
2016-04-20T00:00:44.000000;2016-04-20T00:00:44.000000;b8331339-b4db-488b-9e7f-23b8469e16fc;437.4;0.36951771;UNKNOWN
2016-04-20T00:00:56.000000;2016-04-20T00:00:56.000000;cd68c62e-2d70-4505-a2a8-52521e30041b;437.41;0.17285872;UNKNOWN
2016-04-20T00:01:12.000000;2016-04-20T00:01:12.000000;29c3737d-f933-4d44-8710-86ca375a986e;437.4;0.1255;UNKNOWN
2016-04-20T00:01:16.000000;2016-04-20T00:01:16.000000;91d58201-308b-4aa9-bcda-dc4f9d7c4774;437.4;1.2889;UNKNOWN
2016-04-20T00:03:01.000000;2016-04-20T00:03:01.000000;d2f7d6a7-f4ee-4895-9e14-b2d374684226;437.41;0.36918195;UNKNOWN
2016-04-20T00:03:02.000000;2016-04-20T00:03:02.000000;fd030f72-6195-47d5-9388-1cfd65b412d3;437.41;0.2829361;UNKNOWN
2016-04-20T00:03:03.000000;2016-04-20T00:03:03.000000;1d31b472-c20e-4a67-b3d1-006b151d1172;437.41;0.3695515;UNKNOWN
2016-04-20T00:03:05.000000;2016-04-20T00:03:05.000000;99358adc-e437-49d0-8bbb-8726889176b4;437.41;0.36918195;UNKNOWN
2016-04-20T00:03:05.000000;2016-04-20T00:03:05.000000;20f25474-18a0-4b27-a2fe-f704167f0079;437.41;0.54763911;UNKNOWN
2016-04-20T00:03:05.000000;2016-04-20T00:03:05.000000;d9e7f349-83b9-4fe2-84ba-5961931c39cb;437.41;0.12267311;UNKNOWN
2016-04-20T00:03:11.000000;2016-04-20T00:03:11.000000;676be88d-6729-4498-b7ae-ceddb135ae6e;437.41;5.0;UNKNOWN
2016-04-20T00:03:21.000000;2016-04-20T00:03:21.000000;6ab01550-6dca-46fe-9658-68459064c281;437.41;0.02991308;UNKNOWN
2016-04-20T00:03:21.000000;2016-04-20T00:03:21.000000;a85896e6-598e-47bd-b1db-e980150f00c7;437.41;0.02994302;UNKNOWN
2016-04-20T00:03:23.000000;2016-04-20T00:03:23.000000;0ecd6a23-65fa-4be5-a882-eea6c6019de0;437.41;0.54733508;UNKNOWN
2016-04-20T00:03:23.000000;2016-04-20T00:03:23.000000;d771c530-4dce-44a4-b144-05274d3f777c;437.41;0.31043076;UNKNOWN
2016-04-20T00:03:24.000000;2016-04-20T00:03:24.000000;f0ac637a-9b4a-4e05-a15f-a31d6f5b60ee;437.41;0.02991308;UNKNOWN
2016-04-20T00:03:46.000000;2016-04-20T00:03:46.000000;2dca9a2a-9f44-4ceb-b7f8-f1fb8fa8dee5;437.41;7.7237915;UNKNOWN
2016-04-20T00:04:56.000000;2016-04-20T00:04:56.000000;cc426600-ed76-4523-9b30-56b0cfc09b28;437.68;0.035;UNKNOWN
2016-04-20T00:05:35.000000;2016-04-20T00:05:35.000000;a0114dd9-89f7-4c21-8667-52f16299d361;437.57;0.02262549;UNKNOWN
2016-04-20T00:05:59.000000;2016-04-20T00:05:59.000000;0fac7fcd-605c-4ba9-8e70-6e3bfaf4b65b;437.62;1.87;UNKNOWN
2016-04-20T00:07:16.000000;2016-04-20T00:07:16.000000;e49b20d2-d46b-4eee-bdb5-276e19005003;437.8;0.02188117;UNKNOWN
2016-04-20T00:07:16.000000;2016-04-20T00:07:16.000000;70d524e0-8d1c-4ecc-9ac0-d8371ebb3b49;437.82;0.79811883;UNKNOWN
2016-04-20T00:07:16.000000;2016-04-20T00:07:16.000000;5ce1c0c2-eacc-4fc2-949e-f3c2f59b5854;437.81;0.18;UNKNOWN
2016-04-20T00:07:40.000000;2016-04-20T00:07:40.000000;15bd7baa-f979-42ed-a0a1-acd23c806ae8;437.81;3.05;UNKNOWN
2016-04-20T00:07:44.000000;2016-04-20T00:07:44.000000;7a1932fa-c1d3-4a5d-8d8c-38f14afd5e45;437.96;6.8369;UNKNOWN
2016-04-20T00:07:44.000000;2016-04-20T00:07:44.000000;f6bf8d13-aadc-4da8-ac49-dba28fb0a265;437.99;24.99;UNKNOWN
2016-04-20T00:07:44.000000;2016-04-20T00:07:44.000000;df194953-1283-44af-a095-c7f18dee5714;437.82;0.82188117;UNKNOWN
2016-04-20T00:07:59.000000;2016-04-20T00:07:59.000000;22546763-6ee5-42a2-96b9-71d6e6d97a45;438.02;0.09422725;UNKNOWN
2016-04-20T00:07:59.000000;2016-04-20T00:07:59.000000;5fa2d252-055b-4bb3-959e-e9ae90b939de;438.03;5.90577275;UNKNOWN
2016-04-20T00:08:11.000000;2016-04-20T00:08:11.000000;1557ef6a-2469-44a3-83d7-3b27df56dfac;437.91;0.2;UNKNOWN
2016-04-20T00:08:15.000000;2016-04-20T00:08:15.000000;f113c870-010c-4226-a54e-7b45d706f2d5;438.11;6.8223;UNKNOWN
2016-04-20T00:08:15.000000;2016-04-20T00:08:15.000000;bd824cf1-9a7d-4f57-8e61-2c2ee5125ccc;438.49;24.99;UNKNOWN
2016-04-20T00:08:15.000000;2016-04-20T00:08:15.000000;15ecd4de-4e0c-49b8-82e3-216ab5093214;438.46;7.18295833;UNKNOWN
2016-04-20T00:08:15.000000;2016-04-20T00:08:15.000000;9fa5a201-a752-458d-a3c2-4c65bb0c478e;438.12;8.0;UNKNOWN
2016-04-20T00:08:15.000000;2016-04-20T00:08:15.000000;ec93a8f6-5029-4606-b3d4-875cb3567e74;438.19;0.3;UNKNOWN
2016-04-20T00:08:15.000000;2016-04-20T00:08:15.000000;674d41f2-cc6a-40a6-8ad7-c3562812c8c6;438.48;10.0;UNKNOWN
2016-04-20T00:08:15.000000;2016-04-20T00:08:15.000000;18da9912-82cd-40da-8a77-cd27f96e00b2;438.03;44.09422725;UNKNOWN
2016-04-20T00:08:15.000000;2016-04-20T00:08:15.000000;29a7c48d-9f76-4816-b0dc-1b971f53d9bf;438.46;0.3;UNKNOWN
2016-04-20T00:08:17.000000;2016-04-20T00:08:17.000000;60c6ed47-50d8-45e0-8d51-2e47a01c7847;438.7;0.02;UNKNOWN
2016-04-20T00:08:17.000000;2016-04-20T00:08:17.000000;2c30d18f-2145-4050-8045-f893f36ba933;438.65;0.20822962;UNKNOWN
2016-04-20T00:08:17.000000;2016-04-20T00:08:17.000000;7781be8b-fae2-43b2-b4bc-07e3dd5ea324;438.78;0.3;UNKNOWN
2016-04-20T00:08:17.000000;2016-04-20T00:08:17.000000;a10e1581-f7ee-4c2b-ab2d-a62ae6f1bc1f;438.65;0.04301681;UNKNOWN
2016-04-20T00:08:17.000000;2016-04-20T00:08:17.000000;8933406b-f145-4de2-8d11-98b97d3fb539;438.65;0.04875357;UNKNOWN
2016-04-20T00:08:17.000000;2016-04-20T00:08:17.000000;e380f9c8-ba1a-4230-9bd3-ef03a96dbd6e;438.66;0.3;UNKNOWN
2016-04-20T00:08:17.000000;2016-04-20T00:08:17.000000;0b46955c-aa9b-492b-9535-586d46074ee7;438.66;0.3;UNKNOWN
2016-04-20T00:08:17.000000;2016-04-20T00:08:17.000000;3b323229-dda8-4574-a0fe-1c401bc34733;438.78;1.87177038;UNKNOWN
2016-04-20T00:08:28.000000;2016-04-20T00:08:28.000000;203edf04-6425-4289-98b7-0f8fa48d019d;438.34;0.03;UNKNOWN
2016-04-20T00:08:40.000000;2016-04-20T00:08:40.000000;20fc66b1-eca5-4aae-97c6-96407210b738;438.76;1.0;UNKNOWN
2016-04-20T00:08:47.000000;2016-04-20T00:08:47.000000;b62966ed-7ce4-446e-b40e-4c4b3960df4d;438.76;1.9;UNKNOWN
2016-04-20T00:08:51.000000;2016-04-20T00:08:51.000000;c8ee6c31-e9aa-4f3f-a30a-bd6075f41b58;438.78;1.0;UNKNOWN
2016-04-20T00:08:52.000000;2016-04-20T00:08:52.000000;ef85ab61-5d6b-4135-b9c8-af5d87381919;438.78;1.0;UNKNOWN
2016-04-20T00:08:52.000000;2016-04-20T00:08:52.000000;ee1d20bd-d6d2-461b-899a-f8d304042d39;438.44;0.2;UNKNOWN
2016-04-20T00:08:55.000000;2016-04-20T00:08:55.000000;d3e8164d-5021-4267-8148-46bcea6a9133;438.77;1.0;UNKNOWN
2016-04-20T00:08:56.000000;2016-04-20T00:08:56.000000;0a40c486-3ca7-4079-ab4c-df718e509e0d;438.43;6.73;UNKNOWN
2016-04-20T00:09:01.000000;2016-04-20T00:09:01.000000;7eea65f3-701e-4e4f-9bdf-682ab5b94af9;438.45;4.569;UNKNOWN
2016-04-20T00:09:05.000000;2016-04-20T00:09:05.000000;6ddfbb87-3d52-4135-acb6-bd15601bbb0e;438.43;0.36869175;UNKNOWN
2016-04-20T00:09:09.000000;2016-04-20T00:09:09.000000;3813e509-6bbb-4022-8a08-0432ee6519e9;438.45;0.228;UNKNOWN
2016-04-20T00:09:09.000000;2016-04-20T00:09:09.000000;0439f07f-668a-4fa8-a4fb-2a4274d78aca;438.44;0.15479;UNKNOWN
2016-04-20T00:09:21.000000;2016-04-20T00:09:21.000000;b76868cc-383b-433e-97c5-8058734fc390;438.44;0.0197;UNKNOWN
2016-04-20T00:10:43.000000;2016-04-20T00:10:43.000000;23eea0ee-7886-48da-b60b-6b80ce6beea2;438.57;1.1;UNKNOWN
2016-04-20T00:11:06.000000;2016-04-20T00:11:06.000000;388c79a7-db7e-4dba-9c52-a562dcf38115;438.39;0.125;UNKNOWN
2016-04-20T00:12:15.000000;2016-04-20T00:12:15.000000;7954137b-48bb-46cd-9c2d-87f3be8ff980;438.48;0.0342706;UNKNOWN
2016-04-20T00:12:40.000000;2016-04-20T00:12:40.000000;a4a73e67-a556-48f7-8bc3-3a8a3c8a29d5;438.48;0.02939098;UNKNOWN
2016-04-20T00:13:16.000000;2016-04-20T00:13:16.000000;ecfe2c76-c959-4ef7-88c1-579908ac9a64;438.77;0.03742769;UNKNOWN
2016-04-20T00:13:26.000000;2016-04-20T00:13:26.000000;35dd27b9-2ebc-4609-a049-91da403efc52;438.4;3.0;UNKNOWN
2016-04-20T00:13:45.000000;2016-04-20T00:13:45.000000;b9547c17-51ca-45d9-9550-b8d95bc52f4d;438.41;0.01;UNKNOWN
2016-04-20T00:13:45.000000;2016-04-20T00:13:45.000000;70805b2b-e6a7-4eef-a99d-fb4ce33dc5a3;438.4;0.49;UNKNOWN
2016-04-20T00:14:20.000000;2016-04-20T00:14:20.000000;ddcd48b5-4699-4e4f-b1ba-627c3c101ec8;438.74;0.12602646;UNKNOWN
2016-04-20T00:15:31.000000;2016-04-20T00:15:31.000000;db3ae847-40e2-4720-ae6e-ea42cba96454;438.35;0.01;UNKNOWN
2016-04-20T00:15:43.000000;2016-04-20T00:15:43.000000;977f8de6-5b10-4110-9544-b143aa527924;438.05;0.01;UNKNOWN
2016-04-20T00:15:57.000000;2016-04-20T00:15:57.000000;aa94f467-fa75-46ff-934f-9e2f536b2e00;438.24;0.11755763;UNKNOWN
2016-04-20T00:16:05.000000;2016-04-20T00:16:05.000000;f84bd44d-64f0-4064-a141-5f7e140db3d7;438.13;0.062458;UNKNOWN
2016-04-20T00:16:07.000000;2016-04-20T00:16:07.000000;e734df7a-b185-4e1a-b207-f6b27dd23660;438.01;22.5;UNKNOWN
2016-04-20T00:16:11.000000;2016-04-20T00:16:11.000000;0dd02b0b-38f5-4cc8-b588-92ac01f7fbe7;438.02;0.11;UNKNOWN
2016-04-20T00:16:11.000000;2016-04-20T00:16:11.000000;6a994e91-daf0-4adc-8c44-780dc28ff59b;438.14;0.853558;UNKNOWN
2016-04-20T00:16:11.000000;2016-04-20T00:16:11.000000;8a41b187-559c-4f32-82ff-c0fd5916e23e;438.02;0.037542;UNKNOWN
2016-04-20T00:16:37.000000;2016-04-20T00:16:37.000000;0cdf0a9f-94ae-4d6e-b924-086998f72756;438.01;0.01;UNKNOWN
2016-04-20T00:16:39.000000;2016-04-20T00:16:39.000000;9b37654c-cfb1-40c9-9c63-445f5577a035;438.01;0.10874394;UNKNOWN
2016-04-20T00:16:47.000000;2016-04-20T00:16:47.000000;af28c147-1174-45fe-b24d-7ab450b4162e;438.01;0.48538121;UNKNOWN
2016-04-20T00:16:55.000000;2016-04-20T00:16:55.000000;1e3cd388-e649-4efa-9ccc-de4324043178;438.01;0.13713558;UNKNOWN
2016-04-20T00:17:08.000000;2016-04-20T00:17:08.000000;1ace0cf8-b353-4128-beb3-c619ba60b037;438.07;0.01604879;UNKNOWN
2016-04-20T00:17:13.000000;2016-04-20T00:17:13.000000;630b8114-2dd9-46e1-8257-47a5d491b50c;438.07;0.01243788;UNKNOWN
2016-04-20T00:17:18.000000;2016-04-20T00:17:18.000000;25ff2798-c996-48ac-9d3f-bd057593a7a5;438.07;0.5;UNKNOWN
2016-04-20T00:17:35.000000;2016-04-20T00:17:35.000000;ea131d76-decd-40b8-8635-98e6af3a509f;438.07;0.0298637;UNKNOWN
2016-04-20T00:17:35.000000;2016-04-20T00:17:35.000000;7d4deb35-428b-49b2-851f-bba095889707;438.02;0.01434792;UNKNOWN
2016-04-20T00:17:35.000000;2016-04-20T00:17:35.000000;5efe8ffe-9cf9-4037-b819-eb1a675c3380;438.02;0.04532656;UNKNOWN
2016-04-20T00:17:35.000000;2016-04-20T00:17:35.000000;2b3e8625-b997-4dfd-82e6-dfc7ff040a20;438.02;0.03097864;UNKNOWN
2016-04-20T00:18:05.000000;2016-04-20T00:18:05.000000;9fbe9c37-e459-45fc-9b6c-8476d918c495;438.02;0.1;UNKNOWN
2016-04-20T00:18:39.000000;2016-04-20T00:18:39.000000;5e4be459-32f4-4473-b6e5-939305e440db;438.02;0.11327494;UNKNOWN
2016-04-20T00:19:14.000000;2016-04-20T00:19:14.000000;79cb94eb-3ffd-457a-b902-25b6d7e734ea;438.06;0.36539147;UNKNOWN
2016-04-20T00:19:21.000000;2016-04-20T00:19:21.000000;5b67b558-08bc-469d-abe4-da3945d5da25;438.06;3.0;UNKNOWN
2016-04-20T00:19:59.000000;2016-04-20T00:19:59.000000;0b1081d2-51c6-4c52-a5f9-c5f8e16650b4;438.01;0.7769933;UNKNOWN
2016-04-20T00:19:59.000000;2016-04-20T00:19:59.000000;6a20fea8-a6fd-4fae-9ad9-85851709a149;438.02;0.08574642;UNKNOWN
2016-04-20T00:19:59.000000;2016-04-20T00:19:59.000000;09af6dfb-a1ac-43de-880a-04aa85e27a66;438.02;0.4;UNKNOWN
2016-04-20T00:19:59.000000;2016-04-20T00:19:59.000000;4a880ba2-8263-4b10-83d8-b2f50e109222;438.02;3.28953596;UNKNOWN
2016-04-20T00:20:32.000000;2016-04-20T00:20:32.000000;9973d1e6-c9c5-4984-86a5-b673e0a2a1a4;438.02;0.01;UNKNOWN
2016-04-20T00:21:13.000000;2016-04-20T00:21:13.000000;a7d1e394-c406-4fdc-a468-d062a24c874d;438.02;3.0;UNKNOWN
2016-04-20T00:21:35.000000;2016-04-20T00:21:35.000000;851b54ac-50aa-4cf1-baf9-77c2432528fb;438.01;0.05661804;UNKNOWN
2016-04-20T00:21:57.000000;2016-04-20T00:21:57.000000;38b1fa59-1eee-4f8a-9698-cb8aa0e5ce85;438.01;0.2878232;UNKNOWN
2016-04-20T00:22:37.000000;2016-04-20T00:22:37.000000;a4fdea36-dd9b-458a-9221-2bfd41709090;438.02;1.0;UNKNOWN
2016-04-20T00:22:39.000000;2016-04-20T00:22:39.000000;c525e910-31e4-4d30-9e36-8b55e211463a;438.02;1.0;UNKNOWN
2016-04-20T00:23:12.000000;2016-04-20T00:23:12.000000;66d0e5ea-0e4c-4919-82b7-328ba472fc76;438.01;0.2287628;UNKNOWN
2016-04-20T00:23:32.000000;2016-04-20T00:23:32.000000;7b4de63a-b4ce-40dd-9730-476c04c4f7cb;438.01;0.39854193;UNKNOWN
2016-04-20T00:24:23.000000;2016-04-20T00:24:23.000000;42418bd3-568e-4527-a4bb-6947a775ea5c;437.94;0.01;UNKNOWN
2016-04-20T00:24:33.000000;2016-04-20T00:24:33.000000;a2c861bf-61d3-4e91-ba60-02fe853119aa;437.92;0.01;UNKNOWN
2016-04-20T00:24:43.000000;2016-04-20T00:24:43.000000;02dfa337-83f6-47a6-a83c-37f960b277ad;437.92;9.97529;UNKNOWN
2016-04-20T00:24:43.000000;2016-04-20T00:24:43.000000;d74ce4eb-7a92-44c7-8c20-2ab637eca729;437.92;10.3468;UNKNOWN
2016-04-20T00:25:57.000000;2016-04-20T00:25:57.000000;589a41e9-bbb5-4a59-a82a-24680c021bfc;437.89;4.66791;UNKNOWN
2016-04-20T00:26:14.000000;2016-04-20T00:26:14.000000;aabc58eb-7175-4db4-8162-b802d4392f2d;437.9;0.52633216;UNKNOWN
2016-04-20T00:26:14.000000;2016-04-20T00:26:14.000000;15d88682-c833-438f-94b5-d673d39ef388;437.9;15.9779;UNKNOWN
2016-04-20T00:26:14.000000;2016-04-20T00:26:14.000000;15f3e8be-8955-4266-9695-3275ca2e1a88;437.9;0.571;UNKNOWN
2016-04-20T00:26:14.000000;2016-04-20T00:26:14.000000;ca752169-b752-4a8f-9769-bd57c9a93608;437.9;0.572;UNKNOWN
2016-04-20T00:26:14.000000;2016-04-20T00:26:14.000000;428dd79e-be4d-4991-9edd-b583462a1947;437.9;0.572;UNKNOWN
2016-04-20T00:26:14.000000;2016-04-20T00:26:14.000000;dbd43503-4c7e-4333-a98a-fe2805f7eb6d;437.9;0.572;UNKNOWN
2016-04-20T00:26:14.000000;2016-04-20T00:26:14.000000;407af676-a34a-4ba2-8d92-95958c0a0e3e;437.9;6.8151;UNKNOWN
2016-04-20T00:26:14.000000;2016-04-20T00:26:14.000000;aca488aa-bb77-405d-a784-42ca4d5cda79;437.9;0.572;UNKNOWN
2016-04-20T00:26:14.000000;2016-04-20T00:26:14.000000;7880ff3e-2b4b-4f45-8784-9a26a04846a6;437.9;0.571;UNKNOWN
2016-04-20T00:26:19.000000;2016-04-20T00:26:19.000000;1ec3e098-7fb2-423f-be13-bb5ffbe850a3;437.9;0.12823;UNKNOWN
2016-04-20T00:26:25.000000;2016-04-20T00:26:25.000000;42c57b88-ac9f-47fa-8b39-8b1fc0727cda;437.9;0.2423;UNKNOWN
2016-04-20T00:26:39.000000;2016-04-20T00:26:39.000000;5599b38b-83d2-4462-9bb5-46cb5bfa3633;437.9;0.11508243;UNKNOWN
2016-04-20T00:26:50.000000;2016-04-20T00:26:50.000000;71dd99d6-ef14-4946-b083-c95208eeba6b;437.91;4.06;UNKNOWN
2016-04-20T00:27:20.000000;2016-04-20T00:27:20.000000;795e81c3-0a34-4ed6-85b4-6946b46df73c;437.92;0.0457651;UNKNOWN
2016-04-20T00:27:21.000000;2016-04-20T00:27:21.000000;09c9da4d-e0a6-4fad-b3f0-cdb27578fb66;437.92;3.071337;UNKNOWN
2016-04-20T00:28:04.000000;2016-04-20T00:28:04.000000;70856b06-bd33-405c-a983-675fc6fdf5c4;438.08;0.65894262;UNKNOWN
2016-04-20T00:28:04.000000;2016-04-20T00:28:04.000000;c1cf6ee1-7073-47de-a35f-56c49ebe1fb6;437.99;1.13912722;UNKNOWN
2016-04-20T00:28:29.000000;2016-04-20T00:28:29.000000;69d5c845-f647-43ee-b880-37dcf8ee0ba9;437.99;0.4566;UNKNOWN
2016-04-20T00:28:36.000000;2016-04-20T00:28:36.000000;e95bfd89-9fbc-4d47-a3ee-df39bebf0555;437.95;0.057;UNKNOWN
2016-04-20T00:28:44.000000;2016-04-20T00:28:44.000000;8e25e9ba-c188-4612-a0aa-0be705ab7ab4;437.95;3.357;UNKNOWN
2016-04-20T00:28:44.000000;2016-04-20T00:28:44.000000;13903835-659e-46bb-85c5-08615f89fce0;438.07;0.63356;UNKNOWN
2016-04-20T00:28:44.000000;2016-04-20T00:28:44.000000;a46b462a-0013-4c83-88c7-11bccf115ae2;438.06;2.8793;UNKNOWN
2016-04-20T00:29:19.000000;2016-04-20T00:29:19.000000;75f1eb62-2f28-4e7d-9984-95fba9c2f3de;437.99;0.05720245;UNKNOWN
2016-04-20T00:29:25.000000;2016-04-20T00:29:25.000000;149ecf7d-0f7a-4c83-ba94-c4b44953b7d2;438.05;0.01;UNKNOWN
2016-04-20T00:29:28.000000;2016-04-20T00:29:28.000000;7cc4a39d-5069-4726-8c21-2d5104f98fcb;437.98;0.3591;UNKNOWN
2016-04-20T00:29:41.000000;2016-04-20T00:29:41.000000;c81abae6-b025-4837-b04d-bd8405431165;438.04;0.1;UNKNOWN
2016-04-20T00:29:53.000000;2016-04-20T00:29:53.000000;3140018d-c6e1-4c0c-b075-3f4014894e73;438.08;0.4021;UNKNOWN
2016-04-20T00:29:53.000000;2016-04-20T00:29:53.000000;f9665260-c3d2-4f8a-b6e1-c10764087668;438.04;0.99;UNKNOWN
2016-04-20T00:30:17.000000;2016-04-20T00:30:17.000000;c120e8c2-080e-43c6-885c-9bdf1c0fdabd;438.09;0.1;UNKNOWN
2016-04-20T00:30:35.000000;2016-04-20T00:30:35.000000;35478b9e-1b50-4709-a073-5024685a47d1;438.09;1.0;UNKNOWN
2016-04-20T00:30:48.000000;2016-04-20T00:30:48.000000;c338e9dd-f583-4b98-b55c-6c18e46a7151;438.09;0.05;UNKNOWN
2016-04-20T00:31:17.000000;2016-04-20T00:31:17.000000;2cf2b324-6135-4f57-8c48-77fcbeb14468;438.09;0.0319169;UNKNOWN
2016-04-20T00:33:35.000000;2016-04-20T00:33:35.000000;a74361af-c265-4076-b1ef-3faea1bc38bf;438.11;0.03395375;UNKNOWN
2016-04-20T00:33:59.000000;2016-04-20T00:33:59.000000;a5476960-cbe0-4932-a7df-a3a8bda9b648;438.09;0.27446526;UNKNOWN
2016-04-20T00:34:05.000000;2016-04-20T00:34:05.000000;77ce13ce-6cca-44bf-b451-67b26e7bf519;438.09;0.29762134;UNKNOWN
2016-04-20T00:34:08.000000;2016-04-20T00:34:08.000000;ae414ec4-8e59-4a87-80cb-f32b6b2dc9f6;438.12;1.0;UNKNOWN
2016-04-20T00:34:47.000000;2016-04-20T00:34:47.000000;43249ee1-0da1-4227-9f48-866a420e2c6c;438.12;0.01;UNKNOWN
2016-04-20T00:34:52.000000;2016-04-20T00:34:52.000000;26d9496d-d80b-4710-add2-6f135905dab4;438.12;0.01;UNKNOWN
2016-04-20T00:36:47.000000;2016-04-20T00:36:47.000000;22ce71de-f382-495c-b43f-db3d60e39772;438.12;4.4932;UNKNOWN
2016-04-20T00:36:47.000000;2016-04-20T00:36:47.000000;4947b9c6-397f-4f10-bafb-8f58a946465a;438.13;5.5068;UNKNOWN
2016-04-20T00:36:52.000000;2016-04-20T00:36:52.000000;3f4e844d-849a-4076-8924-e4952f67e646;438.09;2.0;UNKNOWN
2016-04-20T00:37:53.000000;2016-04-20T00:37:53.000000;7d37e969-eb85-491f-bb26-73f757104106;438.13;0.2068;UNKNOWN
2016-04-20T00:37:53.000000;2016-04-20T00:37:53.000000;d411bed7-85e3-4963-b19c-9f289dbec3d0;438.13;0.4932;UNKNOWN
2016-04-20T00:40:09.000000;2016-04-20T00:40:09.000000;79462a5e-1141-46c0-846b-089fe8394b9f;438.0;5.0;UNKNOWN
2016-04-20T00:40:09.000000;2016-04-20T00:40:09.000000;f5657ca5-d4a1-4587-a9c1-67ca79eba380;438.09;6.37274597;UNKNOWN
2016-04-20T00:40:09.000000;2016-04-20T00:40:09.000000;c86767ef-c9b8-4748-8a45-babaaf8529b1;437.91;18.62725403;UNKNOWN
2016-04-20T00:40:20.000000;2016-04-20T00:40:20.000000;68390d95-8911-4cf3-a252-fc6d1610b1a3;437.91;0.455;UNKNOWN
2016-04-20T00:40:33.000000;2016-04-20T00:40:33.000000;074173e7-cc5c-41d4-ac72-9f914d1c8b7c;438.09;5.0;UNKNOWN
2016-04-20T00:41:05.000000;2016-04-20T00:41:05.000000;334b0d0e-2a11-440b-8810-d7d0bb4bf4f5;437.91;0.01;UNKNOWN
2016-04-20T00:41:36.000000;2016-04-20T00:41:36.000000;943c31e1-e624-492b-8a9a-ca461cdfdb30;438.05;0.15769822;UNKNOWN
2016-04-20T00:41:44.000000;2016-04-20T00:41:44.000000;6534850d-760b-4ea5-89ac-0d43eb4c8d47;438.05;0.84230178;UNKNOWN
2016-04-20T00:41:54.000000;2016-04-20T00:41:54.000000;bd63bc74-6497-413b-a3e1-e914bd30778f;438.0;1.15769822;UNKNOWN
2016-04-20T00:41:54.000000;2016-04-20T00:41:54.000000;873c374d-9c8e-41b1-ad88-d94769d3a8dd;438.21;1.32641266;UNKNOWN
2016-04-20T00:41:54.000000;2016-04-20T00:41:54.000000;f1dc5046-5241-4a06-bae9-d9766a4c2647;438.17;4.41208912;UNKNOWN
2016-04-20T00:41:54.000000;2016-04-20T00:41:54.000000;a0e00f65-4d77-45d9-9d71-e81d925d5a2b;438.13;2.2;UNKNOWN
2016-04-20T00:41:54.000000;2016-04-20T00:41:54.000000;b1e752d0-09fe-4eb7-ad21-1c3ac2e7d7ba;438.11;6.7926;UNKNOWN
2016-04-20T00:41:54.000000;2016-04-20T00:41:54.000000;854594e4-9e04-4d0e-a535-1a6bd08a91ed;437.99;4.1112;UNKNOWN
2016-04-20T00:41:55.000000;2016-04-20T00:41:55.000000;f09f7927-e28c-497a-9a31-2e54d5995c04;437.91;0.01;UNKNOWN
2016-04-20T00:43:34.000000;2016-04-20T00:43:34.000000;964448fa-d48d-4753-b404-c3a58dd42ccf;438.25;5.0;UNKNOWN
2016-04-20T00:43:34.000000;2016-04-20T00:43:34.000000;36944cd3-fb24-4f70-9d27-1d85de4dbe2b;438.75;25.75291525;UNKNOWN
2016-04-20T00:43:34.000000;2016-04-20T00:43:34.000000;f84485e5-4a1e-4f68-ac8f-9be3e4c1cf2f;438.59;4.4112133;UNKNOWN
2016-04-20T00:43:34.000000;2016-04-20T00:43:34.000000;8dec1856-67e9-4f50-b815-3fd241f6b194;438.37;4.4113106;UNKNOWN
2016-04-20T00:43:34.000000;2016-04-20T00:43:34.000000;c199b8be-c365-4152-91f8-9d4038d9f16f;438.34;4.41126195;UNKNOWN
2016-04-20T00:43:34.000000;2016-04-20T00:43:34.000000;ed7ebebe-ca92-46a2-aa0a-dfe8304d5808;438.41;4.4113106;UNKNOWN
2016-04-20T00:43:34.000000;2016-04-20T00:43:34.000000;4c2e9aea-a17a-4e50-b0d8-159b8f41e0fd;438.2;6.8112;UNKNOWN
2016-04-20T00:43:34.000000;2016-04-20T00:43:34.000000;73c3fac3-4e35-4ccf-a0cf-cd90e9850edd;438.48;6.09636795;UNKNOWN
2016-04-20T00:43:34.000000;2016-04-20T00:43:34.000000;cfb179ea-39bf-4638-8324-cdcf876b41b4;438.46;4.4113106;UNKNOWN
2016-04-20T00:43:34.000000;2016-04-20T00:43:34.000000;ab012cc0-87da-4802-bc3e-20769b9862f4;438.49;24.99;UNKNOWN
2016-04-20T00:43:34.000000;2016-04-20T00:43:34.000000;7b117ab7-3ca6-4fa5-8e5e-31ae38d5308e;438.3;4.41126195;UNKNOWN
2016-04-20T00:43:34.000000;2016-04-20T00:43:34.000000;2b2186ac-9cf3-4b7b-b863-510e8483939f;438.19;1.039;UNKNOWN
2016-04-20T00:43:34.000000;2016-04-20T00:43:34.000000;408243f9-34d6-4694-931a-51bd21cac549;438.67;4.41126195;UNKNOWN
2016-04-20T00:43:34.000000;2016-04-20T00:43:34.000000;d32e606a-ea60-4909-8deb-8f624f2b9fea;438.5;0.1;UNKNOWN
2016-04-20T00:43:34.000000;2016-04-20T00:43:34.000000;3dcacc74-829d-491f-9371-8948edf75fb0;438.5;4.4113106;UNKNOWN
2016-04-20T00:43:34.000000;2016-04-20T00:43:34.000000;9b6da553-6197-46f3-af9a-f94b6e3d700e;438.66;11.0978;UNKNOWN
2016-04-20T00:43:34.000000;2016-04-20T00:43:34.000000;3e4f2361-80cc-4ee2-b472-68d691f32e14;438.63;4.41126195;UNKNOWN
2016-04-20T00:43:34.000000;2016-04-20T00:43:34.000000;2870b901-9975-4651-9d5c-3ab0fe76d9aa;438.55;4.4112133;UNKNOWN
2016-04-20T00:44:01.000000;2016-04-20T00:44:01.000000;30c085fe-f2bd-45ba-8c62-157e165c4bf5;438.74;0.87496424;UNKNOWN
2016-04-20T00:44:28.000000;2016-04-20T00:44:28.000000;be56ee23-3693-46ff-a3bb-bc1924b45f9e;438.55;6.801;UNKNOWN
2016-04-20T00:44:28.000000;2016-04-20T00:44:28.000000;b4b39bdc-9b37-42eb-a808-183384bbad08;438.1;11.37;UNKNOWN
2016-04-20T00:44:28.000000;2016-04-20T00:44:28.000000;ec31dc6b-7517-45f1-b0ec-d9e1c864b023;438.2;10.684;UNKNOWN
2016-04-20T00:44:28.000000;2016-04-20T00:44:28.000000;736b3cbd-cdfd-49c0-a8fd-3c0f58915346;438.43;10.601;UNKNOWN
2016-04-20T00:44:28.000000;2016-04-20T00:44:28.000000;fca96f54-e97c-4a42-9e10-fbe66656e5c5;438.08;10.3347;UNKNOWN
2016-04-20T00:44:28.000000;2016-04-20T00:44:28.000000;54c94c67-79d6-4f41-b7a7-c611bb879daa;438.34;10.8517;UNKNOWN
2016-04-20T00:44:28.000000;2016-04-20T00:44:28.000000;c4888315-dbfc-46a5-b189-9941945c1092;438.01;23.1453;UNKNOWN
2016-04-20T00:44:28.000000;2016-04-20T00:44:28.000000;ccd7a146-1849-4c27-b731-8e6ec408c347;438.54;5.0;UNKNOWN
2016-04-20T00:44:28.000000;2016-04-20T00:44:28.000000;1c576c03-05e0-4aa8-97d1-9b0b2b2e16d7;438.09;11.2123;UNKNOWN
2016-04-20T00:44:45.000000;2016-04-20T00:44:45.000000;75a1f872-41a5-4048-b2ea-bac7e96b7654;438.28;0.60871678;UNKNOWN
2016-04-20T00:44:50.000000;2016-04-20T00:44:50.000000;bab7c021-77c6-480f-9d4a-4e91aea939ca;437.76;9.43107209;UNKNOWN
2016-04-20T00:44:50.000000;2016-04-20T00:44:50.000000;b50330d9-ed44-416e-ac71-19b990b47641;438.01;1.8447;UNKNOWN
2016-04-20T00:44:50.000000;2016-04-20T00:44:50.000000;ee997d53-597c-4d0d-9fd0-d26a9b811161;437.96;10.7704;UNKNOWN
2016-04-20T00:44:50.000000;2016-04-20T00:44:50.000000;af433665-17be-4afa-a4ce-8fc895375ece;437.92;9.6342;UNKNOWN
2016-04-20T00:44:50.000000;2016-04-20T00:44:50.000000;d8805c59-0bbf-466a-8374-eab7b5002577;438.28;13.28758322;UNKNOWN
2016-04-20T00:44:50.000000;2016-04-20T00:44:50.000000;34fa4fbe-b9ba-46b3-988a-51f0d1efb966;437.9;22.76505541;UNKNOWN
2016-04-20T00:44:50.000000;2016-04-20T00:44:50.000000;a76b0f94-e016-4bc9-b3dc-6d03859003a6;437.8;0.171;UNKNOWN
2016-04-20T00:44:50.000000;2016-04-20T00:44:50.000000;b94c957e-3968-4264-8e52-ded2428f1f44;437.91;26.83774597;UNKNOWN
2016-04-20T00:44:50.000000;2016-04-20T00:44:50.000000;fd9f95cf-7d08-4881-8f01-6dcc3894c032;437.79;10.8529;UNKNOWN
2016-04-20T00:45:35.000000;2016-04-20T00:45:35.000000;d378fb0b-2f67-40b1-9a27-0bd44b3e735c;438.48;0.03121726;UNKNOWN
2016-04-20T00:45:37.000000;2016-04-20T00:45:37.000000;784666d0-39b6-46d3-81a3-5073e7af4ada;438.48;6.78928274;UNKNOWN
2016-04-20T00:45:37.000000;2016-04-20T00:45:37.000000;d0a46612-157b-4cf7-8ee1-43944de21866;438.49;6.42192463;UNKNOWN
2016-04-20T00:46:08.000000;2016-04-20T00:46:08.000000;69a5941a-d149-455c-9de7-81de2ab405b5;438.47;0.46878274;UNKNOWN
2016-04-20T00:48:06.000000;2016-04-20T00:48:06.000000;c93722c1-4813-47de-a530-103c574d631f;438.49;15.0;UNKNOWN
2016-04-20T00:48:29.000000;2016-04-20T00:48:29.000000;88987084-c7dc-4e59-b1fd-4b0c61ecb695;438.49;3.56807537;UNKNOWN
2016-04-20T00:48:29.000000;2016-04-20T00:48:29.000000;509b7da4-58b6-4d2c-95d3-fa193caa65f7;438.53;2.43192463;UNKNOWN
2016-04-20T00:48:41.000000;2016-04-20T00:48:41.000000;1f70e988-35db-410c-a1e6-48921a4c8045;438.63;6.0;UNKNOWN
2016-04-20T00:48:57.000000;2016-04-20T00:48:57.000000;8dde3aab-3c9e-4410-9db0-515ad3796938;438.47;0.14;UNKNOWN
2016-04-20T00:51:04.000000;2016-04-20T00:51:04.000000;97d56677-58a6-4337-91b1-0885e2604075;438.47;0.06;UNKNOWN
2016-04-20T00:51:12.000000;2016-04-20T00:51:12.000000;e2e6896b-790c-4133-92ab-1118c8848d6d;438.47;0.18738869;UNKNOWN
2016-04-20T00:51:13.000000;2016-04-20T00:51:13.000000;57611cd4-5029-4e74-a190-15e0beda1f58;438.69;4.6;UNKNOWN
2016-04-20T00:51:13.000000;2016-04-20T00:51:13.000000;ae2e88cc-66bc-45bb-86fd-a6a4bf6311af;438.63;0.4;UNKNOWN
2016-04-20T00:51:17.000000;2016-04-20T00:51:17.000000;0ad493ad-cbad-4ebd-8dbe-c88848fe0087;438.69;0.4;UNKNOWN
2016-04-20T00:51:17.000000;2016-04-20T00:51:17.000000;f99fe916-5a78-4218-9cd4-36f0e7006c0d;438.7;4.6;UNKNOWN
2016-04-20T00:51:25.000000;2016-04-20T00:51:25.000000;988462f3-ab08-4319-afd4-82fbd1f4905b;438.69;5.0;UNKNOWN
2016-04-20T00:52:32.000000;2016-04-20T00:52:32.000000;26a94c09-1322-4fbd-b037-df556822c297;438.47;0.07998297;UNKNOWN
2016-04-20T00:53:18.000000;2016-04-20T00:53:18.000000;5897410e-1167-43ab-b872-5b29845583ea;438.47;0.06706977;UNKNOWN
2016-04-20T00:53:26.000000;2016-04-20T00:53:26.000000;abe993e1-ebab-48b1-924e-061a91def60d;438.5;0.03;UNKNOWN
2016-04-20T00:54:34.000000;2016-04-20T00:54:34.000000;188cca4d-e95e-4f81-813c-dd588a6a2036;438.49;0.36451331;UNKNOWN
2016-04-20T00:54:36.000000;2016-04-20T00:54:36.000000;440c56f2-153c-4224-8c5e-a9961a592593;438.49;0.36451331;UNKNOWN
2016-04-20T00:54:37.000000;2016-04-20T00:54:37.000000;6f96099c-f23a-4c15-b602-8e2b4a204cc5;438.49;0.16308027;UNKNOWN
2016-04-20T00:55:05.000000;2016-04-20T00:55:05.000000;9660a93f-a977-4cb8-8492-9c9e94aae5d6;438.5;0.03;UNKNOWN
2016-04-20T00:55:10.000000;2016-04-20T00:55:10.000000;11622bd8-08c3-4f2d-9aa4-f416c1021b61;438.49;2.0;UNKNOWN
2016-04-20T00:55:13.000000;2016-04-20T00:55:13.000000;89af3242-f23f-4336-965a-73a80e8a7b74;438.62;0.061615;UNKNOWN
2016-04-20T00:55:13.000000;2016-04-20T00:55:13.000000;9dab615b-e63a-4f8a-ae7e-1282eda97310;438.61;0.24188103;UNKNOWN
2016-04-20T00:55:13.000000;2016-04-20T00:55:13.000000;43ff572a-cb0b-48f1-b6ba-c8cfaa693f1e;438.5;1.0;UNKNOWN
2016-04-20T00:55:13.000000;2016-04-20T00:55:13.000000;48b63fb4-df06-4c88-86ad-d9933fad8ac6;438.69;0.41385585;UNKNOWN
2016-04-20T00:55:13.000000;2016-04-20T00:55:13.000000;420a63e6-efb6-49b5-992c-a539defc39e3;438.5;0.11750812;UNKNOWN
2016-04-20T00:55:35.000000;2016-04-20T00:55:35.000000;b6833ce7-2114-4503-b03d-1eee0f192eb0;438.58;0.02489145;UNKNOWN
2016-04-20T00:56:06.000000;2016-04-20T00:56:06.000000;66cb82da-cec4-4ef2-aa06-40c15c08542a;438.7;0.40421013;UNKNOWN
2016-04-20T00:56:06.000000;2016-04-20T00:56:06.000000;182d6d1d-d5d4-43f8-8a9a-565c4a67c19a;438.7;0.147619;UNKNOWN
2016-04-20T00:56:06.000000;2016-04-20T00:56:06.000000;5dab466a-2fdd-484d-88d1-546958868ca8;438.7;0.4;UNKNOWN
2016-04-20T00:56:07.000000;2016-04-20T00:56:07.000000;da5cbf8f-d457-4186-95bd-5b983c4cf37f;438.73;0.54755403;UNKNOWN
2016-04-20T00:56:08.000000;2016-04-20T00:56:08.000000;2be7a8e5-0e7e-4c4a-a68d-962245a92eaa;438.73;0.14337509;UNKNOWN
2016-04-20T00:56:08.000000;2016-04-20T00:56:08.000000;1ab1dc13-e487-48da-8545-98fa17153def;438.73;0.54758155;UNKNOWN
2016-04-20T00:56:09.000000;2016-04-20T00:56:09.000000;9f0bad0b-b445-4597-afdd-7b933e16ac33;438.73;0.14351533;UNKNOWN
2016-04-20T00:56:09.000000;2016-04-20T00:56:09.000000;37ad29f6-4c76-40ed-836b-931b4586eb1e;438.73;0.14337509;UNKNOWN
2016-04-20T00:56:09.000000;2016-04-20T00:56:09.000000;e548345c-d3b1-4436-a390-8156b67b6a41;438.73;0.54761274;UNKNOWN
2016-04-20T00:56:11.000000;2016-04-20T00:56:11.000000;5b3c2327-e456-4077-95a9-a8be058f108a;438.73;0.3680712;UNKNOWN
2016-04-20T00:56:12.000000;2016-04-20T00:56:12.000000;fb87e935-cb06-4656-a198-d15510630ce5;438.73;0.3680712;UNKNOWN
2016-04-20T00:56:13.000000;2016-04-20T00:56:13.000000;6eeabf8a-2ed5-40ff-ac2f-bdc4587b5b1e;438.73;0.54758781;UNKNOWN
2016-04-20T00:56:13.000000;2016-04-20T00:56:13.000000;848d999f-b90a-4ea7-9644-f219eec6bacd;438.73;0.3680712;UNKNOWN
2016-04-20T00:56:14.000000;2016-04-20T00:56:14.000000;154fbe67-8972-4e08-8bf1-fa79c8e066ce;438.73;0.38966622;UNKNOWN
2016-04-20T00:56:15.000000;2016-04-20T00:56:15.000000;1142d764-6aa1-4e10-95f8-854be6651dd5;438.73;0.24614761;UNKNOWN
2016-04-20T00:56:16.000000;2016-04-20T00:56:16.000000;e300314a-44a7-4475-85bf-ee2b1d9a9344;438.73;0.22469609;UNKNOWN
2016-04-20T00:56:19.000000;2016-04-20T00:56:19.000000;3131b2b2-da7b-4029-854c-167b2abe3898;438.73;0.41467484;UNKNOWN
2016-04-20T00:56:19.000000;2016-04-20T00:56:19.000000;c604cfd8-7317-4f3b-b127-69aef7dd9dcd;438.73;0.50543502;UNKNOWN
2016-04-20T00:56:26.000000;2016-04-20T00:56:26.000000;a7b08df1-14a8-4a71-b07f-28680baef463;438.73;0.12982384;UNKNOWN
2016-04-20T00:56:49.000000;2016-04-20T00:56:49.000000;2ec762f1-6756-4d87-af28-c41b1fa60fee;438.73;0.3680712;UNKNOWN
2016-04-20T00:56:49.000000;2016-04-20T00:56:49.000000;4314ec15-efde-42dc-b84c-09a58a23ffca;438.73;0.01091743;UNKNOWN
2016-04-20T00:56:49.000000;2016-04-20T00:56:49.000000;c8dadded-39d0-4e5a-95f2-d65022472c22;438.73;0.55210681;UNKNOWN
2016-04-20T00:56:49.000000;2016-04-20T00:56:49.000000;c4338530-0ae8-41ed-aeec-2dbdbc6bde83;438.73;0.16842332;UNKNOWN
2016-04-20T00:56:49.000000;2016-04-20T00:56:49.000000;34764a22-538e-4cf7-bab1-c273eac2be93;438.73;0.55210681;UNKNOWN
2016-04-20T00:56:49.000000;2016-04-20T00:56:49.000000;dfd71a90-5494-4a9a-87fa-94fc6eada621;438.73;0.08370034;UNKNOWN
2016-04-20T00:56:50.000000;2016-04-20T00:56:50.000000;4b51be8b-b21f-45f7-b869-b9aed9f74de8;438.73;0.25548858;UNKNOWN
2016-04-20T00:56:50.000000;2016-04-20T00:56:50.000000;0957f69e-5980-4585-a6db-1b9c21862fb5;438.73;0.53691523;UNKNOWN
2016-04-20T00:56:51.000000;2016-04-20T00:56:51.000000;3a49d1e7-b877-441c-b5d5-8049403b8240;438.73;0.02533401;UNKNOWN
2016-04-20T00:56:51.000000;2016-04-20T00:56:51.000000;e2bf78a9-b5a4-4794-8471-034459feb7b2;438.73;0.01091743;UNKNOWN
2016-04-20T00:56:51.000000;2016-04-20T00:56:51.000000;8b92a398-9541-4466-92b5-431ea6bd9b3b;438.73;0.55210681;UNKNOWN
2016-04-20T00:56:51.000000;2016-04-20T00:56:51.000000;21ae40e5-2376-4780-82c1-e373d95f7ecb;438.73;0.3680712;UNKNOWN
2016-04-20T00:56:51.000000;2016-04-20T00:56:51.000000;3135ac30-a1a0-4af7-8968-bb7ca9788520;438.73;0.16842332;UNKNOWN
2016-04-20T00:56:53.000000;2016-04-20T00:56:53.000000;e136f865-0a8e-4a79-9c27-4b881089c0b9;438.73;0.38460135;UNKNOWN
2016-04-20T00:56:53.000000;2016-04-20T00:56:53.000000;dc309e1e-b25b-4864-8ecf-acdfc589dac7;438.73;0.3680712;UNKNOWN
2016-04-20T00:56:53.000000;2016-04-20T00:56:53.000000;69b8f7b8-622f-4777-a0a4-2415084b7d1b;438.73;0.55208164;UNKNOWN
2016-04-20T00:56:54.000000;2016-04-20T00:56:54.000000;27442154-78dd-446e-be9a-d176d7897bda;438.73;0.31267634;UNKNOWN
2016-04-20T00:56:54.000000;2016-04-20T00:56:54.000000;c9a1ecc9-10c6-4524-a764-a805e49cba3d;438.73;0.55210681;UNKNOWN
2016-04-20T00:57:18.000000;2016-04-20T00:57:18.000000;98ce6f1d-6012-487a-b293-91dbc5322aa1;438.73;0.4491362;UNKNOWN
2016-04-20T00:57:18.000000;2016-04-20T00:57:18.000000;32fc900d-cdd8-43a6-b281-b29b62b16a60;438.73;0.36843963;UNKNOWN
2016-04-20T00:57:19.000000;2016-04-20T00:57:19.000000;75c46314-463a-4407-9cf1-8ac937d52803;438.73;0.25356299;UNKNOWN
2016-04-20T00:57:19.000000;2016-04-20T00:57:19.000000;1cb1c5a7-1f1b-4a17-938b-304ba4fa8960;438.73;0.02528536;UNKNOWN
2016-04-20T00:57:20.000000;2016-04-20T00:57:20.000000;28b8b13d-1952-4adc-9930-eb023b237300;438.73;0.19490888;UNKNOWN
2016-04-20T00:57:20.000000;2016-04-20T00:57:20.000000;0fd2f1d1-9bf6-4fd1-a747-2a19d66bf7fc;438.73;0.35369713;UNKNOWN
2016-04-20T00:57:21.000000;2016-04-20T00:57:21.000000;c4b859ef-45c9-4a40-8292-7e332370ba6d;438.73;0.55210681;UNKNOWN
2016-04-20T00:57:21.000000;2016-04-20T00:57:21.000000;39e55ae1-4b5a-42f2-8a01-3b813518114c;438.73;0.55210681;UNKNOWN
2016-04-20T00:57:21.000000;2016-04-20T00:57:21.000000;61c2a4d2-3a57-4942-a6d1-74f8cfe14a6e;438.73;0.44868706;UNKNOWN
2016-04-20T00:57:21.000000;2016-04-20T00:57:21.000000;666e02e7-eacf-4823-a4b4-aa8f120dc921;438.73;0.55210681;UNKNOWN
2016-04-20T00:57:26.000000;2016-04-20T00:57:26.000000;6e4e1f45-446e-409e-ae40-e4efb918ff41;438.75;0.24940234;UNKNOWN
2016-04-20T00:57:26.000000;2016-04-20T00:57:26.000000;7d181424-bef6-4bef-9fcb-e6671158a179;438.74;0.025;UNKNOWN
2016-04-20T00:57:28.000000;2016-04-20T00:57:28.000000;925cf234-02ac-42b5-b9d9-a46a05862375;438.75;0.05;UNKNOWN
2016-04-20T00:57:28.000000;2016-04-20T00:57:28.000000;53584706-9aaa-4ac6-a6b4-6c07b114a322;438.75;0.44911573;UNKNOWN
2016-04-20T00:57:30.000000;2016-04-20T00:57:30.000000;498c8c51-acb4-4f4e-830e-23958f1d7b9a;438.75;0.27440234;UNKNOWN
2016-04-20T00:57:33.000000;2016-04-20T00:57:33.000000;0a1ecce3-bc22-4858-94f4-f777d7108097;438.75;0.11296377;UNKNOWN
2016-04-20T00:57:33.000000;2016-04-20T00:57:33.000000;e2c60a54-be0d-451a-bfaf-b8c6fa820405;438.75;0.27440234;UNKNOWN
2016-04-20T00:57:35.000000;2016-04-20T00:57:35.000000;405df128-bfd8-4c8c-9ced-762bd9701962;438.75;0.11307556;UNKNOWN
2016-04-20T00:57:36.000000;2016-04-20T00:57:36.000000;9f07ccbe-50b4-4cf7-9f04-e5cd6aa83569;438.75;0.54756193;UNKNOWN
2016-04-20T00:57:37.000000;2016-04-20T00:57:37.000000;dcab6f1f-f188-4b51-9408-fb8856c9c520;438.75;0.55208164;UNKNOWN
2016-04-20T00:57:37.000000;2016-04-20T00:57:37.000000;37229238-12bf-4724-a85a-3a9fe421df3a;438.75;0.1141979;UNKNOWN
2016-04-20T00:57:37.000000;2016-04-20T00:57:37.000000;ea017538-b3e4-4255-bea4-7652c9f44dd3;438.75;0.43167282;UNKNOWN
2016-04-20T00:57:38.000000;2016-04-20T00:57:38.000000;9d79e55d-adb7-4ee6-9ce2-462d745ab152;438.75;0.1141979;UNKNOWN
2016-04-20T00:57:38.000000;2016-04-20T00:57:38.000000;9d033930-836b-498e-8cab-1067983cc88d;438.75;0.4361428;UNKNOWN
2016-04-20T00:57:38.000000;2016-04-20T00:57:38.000000;2846bed0-27fa-4b9a-8abf-9a3151a42bcd;438.75;0.1141979;UNKNOWN
2016-04-20T00:57:38.000000;2016-04-20T00:57:38.000000;f4578d72-326d-47bf-8dbd-630eaec7da3f;438.75;0.54906376;UNKNOWN
2016-04-20T00:57:39.000000;2016-04-20T00:57:39.000000;3e87d484-d24e-4aca-9e82-8c23a67c462b;438.75;0.54878919;UNKNOWN
2016-04-20T00:57:39.000000;2016-04-20T00:57:39.000000;c35a6962-6ebc-4b1e-a191-215fc818cdf4;438.75;0.1141979;UNKNOWN
2016-04-20T00:57:39.000000;2016-04-20T00:57:39.000000;b45e2b7d-8f16-4ea1-a74f-ae28d9b264ba;438.75;0.1141979;UNKNOWN
2016-04-20T00:57:39.000000;2016-04-20T00:57:39.000000;e6a7fe29-f414-4c42-aa45-b8adcf677ddd;438.75;0.1141979;UNKNOWN
2016-04-20T00:57:40.000000;2016-04-20T00:57:40.000000;a8c8a7d9-7e76-488c-83d3-d65d48e37035;438.75;0.54878919;UNKNOWN
2016-04-20T00:57:41.000000;2016-04-20T00:57:41.000000;21ff83aa-56c9-4f29-be74-115a292eca45;438.75;0.54872665;UNKNOWN
2016-04-20T00:57:42.000000;2016-04-20T00:57:42.000000;bcd90c16-b39c-4c69-8881-09b4ab6ed2fc;438.75;0.54872665;UNKNOWN
2016-04-20T00:57:42.000000;2016-04-20T00:57:42.000000;4386bb39-cfd4-4cdc-8e2a-809c7f3be1d9;438.75;0.54873916;UNKNOWN
2016-04-20T00:57:43.000000;2016-04-20T00:57:43.000000;b495c569-e526-4b1e-b925-153ac26c7738;438.75;0.1978387;UNKNOWN
2016-04-20T00:57:43.000000;2016-04-20T00:57:43.000000;89b9332f-0014-47be-85a5-ef27cf00de39;438.75;0.54878918;UNKNOWN
2016-04-20T00:57:44.000000;2016-04-20T00:57:44.000000;293c901e-2a93-4c9f-a808-c789961db9d1;438.75;0.36805442;UNKNOWN
2016-04-20T00:57:44.000000;2016-04-20T00:57:44.000000;45397e21-e588-4cce-983f-08802eab9e2a;438.75;0.54906376;UNKNOWN
2016-04-20T00:57:45.000000;2016-04-20T00:57:45.000000;2159536d-ae3e-40a3-a3b1-e519200440cc;438.75;0.27751744;UNKNOWN
2016-04-20T00:57:45.000000;2016-04-20T00:57:45.000000;8c8b86ca-7e35-472d-a7b0-bad008515ab4;438.75;0.54906376;UNKNOWN
2016-04-20T00:57:46.000000;2016-04-20T00:57:46.000000;e568d75d-2767-43bb-a7c9-b158e30abda6;438.75;0.54878918;UNKNOWN
2016-04-20T00:57:46.000000;2016-04-20T00:57:46.000000;56580562-b21a-46af-a578-1ef9e8255092;438.75;0.04213659;UNKNOWN
2016-04-20T00:57:46.000000;2016-04-20T00:57:46.000000;112262ea-a968-4ea0-8f84-d8e7c86b89ba;438.75;0.04213659;UNKNOWN
2016-04-20T00:57:47.000000;2016-04-20T00:57:47.000000;c72ab20c-15b0-49e2-9dbf-f349bdb3295f;438.75;0.54873916;UNKNOWN
2016-04-20T00:57:47.000000;2016-04-20T00:57:47.000000;4bb5e141-fe12-46ab-a0ce-75c2331a0d45;438.75;0.36805442;UNKNOWN
2016-04-20T00:57:47.000000;2016-04-20T00:57:47.000000;cd7a053a-a5df-460b-83e7-8c4d4fb066f5;438.75;0.40451538;UNKNOWN
2016-04-20T00:57:47.000000;2016-04-20T00:57:47.000000;a390f2f1-c79f-4ad0-ac08-af3400bf8797;438.75;0.25635671;UNKNOWN
2016-04-20T00:57:48.000000;2016-04-20T00:57:48.000000;26c1d63f-f8d0-4f32-bcd3-292a23e8c5ed;438.75;0.36805442;UNKNOWN
2016-04-20T00:57:48.000000;2016-04-20T00:57:48.000000;60d03e31-d38e-4e90-b1b8-957d97c94903;438.75;0.54872665;UNKNOWN
2016-04-20T00:57:48.000000;2016-04-20T00:57:48.000000;39edf113-96b7-4600-9554-bb6a942b1c23;438.75;0.54878919;UNKNOWN
2016-04-20T00:57:48.000000;2016-04-20T00:57:48.000000;20e4f687-7fb3-493b-8d9f-e084adb5d01d;438.75;0.54872665;UNKNOWN
2016-04-20T00:57:48.000000;2016-04-20T00:57:48.000000;8126cc03-76b4-46c3-9c05-32935426ba43;438.75;0.54873916;UNKNOWN
2016-04-20T00:57:49.000000;2016-04-20T00:57:49.000000;68ed4926-5795-4756-b885-463630d3cc60;438.73;0.05;UNKNOWN
2016-04-20T00:57:49.000000;2016-04-20T00:57:49.000000;3f724d23-a31f-4537-a031-cf6e6845f564;438.75;0.54862663;UNKNOWN
2016-04-20T00:57:50.000000;2016-04-20T00:57:50.000000;dfea73c7-cf6b-4d3c-bd2d-6848b24ca77d;438.75;0.31218108;UNKNOWN
2016-04-20T00:57:50.000000;2016-04-20T00:57:50.000000;076fca1d-90de-46e8-af7f-55bf523afafe;438.75;0.55208164;UNKNOWN
2016-04-20T00:57:50.000000;2016-04-20T00:57:50.000000;dbaf8336-7110-4e89-aad6-8f7ac38dbfc2;438.75;0.54872665;UNKNOWN
2016-04-20T00:57:50.000000;2016-04-20T00:57:50.000000;1657978f-d510-4043-a825-047809f78d06;438.75;0.25635671;UNKNOWN
2016-04-20T00:57:51.000000;2016-04-20T00:57:51.000000;5890632b-7b94-44de-a43c-4e0fa3999b39;438.75;0.36842284;UNKNOWN
2016-04-20T00:57:51.000000;2016-04-20T00:57:51.000000;966be883-07a2-4610-8103-4c1d79267b0a;438.75;0.31218108;UNKNOWN
2016-04-20T00:57:56.000000;2016-04-20T00:57:56.000000;7fb2be0e-6b37-42e3-8c0e-81deefe9838d;438.75;0.0305896;UNKNOWN
2016-04-20T00:57:56.000000;2016-04-20T00:57:56.000000;29ac9286-4c14-4259-b371-fe19319c71c3;438.75;0.23452031;UNKNOWN
2016-04-20T00:57:57.000000;2016-04-20T00:57:57.000000;dc2a965c-7131-4b92-a7f2-acb8890cc70b;438.75;0.01822271;UNKNOWN
2016-04-20T00:57:58.000000;2016-04-20T00:57:58.000000;bcbf1234-5d95-4288-8f8e-714706a809da;438.75;0.05777528;UNKNOWN
2016-04-20T00:57:58.000000;2016-04-20T00:57:58.000000;75a87001-311a-490a-b6f2-8614fd2d3d0d;438.75;0.15316538;UNKNOWN
2016-04-20T00:57:58.000000;2016-04-20T00:57:58.000000;1adb268f-2b14-4b7f-9741-34c1bf8d7fea;438.75;0.01997809;UNKNOWN
2016-04-20T00:57:59.000000;2016-04-20T00:57:59.000000;f961f939-44e0-4785-b4b4-20581f533ce8;438.75;0.01410689;UNKNOWN
2016-04-20T00:57:59.000000;2016-04-20T00:57:59.000000;fffb698b-2a53-4071-b8d4-c1c3bbc9fae9;438.75;0.14989074;UNKNOWN
2016-04-20T00:57:59.000000;2016-04-20T00:57:59.000000;3621be58-503b-4a8b-b9fe-b8bbb8f852f5;438.75;0.21816368;UNKNOWN
2016-04-20T00:57:59.000000;2016-04-20T00:57:59.000000;8a75fb8d-49c3-47d2-ba65-dc4d583f6a89;438.75;0.82917167;UNKNOWN
2016-04-20T00:57:59.000000;2016-04-20T00:57:59.000000;43cb9bfb-0d39-46eb-b937-330106aa69cd;438.75;0.10815282;UNKNOWN
2016-04-20T00:58:00.000000;2016-04-20T00:58:00.000000;8362e3dd-5bb3-4182-9f84-6f3b16fcbce6;438.75;0.12238209;UNKNOWN
2016-04-20T00:58:33.000000;2016-04-20T00:58:33.000000;b5add835-2ce1-4e4f-b353-008e38d352f3;438.73;0.04341735;UNKNOWN
2016-04-20T00:59:22.000000;2016-04-20T00:59:22.000000;caaf0aca-1157-4788-822e-40575a0f1302;438.77;0.45934451;UNKNOWN
2016-04-20T00:59:22.000000;2016-04-20T00:59:22.000000;cc2f0e43-7c41-4869-9593-11dbf722bbb4;438.77;0.05997447;UNKNOWN
2016-04-20T00:59:22.000000;2016-04-20T00:59:22.000000;e15b463a-2c91-49f7-b78a-61fc3c052a79;438.77;0.0599145;UNKNOWN
2016-04-20T00:59:22.000000;2016-04-20T00:59:22.000000;81fa7182-a1dc-4039-abad-af4b2b15385c;438.77;0.12467136;UNKNOWN
2016-04-20T00:59:23.000000;2016-04-20T00:59:23.000000;16b4c3ee-66a4-4e31-858a-a129d2b03cc8;438.77;0.78637724;UNKNOWN
2016-04-20T00:59:23.000000;2016-04-20T00:59:23.000000;86fd40b2-6268-4879-9092-6491c9a65a27;438.77;0.65221844;UNKNOWN
2016-04-20T00:59:30.000000;2016-04-20T00:59:30.000000;c12ed362-6146-44bc-a914-3f9b6ecb8cbf;438.77;0.8184744;UNKNOWN
2016-04-20T00:59:31.000000;2016-04-20T00:59:31.000000;f49d42b3-fdd7-45b6-a9bf-6bb0fbf2b0e3;438.77;0.16063516;UNKNOWN
2016-04-20T00:59:32.000000;2016-04-20T00:59:32.000000;29ed7c9f-0ff0-46b5-8218-7cb4b25c9c2c;438.77;0.36803765;UNKNOWN
2016-04-20T00:59:33.000000;2016-04-20T00:59:33.000000;27a3f631-b7af-4b6a-b533-02ef0e5bc7da;438.77;0.36803765;UNKNOWN
2016-04-20T00:59:33.000000;2016-04-20T00:59:33.000000;be7f0b3a-7cb1-41ee-8bf0-31da6a879e48;438.77;0.36803765;UNKNOWN
2016-04-20T00:59:34.000000;2016-04-20T00:59:34.000000;ce5febf4-76ff-49e4-a041-8d5a2a3a8d53;438.77;0.03196235;UNKNOWN
2016-04-20T00:59:34.000000;2016-04-20T00:59:34.000000;3a6b4de7-47dd-4be5-a596-c4c06516be68;438.77;0.56936796;UNKNOWN
2016-04-20T00:59:34.000000;2016-04-20T00:59:34.000000;8f9f66ee-1c51-4cab-8c93-79e38c8a63ac;438.77;0.58212695;UNKNOWN
2016-04-20T00:59:35.000000;2016-04-20T00:59:35.000000;56172617-084b-4af0-9fcf-12ef26de6400;438.75;0.07786665;UNKNOWN
2016-04-20T00:59:35.000000;2016-04-20T00:59:35.000000;83adbd9b-e66f-4bc9-b65e-9abcab3fa72e;438.77;0.36840605;UNKNOWN
2016-04-20T00:59:35.000000;2016-04-20T00:59:35.000000;d561db4d-24e6-4794-ac5a-d7b1622d8d33;438.75;0.36803765;UNKNOWN
2016-04-20T00:59:35.000000;2016-04-20T00:59:35.000000;64b06530-b273-45dc-aaeb-43b1dc3a0840;438.75;0.59697771;UNKNOWN
2016-04-20T00:59:35.000000;2016-04-20T00:59:35.000000;12d4a54f-6f08-4443-b9f9-a8128eaa74c5;438.75;0.36840605;UNKNOWN
2016-04-20T00:59:36.000000;2016-04-20T00:59:36.000000;56cdd877-1af8-4b61-aaa6-2ebed8d1600f;438.74;0.4;UNKNOWN
2016-04-20T00:59:36.000000;2016-04-20T00:59:36.000000;3883b714-c2f7-4662-87f5-b0d1b82650ed;438.75;0.36879164;UNKNOWN
2016-04-20T00:59:37.000000;2016-04-20T00:59:37.000000;a9efe6b7-1018-492f-9176-a379eaeeb488;438.75;0.19697771;UNKNOWN
2016-04-20T00:59:38.000000;2016-04-20T00:59:38.000000;7e99103d-0d50-4158-95da-c15c6ccb2a36;438.75;0.446371;UNKNOWN
2016-04-20T00:59:38.000000;2016-04-20T00:59:38.000000;57c35e38-78df-4fa0-ac0c-950c63cd017f;438.75;2.32143777;UNKNOWN
2016-04-20T00:59:38.000000;2016-04-20T00:59:38.000000;90bab4a8-65ee-4207-911c-eee94022d4cf;438.75;0.81785746;UNKNOWN
2016-04-20T00:59:39.000000;2016-04-20T00:59:39.000000;3d23cafa-b9ac-4142-98fa-11db4f3ff41a;438.75;0.13295782;UNKNOWN
2016-04-20T00:59:39.000000;2016-04-20T00:59:39.000000;d2a338f4-de10-4e6c-afa2-be4347b3cc8a;438.75;6.15112377;UNKNOWN
2016-04-20T00:59:40.000000;2016-04-20T00:59:40.000000;1d0d5b9e-e800-4d70-a84a-0f3d4443e431;438.75;0.07786665;UNKNOWN
2016-04-20T00:59:42.000000;2016-04-20T00:59:42.000000;f320addc-0536-41f5-b0e6-eb491ec39202;438.75;0.04552088;UNKNOWN
2016-04-20T00:59:42.000000;2016-04-20T00:59:42.000000;63ac6ee1-1b63-4998-9b3e-2d378d935c71;438.75;0.36842284;UNKNOWN
2016-04-20T00:59:42.000000;2016-04-20T00:59:42.000000;7f46fd1a-c8c8-4736-9702-1fae6e0cc7df;438.75;0.55208164;UNKNOWN
2016-04-20T00:59:42.000000;2016-04-20T00:59:42.000000;81f4c67e-8746-4011-91ee-a7f12f3153ca;438.75;0.81748497;UNKNOWN
2016-04-20T00:59:42.000000;2016-04-20T00:59:42.000000;2a133181-1de3-464e-a484-dfc926e72289;438.75;0.36842284;UNKNOWN
2016-04-20T00:59:43.000000;2016-04-20T00:59:43.000000;2d0b00cb-7fa8-4a63-b2eb-78a07bf1aaee;438.75;0.36840605;UNKNOWN
2016-04-20T00:59:45.000000;2016-04-20T00:59:45.000000;5c8101ca-e22e-4ef7-a5b1-cf60bd0160ba;438.75;0.03866888;UNKNOWN
2016-04-20T00:59:45.000000;2016-04-20T00:59:45.000000;3967fc47-4342-4be1-afe1-d6359a63f5b3;438.75;0.03638383;UNKNOWN
2016-04-20T00:59:45.000000;2016-04-20T00:59:45.000000;b12d41e1-219d-4b9c-bfc8-0b6d021604a5;438.75;0.29646151;UNKNOWN
2016-04-20T00:59:46.000000;2016-04-20T00:59:46.000000;d30d882f-584e-43d2-a03e-c33f22bf9c4d;438.75;0.10054311;UNKNOWN
2016-04-20T00:59:58.000000;2016-04-20T00:59:58.000000;a85d599c-b0d4-4a65-81f2-5c1e99fa3d25;438.75;0.04744365;UNKNOWN
2016-04-20T00:59:58.000000;2016-04-20T00:59:58.000000;160bdf6e-3942-4881-a265-c98e7e6f1fbe;438.75;0.36373472;UNKNOWN
2016-04-20T00:59:58.000000;2016-04-20T00:59:58.000000;58a2421b-ebaf-4fe9-b1e7-c2685369712b;438.75;0.03791234;UNKNOWN
2016-04-20T00:59:59.000000;2016-04-20T00:59:59.000000;49adea42-586b-44c5-b424-749f89034e1b;438.73;0.061735;UNKNOWN
2016-04-20T00:59:59.000000;2016-04-20T00:59:59.000000;dfb4a1aa-bb8c-424a-82ca-0bcbfcb7f0a9;438.73;0.27445152;UNKNOWN
2016-04-20T00:59:59.000000;2016-04-20T00:59:59.000000;5fd82ad0-0f60-47ea-bcef-d64348c8c55d;438.73;0.18103417;UNKNOWN
2016-04-20T00:59:59.000000;2016-04-20T00:59:59.000000;168efa66-9e01-43c0-9882-167490b96618;438.7;0.09485757;UNKNOWN
2016-04-20T01:00:00.000000;2016-04-20T01:00:00.686920;adb2361b-150d-4b9d-b560-82b306268a53;438.75;0.10808968;BUY
2016-04-20T01:00:01.000000;2016-04-20T01:00:01.388999;b068206b-b4d5-4ba3-9756-df64c0381c89;438.75;0.3635116;BUY
2016-04-20T01:00:01.000000;2016-04-20T01:00:01.444425;397e5928-c54c-4f46-b5e0-27763cd44f43;438.75;0.04741454;BUY
2016-04-20T01:00:01.000000;2016-04-20T01:00:01.857050;5c5a0fae-0f7d-482a-96c0-47a4698dce7f;438.75;0.36407392;BUY
2016-04-20T01:00:02.000000;2016-04-20T01:00:02.345105;67931de9-2abd-4cc4-a9d7-3d45dd13e28b;438.74;0.04741454;SELL
2016-04-20T01:00:02.000000;2016-04-20T01:00:02.345105;5e240e51-4441-4acc-a46e-684b980bc05f;438.74;0.02899573;SELL
2016-04-20T01:00:03.000000;2016-04-20T01:00:03.284196;89ecbfb9-4640-4ba9-ae26-ed94530f8e16;438.75;0.33451587;BUY
2016-04-20T01:00:04.000000;2016-04-20T01:00:04.827322;89e8fe60-4885-4521-b9ae-f6c53f9ce4b4;438.75;0.36805442;BUY
2016-04-20T01:00:05.000000;2016-04-20T01:00:05.121411;c9738b0b-165b-4578-889b-2eae8b67990d;438.75;0.56571143;BUY
2016-04-20T01:00:05.000000;2016-04-20T01:00:05.171409;0d92c153-59e5-4c14-b891-b7ccd7295a04;438.7;0.15514243;SELL
2016-04-20T01:00:05.000000;2016-04-20T01:00:05.187419;22583495-7477-4fc0-beda-9054097a8b50;438.59;4.31939835;SELL
2016-04-20T01:00:05.000000;2016-04-20T01:00:05.922440;15cb5480-e7b1-48ab-b531-f0e08596ffb1;438.75;0.36805442;BUY
2016-04-20T01:00:06.000000;2016-04-20T01:00:06.627513;c00ba017-83bc-42e3-8fb9-db6e3c6c2e6d;438.75;0.06585128;BUY
2016-04-20T01:00:06.000000;2016-04-20T01:00:06.633511;5beb1f55-919e-4187-b09f-8d470c60d4df;438.75;0.50485988;BUY
2016-04-20T01:00:06.000000;2016-04-20T01:00:06.830608;2ed77f40-fd84-485d-b20a-182abdfca4cc;438.75;0.36409882;BUY
2016-04-20T01:00:07.000000;2016-04-20T01:00:07.564616;bd536c95-22cd-4b12-b2c2-079184d777c9;438.75;0.36842284;BUY
2016-04-20T01:00:08.000000;2016-04-20T01:00:08.078651;d468443a-8fba-4d13-9c95-5cd9e7c6907d;438.75;0.37387891;BUY
2016-04-20T01:00:09.000000;2016-04-20T01:00:09.840822;35e53d78-bb77-40ca-a96b-a72ff0cd3fa8;438.75;0.37387891;BUY
2016-04-20T01:00:11.000000;2016-04-20T01:00:11.211969;b71e4b7d-2ed4-4001-933c-f7bcea305d28;438.6;0.025;BUY
2016-04-20T01:00:11.000000;2016-04-20T01:00:11.255985;c23e5259-c014-4c60-9e55-5304c6e0115a;438.75;0.01288893;BUY
2016-04-20T01:00:11.000000;2016-04-20T01:00:11.353988;848a7f55-597d-4032-8dcc-2a84a1642b78;438.75;0.09881517;BUY
2016-04-20T01:00:11.000000;2016-04-20T01:00:11.827019;ba20706d-6b94-4284-82f7-3432a7006323;438.75;0.01290095;BUY
2016-04-20T01:00:11.000000;2016-04-20T01:00:11.946051;e6d52674-ddd8-4a4e-b653-67b9ebac2907;438.75;0.06484013;BUY
2016-04-20T01:00:12.000000;2016-04-20T01:00:12.854410;794d4aa0-5102-46ad-8eb7-57a16725065f;438.75;0.03381835;BUY
2016-04-20T01:00:13.000000;2016-04-20T01:00:14.233254;6d234abc-5bb7-472b-8c1a-7913d1a30f6f;438.75;0.37401651;BUY
2016-04-20T01:00:14.000000;2016-04-20T01:00:14.243317;b122bf92-1f90-4054-978d-831149df9270;438.75;0.01288893;BUY
2016-04-20T01:00:14.000000;2016-04-20T01:00:14.272306;f552f106-6619-496f-8d90-4f3935016f52;438.75;0.37401651;BUY
2016-04-20T01:00:14.000000;2016-04-20T01:00:14.435309;124397ae-22ea-4b84-88a1-4d5a4da5a5f3;438.75;0.01288893;BUY
2016-04-20T01:00:14.000000;2016-04-20T01:00:14.537294;480bc206-9964-41c4-8376-c43d7076db72;438.75;0.01289473;BUY
2016-04-20T01:00:14.000000;2016-04-20T01:00:14.566305;d915d37f-c6c8-4e85-9e2e-bdd3e8339df6;438.75;0.01289473;BUY
2016-04-20T01:00:14.000000;2016-04-20T01:00:14.794320;3e3db942-53eb-41d2-b5cf-e76bd29dae30;438.75;0.62455972;BUY
2016-04-20T01:00:14.000000;2016-04-20T01:00:14.807315;84167af2-afea-4eb5-bd01-2da48dcb2b20;438.75;0.37437384;BUY
2016-04-20T01:00:14.000000;2016-04-20T01:00:14.820345;fb213a1c-69e3-4c3f-a06c-db55e3950081;438.75;0.37383631;BUY
2016-04-20T01:00:15.000000;2016-04-20T01:00:15.613397;8e2bd04b-ef02-46a0-b59d-bad10a54dd09;438.75;0.37425316;BUY
2016-04-20T01:00:15.000000;2016-04-20T01:00:15.745405;011a89d1-d921-4d2c-bae7-6c356663c1b1;438.75;0.37401651;BUY
2016-04-20T01:00:16.000000;2016-04-20T01:00:16.610526;d87a32b9-2483-4cbf-880a-f0a7b39a8a16;438.75;0.4;BUY
2016-04-20T01:00:17.000000;2016-04-20T01:00:17.334563;87bd1213-261f-4f68-84d8-8245dac44754;438.75;0.37383631;BUY
2016-04-20T01:00:17.000000;2016-04-20T01:00:17.348590;2ccbb9bf-d9f0-4df2-a32d-bc9e16c7e906;438.75;0.37437384;BUY
2016-04-20T01:00:18.000000;2016-04-20T01:00:18.486680;f0d27bfa-a42d-4db4-ae83-fd4056d73d98;438.75;0.62455972;BUY
2016-04-20T01:00:18.000000;2016-04-20T01:00:19.303852;b70cd978-318f-436c-92db-a89ef0eb8057;438.75;0.01206589;BUY
2016-04-20T01:00:18.000000;2016-04-20T01:00:19.326810;31d05a07-e1fe-477c-8681-5e171e43ee75;438.75;0.09250522;BUY
2016-04-20T01:00:19.000000;2016-04-20T01:00:19.904832;a8dae4b7-29bb-46c2-bd97-9a8bbefb2016;438.75;0.01207714;BUY
2016-04-20T01:00:19.000000;2016-04-20T01:00:19.958876;25d0ae57-777a-4ae3-8087-3b5fa67d7f7a;438.75;0.09259148;BUY
2016-04-20T01:00:20.000000;2016-04-20T01:00:20.108865;c1918394-e7f7-46f7-8362-ce029c96071a;438.75;0.21436368;BUY
2016-04-20T01:00:20.000000;2016-04-20T01:00:20.686923;60851db9-7f83-4894-8a07-09b176a4bae0;438.75;0.01206589;BUY
2016-04-20T01:00:20.000000;2016-04-20T01:00:20.711933;e0586e39-36d1-4203-8d82-2a853de55224;438.75;0.09250522;BUY
2016-04-20T01:00:21.000000;2016-04-20T01:00:21.589025;b2652f46-8cb3-49b6-ab85-cac96df99cc3;438.75;0.01546631;BUY
2016-04-20T01:00:21.000000;2016-04-20T01:00:21.603017;574e9b5b-34e0-4139-ad8f-b8f3bb28e4af;438.75;0.11857499;BUY
2016-04-20T01:00:23.000000;2016-04-20T01:00:23.423180;37b8def8-9c94-44fc-b4c9-c36c0e4cebb9;438.75;0.62442652;BUY
2016-04-20T01:00:25.000000;2016-04-20T01:00:25.614391;9686ee66-b5d8-413d-b4a5-7fb1e83f9052;438.75;0.05960277;BUY
2016-04-20T01:00:25.000000;2016-04-20T01:00:25.633415;49d4b83c-54dc-4bbb-b4ca-8b1700093c59;438.75;0.45736459;BUY
2016-04-20T01:00:26.000000;2016-04-20T01:00:26.596503;7f63ced6-6f96-4109-bf2c-195d8007dc38;438.75;0.07000119;BUY
2016-04-20T01:00:26.000000;2016-04-20T01:00:26.703723;f68fee4e-a21f-41dc-8911-bdea7cc4cdc0;438.75;0.53696005;BUY
2016-04-20T01:00:26.000000;2016-04-20T01:00:26.980539;de42f62c-c715-4816-9fb7-6d07dcb10765;438.75;0.07006328;BUY
2016-04-20T01:00:27.000000;2016-04-20T01:00:27.091565;b8d06764-fe31-4c92-a523-bac2a1f76eb4;438.75;0.5374363;BUY
2016-04-20T01:00:28.000000;2016-04-20T01:00:28.468677;903efbae-9a0f-4b1c-99d5-3941e2f301ee;438.75;0.07000119;BUY
2016-04-20T01:00:28.000000;2016-04-20T01:00:28.825727;c54903c4-0361-4f10-9531-7879a360b0d1;438.75;0.75943422;BUY
2016-04-20T01:00:29.000000;2016-04-20T01:00:29.957892;a8c9e28a-d409-4424-a265-6eba5cb333e0;438.75;0.95642957;BUY
2016-04-20T01:00:31.000000;2016-04-20T01:00:31.952062;b86f340f-3b55-495a-a1dc-6d97253f0236;438.75;0.73992871;BUY
2016-04-20T01:00:32.000000;2016-04-20T01:00:32.777131;6f369341-b978-4899-8d77-981098e21c75;438.75;0.06064357;BUY
2016-04-20T01:00:33.000000;2016-04-20T01:00:33.774209;21dbf992-b945-4b02-857b-85f3eccf5b7d;438.75;0.05359139;BUY
2016-04-20T01:00:33.000000;2016-04-20T01:00:33.789253;208b7bbd-5775-4fd7-9549-faa4570c6bf8;438.75;0.41086728;BUY
2016-04-20T01:00:33.000000;2016-04-20T01:00:33.863295;8210b185-da1c-4e8b-8e82-5843e37fcb19;438.75;0.53799482;BUY
2016-04-20T01:00:34.000000;2016-04-20T01:00:34.777326;0778da09-8687-4fbf-acfb-d72e4b330d69;438.75;0.28315758;BUY
2016-04-20T01:00:35.000000;2016-04-20T01:00:35.356371;611270f5-1cc5-4ea0-b604-7b1f710762d2;438.75;0.53799482;BUY
2016-04-20T01:00:36.000000;2016-04-20T01:00:36.122455;3f08f5bb-15fe-40c5-baa3-80ae3318dec7;438.75;0.53799482;BUY
2016-04-20T01:00:37.000000;2016-04-20T01:00:37.379987;2a8f529e-efef-44e5-bce7-0e9527b782e0;438.75;0.7756109;BUY
2016-04-20T01:00:38.000000;2016-04-20T01:00:38.544752;cfe3851d-b1bf-4836-b956-43e9338e51ce;438.75;0.03006154;BUY
2016-04-20T01:00:39.000000;2016-04-20T01:00:39.191780;fbbd6cdc-c8f1-4c15-9874-6bec1a43f87a;438.75;0.57277556;BUY
2016-04-20T01:00:45.000000;2016-04-20T01:00:45.070346;e52485f9-7e14-428f-82a9-37ec2a70891b;438.59;0.48261318;SELL
2016-04-20T01:00:45.000000;2016-04-20T01:00:45.280358;5a1a5533-512c-4bef-8da3-47330a7ecfdb;438.74;0.228;BUY
2016-04-20T01:00:45.000000;2016-04-20T01:00:45.283397;23532dcc-4e31-4d33-806b-d51d7853bf27;438.75;0.57755076;BUY
2016-04-20T01:00:45.000000;2016-04-20T01:00:45.297360;410b935c-9304-4041-8321-8996adab14cc;438.75;0.10507116;BUY
2016-04-20T01:00:45.000000;2016-04-20T01:00:45.997812;5b5cb8b1-4fe3-45d4-a4b8-e3d09156d0db;438.75;0.06340336;BUY
2016-04-20T01:00:45.000000;2016-04-20T01:00:46.036467;f89514e8-9940-4abc-a557-905179765805;438.75;0.48609246;BUY
2016-04-20T01:00:47.000000;2016-04-20T01:00:47.069585;cbc90593-c257-45c3-a898-21af9d0129cb;438.75;0.06294188;BUY
2016-04-20T01:00:47.000000;2016-04-20T01:00:47.124563;e5d19f04-df5d-48fd-b5b5-68a8e303433b;438.75;0.48255444;BUY
2016-04-20T01:00:47.000000;2016-04-20T01:00:47.911648;d490db32-648a-41b6-9a85-83662d517f6d;438.75;0.48303748;BUY
2016-04-20T01:00:49.000000;2016-04-20T01:00:49.584828;ce66c885-95af-418b-9a1f-237788f60e1d;438.75;0.0652606;BUY
2016-04-20T01:00:49.000000;2016-04-20T01:00:49.590851;a28d0d36-6b3a-4b84-987f-c65972773d0a;438.75;0.50042156;BUY
2016-04-20T01:00:50.000000;2016-04-20T01:00:50.174893;e299bad2-b129-4f84-94f9-013ea79346b7;438.75;0.03059649;BUY
2016-04-20T01:00:50.000000;2016-04-20T01:00:50.772919;1ffb36c6-b487-4aba-a635-7ff08cad3a3e;438.75;0.3451048;BUY
2016-04-20T01:00:50.000000;2016-04-20T01:00:50.815957;66097ec7-85d3-4f5f-8983-847b4e9cbe53;438.75;0.04500189;BUY
2016-04-20T01:00:50.000000;2016-04-20T01:00:50.895936;48a60096-9f13-4483-a299-8ee8eb03520c;438.75;0.33045328;BUY
2016-04-20T01:00:51.000000;2016-04-20T01:00:51.845068;6db081c9-23bb-4543-8db4-afde3d88c554;438.75;0.03059649;BUY
2016-04-20T01:00:52.000000;2016-04-20T01:00:52.222064;ac4f1142-c2bb-4cff-b4b5-4acae2b35540;438.75;0.14953304;BUY
2016-04-20T01:00:53.000000;2016-04-20T01:00:53.231180;99199242-4ada-43bd-8981-315342eadf03;438.75;0.0270953;BUY
2016-04-20T01:00:53.000000;2016-04-20T01:00:53.551182;fcd8b2f0-4eee-416c-98e0-422ddd8c5bfd;438.75;0.47266626;BUY
2016-04-20T01:00:53.000000;2016-04-20T01:00:53.569230;8fe1b5cf-19f7-4a3c-b5c4-30a3a494772b;438.75;0.20773063;BUY
2016-04-20T01:00:53.000000;2016-04-20T01:00:53.663201;ae0f9413-4267-4e0e-b63a-bc9bbc672d94;438.75;0.29139769;BUY
2016-04-20T01:00:54.000000;2016-04-20T01:00:54.170341;a6252df7-4f3c-4900-a08b-5f9ba93b61bf;438.75;0.02711933;BUY
2016-04-20T01:00:54.000000;2016-04-20T01:00:54.230256;305606ea-bfdc-4457-9a0b-7c1d3a44019c;438.75;0.23503421;BUY
2016-04-20T01:00:54.000000;2016-04-20T01:00:54.289262;b8aa3044-cc1c-49d0-9a3a-b80cf33bf538;438.75;0.20791487;BUY
2016-04-20T01:00:54.000000;2016-04-20T01:00:54.651304;4353fb06-d080-4597-b0b5-d221c8cdaa30;438.75;0.29165614;BUY
2016-04-20T01:00:54.000000;2016-04-20T01:00:54.709306;44f3c7a5-9dbd-4779-a760-c4bec8f03561;438.75;0.0270953;BUY
2016-04-20T01:00:54.000000;2016-04-20T01:00:54.909379;b5642c83-1683-4fa8-be85-17d755b1bcc6;438.75;0.29197521;BUY
2016-04-20T01:00:54.000000;2016-04-20T01:00:54.917343;2295cfb8-81f5-467d-8d5e-9c9d16a243ca;438.75;0.20842084;BUY
2016-04-20T01:00:54.000000;2016-04-20T01:00:54.938339;cee75174-46d8-422c-a50a-b182b12abc49;438.75;0.29139769;BUY
2016-04-20T01:00:54.000000;2016-04-20T01:00:54.951332;1b597f79-0dc3-4348-a859-b75c41fce7d9;438.75;0.20773063;BUY
2016-04-20T01:00:54.000000;2016-04-20T01:00:55.000330;0dca312b-de68-4a5a-a0bf-a922915e99b6;438.75;0.47266626;BUY
2016-04-20T01:00:54.000000;2016-04-20T01:00:55.051341;98281131-9f6e-4c4a-a86f-e11bf86f483e;438.75;0.20814233;BUY
2016-04-20T01:00:54.000000;2016-04-20T01:00:55.080343;841c8a0b-ab1d-46a9-8d02-bc0b57f7c5ce;438.75;0.027149;BUY
2016-04-20T01:00:55.000000;2016-04-20T01:00:55.798410;40383059-220b-485d-a0bb-ce52c46dff3e;438.75;0.02718532;BUY
2016-04-20T01:00:55.000000;2016-04-20T01:00:55.831423;c1632cd4-7310-41f5-9d90-262b0b252118;438.75;0.31554966;BUY
2016-04-20T01:00:55.000000;2016-04-20T01:00:55.866421;4d82047d-28d5-4600-8dd2-882690dfb29b;438.61;0.13474549;SELL
2016-04-20T01:00:56.000000;2016-04-20T01:00:56.099548;da8bc613-8b3a-44f4-985a-c007a33e650a;438.75;0.0981443;BUY
2016-04-20T01:00:56.000000;2016-04-20T01:00:56.626496;43146da3-bef1-4e46-9542-6636cecd3c8a;438.75;0.02704416;BUY
2016-04-20T01:00:56.000000;2016-04-20T01:00:56.630502;3d00dff5-0c2f-4a3f-ac85-1dbeaf14592b;438.75;0.20733853;BUY
2016-04-20T01:00:56.000000;2016-04-20T01:00:56.950526;0b7e3977-699d-4f36-aa41-5279277be3ef;438.75;0.01560604;BUY
2016-04-20T01:00:56.000000;2016-04-20T01:00:56.990552;7421e50d-6eab-4689-9d57-b52a04663d9c;438.75;0.1196463;BUY
2016-04-20T01:00:57.000000;2016-04-20T01:00:57.132593;170c5af4-da10-4c62-88d5-0586ee4c55b7;438.75;0.36863371;BUY
2016-04-20T01:00:57.000000;2016-04-20T01:00:57.386629;e5423146-bb20-4e19-897a-5dbd1c2da5c9;438.75;0.01163064;BUY
2016-04-20T01:00:57.000000;2016-04-20T01:00:57.446591;81ba20de-9257-49ad-8d39-97e6d09434ba;438.75;0.08916826;BUY
2016-04-20T01:00:57.000000;2016-04-20T01:00:57.931629;3ddad325-c17a-417f-be1d-8b3b86e9a753;438.75;0.2084446;BUY
2016-04-20T01:00:57.000000;2016-04-20T01:00:58.035651;52acab6d-59ff-4fc2-afe8-f5a6b5437d52;438.75;0.01105902;BUY
2016-04-20T01:00:58.000000;2016-04-20T01:00:58.166655;e018c26e-e55e-44ca-8034-53bf43e235db;438.75;0.03067095;BUY
2016-04-20T01:00:58.000000;2016-04-20T01:00:58.803736;d0d5055e-3d38-44b2-baf2-e42ec0ebe21c;438.74;0.01556545;BUY
2016-04-20T01:00:58.000000;2016-04-20T01:00:58.837722;a3972030-a88c-4dd7-b9da-c08c4cee50b0;438.74;0.11933521;BUY
2016-04-20T01:00:58.000000;2016-04-20T01:00:58.974738;dca399dd-6f0f-47a1-978f-979dc0f7bbc2;438.74;0.01701103;BUY
2016-04-20T01:00:58.000000;2016-04-20T01:00:58.996746;0f6f308a-7297-4fa1-a249-c9e172a5c83b;438.74;0.07608831;BUY
2016-04-20T01:00:58.000000;2016-04-20T01:00:59.007740;ef1d4554-d12f-44f6-a21b-48a5b16647ff;438.75;0.0531007;BUY
2016-04-20T01:00:58.000000;2016-04-20T01:00:59.071746;c7a2bf70-5f79-499b-9389-0a9030453dc7;438.75;0.2084446;BUY
2016-04-20T01:00:58.000000;2016-04-20T01:00:59.088758;fbd2d27d-082c-4a39-90b1-9cba24b750ae;438.75;0.20842084;BUY
2016-04-20T01:00:59.000000;2016-04-20T01:00:59.311778;20be30f8-5311-4cf8-8d47-3c36bf220bd9;438.75;0.55196841;BUY
2016-04-20T01:00:59.000000;2016-04-20T01:00:59.549789;efd2e063-c95a-4240-95ec-17454a80af36;438.75;0.01557961;BUY
2016-04-20T01:00:59.000000;2016-04-20T01:00:59.617832;508642b9-8b74-4627-a59a-bdf78f87148e;438.75;0.20789592;BUY
2016-04-20T01:00:59.000000;2016-04-20T01:00:59.680807;18a24cc0-16cc-4938-8640-81e62024a63e;438.75;0.12918901;BUY
2016-04-20T01:00:59.000000;2016-04-20T01:00:59.689801;497a0961-6d6d-4f59-8709-872b01da9df9;438.75;0.11933521;BUY
2016-04-20T01:00:59.000000;2016-04-20T01:00:59.791808;25055cf9-e563-4d1f-8df7-34fdbc5ccc3d;438.75;0.11944377;BUY
2016-04-20T01:00:59.000000;2016-04-20T01:00:59.837835;cb993107-5b1d-49f3-ad67-ad7297a2b310;438.75;0.20861046;BUY
2016-04-20T01:00:59.000000;2016-04-20T01:01:00.194146;584c4abd-c522-45c9-958b-62ecc4e2eb81;438.75;0.01556545;BUY
2016-04-20T01:00:59.000000;2016-04-20T01:01:00.216252;0086ac52-398b-49e8-a00a-9ebb6171f2a0;438.75;0.11973445;BUY
2016-04-20T01:00:59.000000;2016-04-20T01:01:00.294873;4c3f67d7-7967-484e-b000-031d99ac88f0;438.75;0.12962121;BUY
2016-04-20T01:01:00.000000;2016-04-20T01:01:00.398901;d81495d7-01b5-429c-9258-716ffddf3f74;438.75;0.12918901;BUY
2016-04-20T01:01:00.000000;2016-04-20T01:01:00.415884;b61cf837-37c5-4fe3-b0dc-fe1243e7e415;438.75;0.11933521;BUY
2016-04-20T01:01:00.000000;2016-04-20T01:01:00.462884;9113230c-a630-4538-b21f-ed3daf79cf98;438.75;0.11943559;BUY
2016-04-20T01:01:00.000000;2016-04-20T01:01:00.477888;80cee98a-1fb2-4190-8ecc-3fb4f43811a7;438.75;0.2080898;BUY
2016-04-20T01:01:00.000000;2016-04-20T01:01:00.508884;59d1bf22-44a6-4af0-9440-a67f4b61d6d7;438.75;0.1292977;BUY
2016-04-20T01:01:00.000000;2016-04-20T01:01:00.508884;2a9fae16-552a-40a5-a58a-589c74a2860d;438.75;0.2080898;BUY
2016-04-20T01:01:00.000000;2016-04-20T01:01:00.659904;6bc5959d-eaeb-44d9-a313-ec90d5bda124;438.75;0.01651995;BUY
2016-04-20T01:01:00.000000;2016-04-20T01:01:00.827921;4ce7dea3-eb22-48fd-956b-4fe49dcccd87;438.75;0.11933521;BUY
2016-04-20T01:01:00.000000;2016-04-20T01:01:01.032947;c8954380-f0b8-44c4-a36b-558f8bf3a4ae;438.75;0.01556545;BUY
2016-04-20T01:01:01.000000;2016-04-20T01:01:01.440493;a9814f9a-245e-4206-9e8e-a72b7ed52257;438.75;0.11971262;BUY
2016-04-20T01:01:01.000000;2016-04-20T01:01:01.465055;3fef64ee-1335-46df-8f75-30b15c808ef1;438.75;0.11971262;BUY
2016-04-20T01:01:01.000000;2016-04-20T01:01:01.680064;48161597-4c8c-4ccf-aa72-5c1e009a180e;438.75;0.12972731;BUY
2016-04-20T01:01:01.000000;2016-04-20T01:01:01.717034;9bd0ee20-1e02-4f53-9244-0e3cebb0800c;438.75;0.11943559;BUY
2016-04-20T01:01:01.000000;2016-04-20T01:01:01.738159;030ad94a-26c7-4740-8927-1511022f3762;438.75;0.12962121;BUY
2016-04-20T01:01:01.000000;2016-04-20T01:01:01.759014;f2119ba1-ba6f-4327-99f8-7809c666c605;438.75;0.2080898;BUY
2016-04-20T01:01:01.000000;2016-04-20T01:01:01.796073;d2702828-a318-4f47-b0a2-f3eb0ce76439;438.75;0.24872765;BUY
2016-04-20T01:01:02.000000;2016-04-20T01:01:02.073066;e117718c-d2c5-4a68-9c5b-d9be86f7b74a;438.75;0.11943017;BUY
2016-04-20T01:01:02.000000;2016-04-20T01:01:02.158081;c0142e7f-3256-4b0e-98d3-8742fe22a4c7;438.75;0.20825539;BUY
2016-04-20T01:01:02.000000;2016-04-20T01:01:02.331095;b58b7c15-a0a6-462a-a831-65b94af11536;438.75;0.01557677;BUY
2016-04-20T01:01:02.000000;2016-04-20T01:01:02.434085;d479d00e-8764-465d-9f71-0db61a2341c6;438.75;0.1292977;BUY
2016-04-20T01:01:02.000000;2016-04-20T01:01:02.818137;c447a569-afa8-4cbd-bce9-5e9d960285c4;438.75;0.01557642;BUY
2016-04-20T01:01:02.000000;2016-04-20T01:01:02.830115;554db028-714f-4639-a50b-7b2fc5748ab9;438.75;0.11953063;BUY
2016-04-20T01:01:02.000000;2016-04-20T01:01:02.872129;2c036fbf-02b8-4606-8a34-ec74da70ce8e;438.75;0.2080898;BUY
2016-04-20T01:01:02.000000;2016-04-20T01:01:02.889187;c2d29160-b282-464b-a3b1-bd65c6b0dcfd;438.75;0.11971262;BUY
2016-04-20T01:01:02.000000;2016-04-20T01:01:02.936126;b4c7d72a-15b2-40b4-9158-b37f55a2ff43;438.75;0.1198188;BUY
2016-04-20T01:01:02.000000;2016-04-20T01:01:02.974343;467248ba-b3cd-4d93-aed3-b1be8aed46d4;438.75;0.11969899;BUY
2016-04-20T01:01:02.000000;2016-04-20T01:01:03.049167;6e9ea03e-2fa5-4328-beeb-0307a37ee1c6;438.75;0.11971262;BUY
2016-04-20T01:01:02.000000;2016-04-20T01:01:03.067155;ce4bf215-9606-4905-8da7-f2abccc56407;438.75;0.01557642;BUY
2016-04-20T01:01:02.000000;2016-04-20T01:01:03.079152;df7c659c-c958-4f0e-a645-4eb4f91efa7c;438.75;0.11969899;BUY
2016-04-20T01:01:02.000000;2016-04-20T01:01:03.110153;0d04ae58-2733-49be-bc29-b4f359c5cc61;438.75;0.1195279;BUY
2016-04-20T01:01:02.000000;2016-04-20T01:01:03.143159;d3c0eba1-d65a-4b1e-b106-7d4d78688986;438.75;0.0536761;BUY
2016-04-20T01:01:03.000000;2016-04-20T01:01:03.439190;fc487de0-51f6-4f4f-9465-4d1152e52c4e;438.75;0.11943017;BUY
2016-04-20T01:01:03.000000;2016-04-20T01:01:03.505212;0761f71a-2f5c-45df-bf09-2eb78f4be2c7;438.75;0.01557606;BUY
2016-04-20T01:01:03.000000;2016-04-20T01:01:03.540187;d9a9b5f9-e7f3-40c3-923d-92bace803639;438.75;0.11969626;BUY
2016-04-20T01:01:03.000000;2016-04-20T01:01:03.889371;714b9738-2820-4843-9225-748283c426e7;438.75;0.11971262;BUY
2016-04-20T01:01:03.000000;2016-04-20T01:01:03.978274;17e7b464-50e1-4347-b914-c3e1f32d00b7;438.75;0.2080898;BUY
2016-04-20T01:01:03.000000;2016-04-20T01:01:03.996246;5c8179a4-7b2e-44d8-b668-585ac0c04221;438.75;0.11942473;BUY
2016-04-20T01:01:03.000000;2016-04-20T01:01:04.042248;30928304-e25d-45ad-9a34-628e80b341f1;438.75;0.11895253;BUY
2016-04-20T01:01:03.000000;2016-04-20T01:01:04.047255;1e198c42-e02d-483c-9044-25d6daa37c53;438.75;0.05797108;BUY
2016-04-20T01:01:04.000000;2016-04-20T01:01:04.166269;5349abdc-37f4-471b-a666-2c2aab466109;438.75;0.2080898;BUY
2016-04-20T01:01:04.000000;2016-04-20T01:01:04.218299;93d6a8a7-12ea-49bb-9260-8e39880949ef;438.75;0.11953063;BUY
2016-04-20T01:01:04.000000;2016-04-20T01:01:04.268262;0b419ec9-10e0-44c4-b847-975b69113fde;438.75;0.11971262;BUY
2016-04-20T01:01:04.000000;2016-04-20T01:01:04.290271;1c0a165b-4e51-4d4e-b08b-899eb8b08705;438.75;0.01557642;BUY
2016-04-20T01:01:04.000000;2016-04-20T01:01:04.761328;4ca07214-e9e8-439b-a1be-183767c59576;438.75;0.04993007;BUY
2016-04-20T01:01:05.000000;2016-04-20T01:01:05.729408;6f17888f-2e29-4823-aaf2-618d678a9eb1;438.75;0.31760769;BUY
2016-04-20T01:01:05.000000;2016-04-20T01:01:05.761428;ac7e7988-5ab1-4b9d-be77-e26e814314b8;438.75;0.11942473;BUY
2016-04-20T01:01:06.000000;2016-04-20T01:01:06.242462;7b7f6eb7-84cd-4e57-83e2-ceb097d8e369;438.75;0.17692361;BUY
2016-04-20T01:01:06.000000;2016-04-20T01:01:06.822526;696b2306-1d7f-4a24-829c-5318f70a7595;438.75;0.17692361;BUY
2016-04-20T01:01:06.000000;2016-04-20T01:01:06.845516;fbdd90ac-bc67-4bee-ae7a-43182b1cd98c;438.75;0.1198188;BUY
2016-04-20T01:01:07.000000;2016-04-20T01:01:07.446621;a5c708cd-9144-4378-86df-b6e232cd1f77;438.75;0.17709667;BUY
2016-04-20T01:01:07.000000;2016-04-20T01:01:07.868616;77785142-e7de-4437-8141-b3c38ca2230a;438.75;0.13145963;BUY
2016-04-20T01:01:08.000000;2016-04-20T01:01:08.287670;619b73ee-4319-439e-8e0e-c4c83e63cb88;438.75;0.44801494;BUY
2016-04-20T01:01:08.000000;2016-04-20T01:01:08.317668;f43c87da-fd6d-4ac5-bc20-772b6fcb493d;438.75;0.03829016;BUY
2016-04-20T01:01:08.000000;2016-04-20T01:01:08.434686;3432b45e-2ef1-440e-a23c-60528e70ea2e;438.75;0.36842379;BUY
2016-04-20T01:01:08.000000;2016-04-20T01:01:08.671712;4b2a58ed-fc6a-4f18-9725-d8b75a25f022;438.75;0.29999373;BUY
2016-04-20T01:01:09.000000;2016-04-20T01:01:09.150761;e6caf8f8-381b-481e-acfe-7d199d2ec67c;438.75;0.06628361;BUY
2016-04-20T01:01:09.000000;2016-04-20T01:01:09.231775;9ef4e37b-29cd-42c4-845d-8c56bcd50ef9;438.75;0.4484634;BUY
2016-04-20T01:01:09.000000;2016-04-20T01:01:09.259792;e81c0779-7e49-4799-8570-3f336a1f6b1a;438.75;0.06580084;BUY
2016-04-20T01:01:09.000000;2016-04-20T01:01:09.363804;9f2e5c36-aa10-49d3-8770-b150aec50b11;438.75;0.29385181;BUY
2016-04-20T01:01:09.000000;2016-04-20T01:01:09.382802;08b1a9b7-ba6a-4b46-bcaf-5028c14dc33a;438.75;0.04408;BUY
2016-04-20T01:01:09.000000;2016-04-20T01:01:09.451790;75d881f4-889e-4ef7-a8ea-9e6cbb871eea;438.75;0.36879258;BUY
2016-04-20T01:01:09.000000;2016-04-20T01:01:09.671848;70199a0e-614d-44ef-9c9c-db0ff16326e9;438.75;0.06580157;BUY
2016-04-20T01:01:10.000000;2016-04-20T01:01:10.363918;09fe1768-ee44-4461-9d45-325577f38554;438.75;0.06580084;BUY
2016-04-20T01:01:10.000000;2016-04-20T01:01:10.383870;3c4dcebe-78a1-47bf-bf4b-5c96545650d3;438.75;0.44829384;BUY
2016-04-20T01:01:10.000000;2016-04-20T01:01:10.404884;2c01a9a7-a9de-4b58-8ba4-890350fb52e8;438.75;0.06716616;BUY
2016-04-20T01:01:10.000000;2016-04-20T01:01:10.421923;7efb0be8-8d80-4055-9ef2-aa0546e74ffc;438.75;0.03823544;BUY
2016-04-20T01:01:10.000000;2016-04-20T01:01:10.448879;b554eff0-a164-4765-9f6c-4093553d466c;438.75;0.0656411;BUY
2016-04-20T01:01:10.000000;2016-04-20T01:01:10.596890;f91ed3cd-19a8-4fa6-bcfd-7f1c91eb6485;438.75;0.06695858;BUY
2016-04-20T01:01:10.000000;2016-04-20T01:01:10.751922;eb60643a-2b76-4a49-9d68-3e74a3e1652f;438.75;0.41643949;BUY
2016-04-20T01:01:10.000000;2016-04-20T01:01:10.804941;aa2ce0cf-8d81-463e-a995-acfa00febb37;438.75;0.03057768;BUY
2016-04-20T01:01:11.000000;2016-04-20T01:01:11.102951;545d870a-a578-4ffa-83ab-d923a023d57c;438.75;0.06716277;BUY
2016-04-20T01:01:11.000000;2016-04-20T01:01:11.292977;0cfceeb5-aab5-4a52-b6c8-baa80fad1d6e;438.75;0.29355796;BUY
2016-04-20T01:01:12.000000;2016-04-20T01:01:12.178052;61563bc0-e6d1-4499-92d9-d25add3b1059;438.75;0.0672288;BUY
2016-04-20T01:01:12.000000;2016-04-20T01:01:12.205067;61d28121-3284-4b7d-9a8a-b6794bb5c939;438.75;0.00446353;BUY
2016-04-20T01:01:12.000000;2016-04-20T01:01:12.223068;95ee4114-3805-4b62-9174-ebd3a812987e;438.75;0.44383031;BUY
2016-04-20T01:01:12.000000;2016-04-20T01:01:12.265085;0cab224b-4924-42f8-9458-5d78fe73c7a2;438.75;0.06716616;BUY
2016-04-20T01:01:12.000000;2016-04-20T01:01:12.356071;800cc2c9-78c3-43a8-a341-308d147d0c6e;438.75;0.06580084;BUY
2016-04-20T01:01:12.000000;2016-04-20T01:01:12.495091;9b77f508-64c7-4d35-864b-80fa725a971a;438.75;0.44829384;BUY
2016-04-20T01:01:12.000000;2016-04-20T01:01:12.514091;1f694187-fe06-4808-8352-e5602049383e;438.75;0.29355796;BUY
2016-04-20T01:01:12.000000;2016-04-20T01:01:12.581093;e3f307c5-e1bc-439c-995f-dcaab9160c0e;438.75;0.06716616;BUY
2016-04-20T01:01:12.000000;2016-04-20T01:01:13.051158;b5aaeccb-71fa-4a90-89e0-98db53737896;438.75;0.29355796;BUY
2016-04-20T01:01:13.000000;2016-04-20T01:01:13.098146;d348b1cf-47ca-451d-a199-245fdc3c2ca7;438.75;0.06716616;BUY
2016-04-20T01:01:13.000000;2016-04-20T01:01:13.973245;866af4f2-666a-46d2-8758-a8dac7b9e1ed;438.75;0.55166671;BUY
2016-04-20T01:01:13.000000;2016-04-20T01:01:14.007235;e44ac31c-91f0-4884-b483-33b5aac4f94f;438.75;0.55166671;BUY
2016-04-20T01:01:28.000000;2016-04-20T01:01:28.551690;40c7246b-d120-4d53-a6a7-5cdb58fd72df;438.72;0.39999487;BUY
2016-04-20T01:01:54.000000;2016-04-20T01:01:55.003369;076a3b3e-166b-4d33-b61d-a8059b9900df;438.69;0.39999488;BUY
2016-04-20T01:02:06.000000;2016-04-20T01:02:06.365469;ef9ba5f3-b572-4877-8ab4-dcc38a341c42;438.67;0.4;BUY
2016-04-20T01:02:06.000000;2016-04-20T01:02:06.381473;f5d47e01-9a1f-401d-8063-43bf222af662;438.68;0.15166671;BUY
2016-04-20T01:02:06.000000;2016-04-20T01:02:06.486498;76f2be97-e4f5-4b5d-ad9d-7af71eade5c6;438.68;0.07633329;BUY
2016-04-20T01:02:06.000000;2016-04-20T01:02:06.493493;24e8b22b-3069-4c17-aaea-af3e6d46e13b;438.69;0.21722467;BUY
2016-04-20T01:02:07.000000;2016-04-20T01:02:07.291563;d67f941b-6d62-4ec5-be20-c55d78f3cea1;438.69;0.44838669;BUY
2016-04-20T01:02:07.000000;2016-04-20T01:02:07.873639;91637168-9c14-4912-b755-4fff71a5fc4f;438.69;0.29335888;BUY
2016-04-20T01:02:08.000000;2016-04-20T01:02:08.530699;69bea9f2-67ce-4e4e-b179-edb7874ffbcd;438.69;0.3697589;BUY
2016-04-20T01:02:08.000000;2016-04-20T01:02:08.727745;a6d27d0f-64b4-47c5-b984-2dc044616182;438.69;0.28538365;BUY
2016-04-20T01:02:09.000000;2016-04-20T01:02:09.059763;2e17c021-d280-44c5-88bb-43525ff77a22;438.69;0.03051059;BUY
2016-04-20T01:02:10.000000;2016-04-20T01:02:10.089844;b5e7afa5-8ece-4abf-8b04-e5f08d81c936;438.69;0.05736836;BUY
2016-04-20T01:02:11.000000;2016-04-20T01:02:11.230953;6a145d3c-18d8-45b3-a3cb-3645358d586c;438.69;0.28128572;BUY
2016-04-20T01:02:13.000000;2016-04-20T01:02:13.630233;e768c90c-4c88-40db-9455-670f8bf3ed56;438.68;0.31856784;BUY
2016-04-20T01:02:14.000000;2016-04-20T01:02:14.386298;93d24bfe-76f6-4e7c-a282-3141bddb92b4;438.68;0.08143216;BUY
2016-04-20T01:02:14.000000;2016-04-20T01:02:14.407293;6719cb98-a997-40ed-920f-1ab928daf17f;438.69;0.35254477;BUY
2016-04-20T01:02:15.000000;2016-04-20T01:02:15.549400;6f2d5dfe-88eb-42d0-9de1-3d6fc5257797;438.49;0.0440868;SELL
2016-04-20T01:02:15.000000;2016-04-20T01:02:15.919446;be2acbeb-d121-4d0e-8d8d-7698bef65fbe;438.69;0.4398241;BUY
2016-04-20T01:02:20.000000;2016-04-20T01:02:20.842951;5f3b2ffb-c4a3-440d-8a7e-c1cda2e73283;438.69;0.02626985;BUY
2016-04-20T01:02:20.000000;2016-04-20T01:02:20.848934;e764d6f4-face-4c05-acc0-dfa65307121b;438.69;0.2014022;BUY
2016-04-20T01:02:21.000000;2016-04-20T01:02:21.766046;f7181d3d-f3c0-4acb-a08f-d85914982bf0;438.69;0.20135647;BUY
2016-04-20T01:02:21.000000;2016-04-20T01:02:21.780061;377aa6a7-9596-48c9-9e44-6f1c414e1f5d;438.69;0.02626388;BUY
2016-04-20T01:02:21.000000;2016-04-20T01:02:21.870062;c9d5cfa0-aae7-47f5-b089-621d8614915c;438.69;0.31976088;BUY
2016-04-20T01:02:23.000000;2016-04-20T01:02:23.317164;ceb8797a-0da1-4728-be6e-58996a2e6978;438.69;0.02312957;BUY
2016-04-20T01:02:24.000000;2016-04-20T01:02:24.800330;432098ee-08ac-4bc6-a741-5305073eb18a;438.69;0.02326245;BUY
2016-04-20T01:02:24.000000;2016-04-20T01:02:25.300363;e21555d3-ed9e-4661-ab34-74cca7bb0da7;438.69;0.0264381;BUY
2016-04-20T01:02:25.000000;2016-04-20T01:02:25.654445;e27cfc76-1b51-4f5f-98b6-265f6dcb27ec;438.69;0.10620619;BUY
2016-04-20T01:02:25.000000;2016-04-20T01:02:25.799433;d1266b32-a387-4254-9de1-83228b0f91cd;438.69;0.01385298;BUY
2016-04-20T01:02:26.000000;2016-04-20T01:02:26.401482;1ac8d987-02a6-4659-8c74-effb732501d9;438.69;0.0264381;BUY
2016-04-20T01:02:26.000000;2016-04-20T01:02:26.453477;036e9c31-a09b-4f3f-9312-7ce835f4398f;438.69;0.01386716;BUY
2016-04-20T01:02:26.000000;2016-04-20T01:02:26.549527;ef07b5ea-28d1-4abd-97b7-779788cbaa7d;438.69;0.10620619;BUY
2016-04-20T01:02:26.000000;2016-04-20T01:02:26.729502;01e02673-f84f-4743-acea-44f0279099e1;438.69;0.0264381;BUY
2016-04-20T01:02:28.000000;2016-04-20T01:02:28.517694;b2a4058f-6d45-4b48-a3c2-142506707cfc;438.68;0.1505898;BUY
2016-04-20T01:02:29.000000;2016-04-20T01:02:29.810839;0120fd80-e3e6-431a-bb63-a6e9a581b914;438.68;0.0774102;BUY
2016-04-20T01:02:29.000000;2016-04-20T01:02:29.816827;bc7a4e33-9f97-4dce-9e07-31f8f2f80c6b;438.69;0.13731032;BUY
2016-04-20T01:02:30.000000;2016-04-20T01:02:30.217897;2c5c67a5-ca18-4adc-ae5d-4614a076e2d9;438.69;0.21493056;BUY
2016-04-20T01:02:30.000000;2016-04-20T01:02:30.246864;1e5c8764-b7e3-43df-a015-f7ce0058dd52;438.69;0.07208178;BUY
2016-04-20T01:02:30.000000;2016-04-20T01:02:30.330880;7d78ac1c-ff42-4742-b194-188313a8d086;438.69;0.07208178;BUY
2016-04-20T01:02:30.000000;2016-04-20T01:02:30.903928;8fbb26da-d694-445f-b48e-e218a4d7b9fa;438.69;0.07209735;BUY
2016-04-20T01:02:30.000000;2016-04-20T01:02:30.948953;dcfeb170-0e09-4e6e-93cf-6d808eb45bcf;438.69;0.21492076;BUY
2016-04-20T01:02:30.000000;2016-04-20T01:02:30.967933;a52cba41-7299-4233-85a7-8426b330a151;438.69;0.21515505;BUY
2016-04-20T01:02:30.000000;2016-04-20T01:02:30.994001;052844f9-bae2-41b4-818f-e823977633b9;438.69;0.21472052;BUY
2016-04-20T01:02:30.000000;2016-04-20T01:02:31.022939;1593a7ff-39e9-43d6-830d-05f84e44f87e;438.69;0.07215707;BUY
2016-04-20T01:02:32.000000;2016-04-20T01:02:32.522109;0209aece-7e3f-4800-8e86-95b538d8a629;438.69;0.21493056;BUY
2016-04-20T01:02:34.000000;2016-04-20T01:02:34.686307;21a1e72b-fdf1-45fb-af25-1ed14c99b4f7;438.69;0.020369;BUY
2016-04-20T01:02:34.000000;2016-04-20T01:02:34.772635;af8f6bfc-38e8-4f7f-84b1-c8da728dcbd1;438.69;0.15616237;BUY
2016-04-20T01:02:35.000000;2016-04-20T01:02:35.263363;64661fde-5294-4b25-993d-99c2eee12a83;438.69;0.05145356;BUY
2016-04-20T01:02:35.000000;2016-04-20T01:02:35.365379;39d6fa61-4b34-43a3-ba48-59794678bde4;438.69;0.1012132;BUY
2016-04-20T01:02:35.000000;2016-04-20T01:02:35.391395;93ec7e48-bf60-4a86-b38e-a1aa5d021035;438.69;0.01320172;BUY
2016-04-20T01:02:35.000000;2016-04-20T01:02:35.944434;a62b4fd7-7745-457b-9beb-c7ccf6950ee8;438.69;0.0515039;BUY
2016-04-20T01:02:37.000000;2016-04-20T01:02:37.034540;b64b5196-9764-4b30-a7e3-8044eb903a09;438.69;0.05145356;BUY
2016-04-20T01:02:37.000000;2016-04-20T01:02:37.340568;c3ed385d-3f45-4137-9950-571351f3c3f3;438.69;0.32292109;BUY
2016-04-20T01:02:37.000000;2016-04-20T01:02:37.517604;e94ca87a-c468-4418-990a-8b1eedd7d93a;438.69;0.30979977;BUY
2016-04-20T01:02:37.000000;2016-04-20T01:02:37.593611;cbe9221f-81c1-4c27-8ef3-f4a5a1a2c31f;438.69;0.04040866;BUY
2016-04-20T01:02:37.000000;2016-04-20T01:02:37.654608;baa53233-26fb-49f5-a50d-c808a8aecdbf;438.69;0.02484402;BUY
2016-04-20T01:02:37.000000;2016-04-20T01:02:37.673613;acb27961-880a-4474-aa11-31a3d96b9c40;438.69;0.19047082;BUY
2016-04-20T01:02:37.000000;2016-04-20T01:02:38.304763;59727515-88df-4712-9c22-1e09b6cbf11c;438.69;0.3097617;BUY
2016-04-20T01:02:37.000000;2016-04-20T01:02:38.318675;b8d4afa5-22b0-48df-b5fb-bb9b4943e48f;438.69;0.0404037;BUY
2016-04-20T01:02:37.000000;2016-04-20T01:02:38.388680;46947434-0d59-44a7-8bf1-171b1cc934e2;438.69;0.05144723;BUY
2016-04-20T01:02:38.000000;2016-04-20T01:02:38.993730;1838e40b-6e5e-41fb-8be9-f3bcb0aac7ed;438.69;0.0404423;BUY
2016-04-20T01:02:39.000000;2016-04-20T01:02:39.100793;8de87e89-7f85-41fd-99fb-13f66c4d483e;438.69;0.30979977;BUY
2016-04-20T01:02:39.000000;2016-04-20T01:02:39.229763;6c7bec88-eb34-4201-830d-e036820e1d86;438.69;0.04044634;BUY
2016-04-20T01:02:39.000000;2016-04-20T01:02:40.135886;e8b367b2-cdfc-4d4b-a972-c39ce6545ca0;438.7;0.04421242;BUY
2016-04-20T01:02:39.000000;2016-04-20T01:02:40.140890;d0e87b5f-654b-4a16-b1e0-84011496cfda;438.7;0.04040185;BUY
2016-04-20T01:02:39.000000;2016-04-20T01:02:40.242881;86c1455b-bccb-4fce-bf5c-5a3fbf480a84;438.7;0.31005763;BUY
2016-04-20T01:02:39.000000;2016-04-20T01:02:40.319920;1dd72ed9-5f03-4224-80db-3a01c4e4bfc7;438.7;0.05149638;BUY
2016-04-20T01:02:39.000000;2016-04-20T01:02:40.447879;b2aa2401-a218-48ad-8df9-45b0985da7f8;438.7;0.3097617;BUY
2016-04-20T01:02:40.000000;2016-04-20T01:02:41.104967;200b9932-8719-4e22-a130-4cc1d69570a3;438.7;0.0404037;BUY
2016-04-20T01:02:41.000000;2016-04-20T01:02:41.960040;d17ac618-a165-4647-84ee-ec2e9faed364;438.7;0.31005763;BUY
2016-04-20T01:02:41.000000;2016-04-20T01:02:41.965042;ece6d95b-0c19-4d58-8e56-a557738784a9;438.7;0.04040185;BUY
2016-04-20T01:02:41.000000;2016-04-20T01:02:42.036044;1a31af37-9a3b-4dbf-9467-efbbc20c9b81;438.7;0.04421242;BUY
2016-04-20T01:02:42.000000;2016-04-20T01:02:42.492107;e0ec35fd-0311-4eb7-925a-3ed468cde27e;438.7;0.05149638;BUY
2016-04-20T01:02:42.000000;2016-04-20T01:02:42.521319;be468db5-4dd9-4a99-a5f5-bb10b055ae6f;438.7;0.04421242;BUY
2016-04-20T01:02:42.000000;2016-04-20T01:02:42.973148;b0900046-1fcd-4da2-8834-32960f5c868e;438.7;0.2477463;BUY
2016-04-20T01:02:43.000000;2016-04-20T01:02:43.033158;7d767a37-411c-4c74-b082-e6f4321badae;438.7;0.05149638;BUY
2016-04-20T01:02:43.000000;2016-04-20T01:02:43.112170;7a236202-fc47-4d4f-9f87-31cfd95a22f3;438.7;0.05144723;BUY
2016-04-20T01:02:43.000000;2016-04-20T01:02:43.119155;28b681af-8fc3-4b4d-8f1b-6144786499df;438.7;0.04421242;BUY
2016-04-20T01:02:44.000000;2016-04-20T01:02:44.209266;6649b937-7c4f-4fd2-bad9-b797cdb2b1ef;438.7;0.04368783;BUY
2016-04-20T01:02:48.000000;2016-04-20T01:02:48.334727;a4870030-d9aa-4d03-93ce-5704a06e45cb;438.69;0.32501057;BUY
2016-04-20T01:02:49.000000;2016-04-20T01:02:49.218773;6f909291-a973-4a63-bced-7d11794b6abb;438.69;0.03134974;BUY
2016-04-20T01:02:49.000000;2016-04-20T01:02:49.238786;385acb71-00ee-43d8-b795-be087c2d6529;438.69;0.24034807;BUY
2016-04-20T01:02:50.000000;2016-04-20T01:02:50.547902;632a2c05-ba4b-47cd-a6ca-95c36f510fe2;438.68;0.03134974;BUY
2016-04-20T01:02:50.000000;2016-04-20T01:02:50.945952;6e4db5b5-73dd-44e0-b592-f753d8c61b22;438.68;0.03134974;BUY
2016-04-20T01:02:51.000000;2016-04-20T01:02:51.282009;37383922-9d7c-403b-b0f7-80fb1cda901f;438.68;0.03134974;BUY
2016-04-20T01:02:52.000000;2016-04-20T01:02:53.034136;8a3da594-76c3-4f0c-aaab-08a7b1c82399;438.68;0.30594478;BUY
2016-04-20T01:02:55.000000;2016-04-20T01:02:55.843503;1ea56545-0e08-42d3-b293-dcf99b7f1114;438.69;0.01465165;BUY
2016-04-20T01:02:55.000000;2016-04-20T01:02:55.871440;d8823d76-60d2-4727-b1e2-d502e2ceffef;438.69;0.11232937;BUY
2016-04-20T01:02:55.000000;2016-04-20T01:02:55.974447;4de38d35-1e90-407f-8aac-ff5d135e32b4;438.69;0.02233675;BUY
2016-04-20T01:02:55.000000;2016-04-20T01:02:56.009884;73e894f1-60bc-44c0-a99b-e1d247c0e339;438.69;0.17124844;BUY
2016-04-20T01:02:56.000000;2016-04-20T01:02:56.875527;b6ad3902-1899-4729-bb8e-107cccf27c3d;438.69;0.29852119;BUY
2016-04-20T01:02:56.000000;2016-04-20T01:02:56.894527;d24f27a0-c590-49e6-afca-e1e416f8844f;438.69;0.03717053;BUY
2016-04-20T01:02:56.000000;2016-04-20T01:02:56.955563;b532cda8-00f9-47bb-a2f9-d2136ee44f13;438.69;0.2849741;BUY
2016-04-20T01:02:57.000000;2016-04-20T01:02:57.347579;8fa3fa47-4dc2-456e-af52-6c4a9aabdc86;438.69;0.06381853;BUY
2016-04-20T01:02:57.000000;2016-04-20T01:02:57.543083;ca7bd377-1ee1-4712-8872-cc4e1085ba65;438.69;0.28525936;BUY
2016-04-20T01:02:57.000000;2016-04-20T01:02:57.779625;42752769-dd94-4ad4-aac8-a839c25a656e;438.69;0.01465165;BUY
2016-04-20T01:02:57.000000;2016-04-20T01:02:57.803623;01fe8df8-2929-430c-945f-320c333f4db9;438.69;0.07275606;BUY
2016-04-20T01:02:57.000000;2016-04-20T01:02:57.845617;bbfee2a8-be10-44bb-9185-939c3826f30d;438.69;0.11232937;BUY
2016-04-20T01:02:58.000000;2016-04-20T01:02:58.454678;1becb666-c0ff-46eb-aa94-88f4fee2de44;438.69;0.01465165;BUY
2016-04-20T01:02:58.000000;2016-04-20T01:02:58.504694;ceb3e3c7-419e-4932-8a73-a2aeba46efeb;438.69;0.11232937;BUY
2016-04-20T01:02:58.000000;2016-04-20T01:02:58.527714;d726456d-a223-43b6-b51b-33462cc14942;438.69;0.02794271;BUY
2016-04-20T01:02:58.000000;2016-04-20T01:02:58.638702;4aeee63c-a50f-40c5-9ac1-43aab906d6a5;438.69;0.21422749;BUY
2016-04-20T01:02:58.000000;2016-04-20T01:02:58.692716;74f7d971-a644-4cf5-8079-083502cb436b;438.69;0.17140814;BUY
2016-04-20T01:02:59.000000;2016-04-20T01:02:59.535824;f285ad4b-ebb0-4138-8cd1-940c94ac9bc4;438.7;0.12709653;BUY
2016-04-20T01:02:59.000000;2016-04-20T01:02:59.578835;6212e9b6-1704-45c3-b28e-987cb505bd51;438.7;0.06452463;BUY
2016-04-20T01:03:03.000000;2016-04-20T01:03:04.057367;b2fab0bb-d3cb-4867-a8e2-ff1ad1bdf552;438.7;0.2629307;BUY
2016-04-20T01:03:07.000000;2016-04-20T01:03:07.902666;558a2c22-1728-4a89-b81c-870638673886;438.69;0.03321812;BUY
2016-04-20T01:03:08.000000;2016-04-20T01:03:08.291662;c90a1481-d44e-4f74-b765-459a6f9d2c65;438.69;0.38740571;BUY
2016-04-20T01:03:08.000000;2016-04-20T01:03:08.385673;5265fcb9-5bb6-496d-b28e-b987b7f5649d;438.69;0.01465165;BUY
2016-04-20T01:03:09.000000;2016-04-20T01:03:09.603809;7b87f141-0f9d-4765-bc9a-6199188e5014;438.69;0.02796941;BUY
2016-04-20T01:03:09.000000;2016-04-20T01:03:09.813376;efe00ead-5a26-4a6a-bb7b-dd7b2a3a1f41;438.69;0.12723825;BUY
2016-04-20T01:03:09.000000;2016-04-20T01:03:09.833303;020d8c36-9f89-489a-b80c-3755193e20e1;438.69;0.15297195;BUY
2016-04-20T01:03:09.000000;2016-04-20T01:03:09.912827;03a2eabc-dac9-430d-90ea-b204d9dd9de9;438.69;0.17140814;BUY
2016-04-20T01:03:09.000000;2016-04-20T01:03:09.966843;d1606104-62c3-4a18-a0e5-07d70a0c4e76;438.69;0.03321812;BUY
2016-04-20T01:03:09.000000;2016-04-20T01:03:09.997835;bb46cc28-2228-4de1-903e-a713cfd93633;438.69;0.05015273;BUY
2016-04-20T01:03:10.000000;2016-04-20T01:03:10.194869;5df3c4f5-0afc-4dce-80ee-5845cd211360;438.69;0.38450427;BUY
2016-04-20T01:03:10.000000;2016-04-20T01:03:10.229866;e7b2cf93-e4d2-407d-94d9-efee5abc5759;438.69;0.15297195;BUY
2016-04-20T01:03:10.000000;2016-04-20T01:03:10.260867;3b59a795-3026-49a3-afb4-613a964eebeb;438.69;0.03325213;BUY
2016-04-20T01:03:10.000000;2016-04-20T01:03:10.666900;dc91237f-690e-40c9-bf5b-2717c5a8aaae;438.69;0.0279726;BUY
2016-04-20T01:03:10.000000;2016-04-20T01:03:10.741907;e259d2a7-0cd1-41c4-8974-b804998992fd;438.69;0.03325212;BUY
2016-04-20T01:03:10.000000;2016-04-20T01:03:10.750987;d0c61701-aafe-4c59-b312-56185798273a;438.69;0.12709653;BUY
2016-04-20T01:03:10.000000;2016-04-20T01:03:11.021461;f43aefb1-622a-4120-ad9b-a6e469890119;438.69;0.12709653;BUY
2016-04-20T01:03:11.000000;2016-04-20T01:03:11.147960;b24093e5-8104-48ef-8237-c354048bb592;438.7;0.05015273;BUY
2016-04-20T01:03:11.000000;2016-04-20T01:03:11.193959;9b30bfde-e60c-4abc-a56c-cdc8c4efa850;438.7;0.12722375;BUY
2016-04-20T01:03:11.000000;2016-04-20T01:03:11.567006;972f4106-e594-4efc-b9e5-a1b8e46c96c0;438.7;0.12709653;BUY
2016-04-20T01:03:11.000000;2016-04-20T01:03:11.672026;8890c878-de1c-47ff-9a12-86a552ff821f;438.7;0.38450427;BUY
2016-04-20T01:03:11.000000;2016-04-20T01:03:11.732056;4e3d9702-354f-4911-9d6a-1a493ec713b9;438.7;0.12720345;BUY
2016-04-20T01:03:11.000000;2016-04-20T01:03:11.758042;4f5ed02f-5d6a-445b-ab3e-67c8474ecfbc;438.7;0.05019264;BUY
2016-04-20T01:03:11.000000;2016-04-20T01:03:11.775022;0ac0220d-4793-4ce6-9600-2638e08c05ce;438.7;0.03325212;BUY
2016-04-20T01:03:11.000000;2016-04-20T01:03:12.013075;560bd3f1-6aa8-4615-a70a-ee9157ea0127;438.7;0.02723482;BUY
2016-04-20T01:03:11.000000;2016-04-20T01:03:12.069047;80b68f0b-c984-49fb-b3df-11a6480a4f6a;438.7;0.20888589;BUY
2016-04-20T01:03:11.000000;2016-04-20T01:03:12.105057;63fb113d-03a6-4674-9fcd-fffdb706b763;438.7;0.0279726;BUY
2016-04-20T01:03:12.000000;2016-04-20T01:03:12.293122;0e7a5319-a7e7-44f4-a8bc-11d0b9cac78a;438.7;0.02799421;BUY
2016-04-20T01:03:12.000000;2016-04-20T01:03:12.297078;f19e8c24-a50a-45e3-ab8e-401e6938c9c1;438.7;0.38450427;BUY
2016-04-20T01:03:12.000000;2016-04-20T01:03:12.952144;2382a899-ec1f-4e70-a5a3-e00ad1359297;438.7;0.38450427;BUY
2016-04-20T01:03:13.000000;2016-04-20T01:03:13.532197;3eca8a3e-8a00-4ab8-8f92-de90b1c32981;438.7;0.05019264;BUY
2016-04-20T01:03:13.000000;2016-04-20T01:03:13.557246;565ed459-45fd-4ab8-8608-d11c2d3bc08a;438.7;0.12720345;BUY
2016-04-20T01:03:17.000000;2016-04-20T01:03:17.093577;4426b47a-732c-440d-90e5-09be9964da02;438.7;0.30797585;BUY
2016-04-20T01:03:19.000000;2016-04-20T01:03:19.800831;66ab8535-276f-42b2-b9d1-d31466db2f8c;438.69;0.13877694;BUY
2016-04-20T01:03:20.000000;2016-04-20T01:03:20.089869;d7a365ea-4a17-4494-8d7c-6cf69324a456;438.69;0.55214456;BUY
2016-04-20T01:03:21.000000;2016-04-20T01:03:21.454987;cf8e334e-9fd4-4b82-86ec-2393962493f0;438.69;0.13877694;BUY
2016-04-20T01:03:34.000000;2016-04-20T01:03:34.131351;e44ba905-7d1e-4bb8-97c1-f43cb2b77478;438.61;0.15585382;BUY
2016-04-20T01:03:34.000000;2016-04-20T01:03:34.400288;2749dcc3-77d8-4f4d-8c92-efac72edaaac;438.61;0.02032875;BUY
2016-04-20T01:03:34.000000;2016-04-20T01:03:34.525297;b0639e9b-d0a1-46c1-9f05-493823ac0495;438.61;0.02809522;BUY
2016-04-20T01:03:35.000000;2016-04-20T01:03:35.938432;c6d5d286-64dd-4782-83b6-26d66841ca6a;438.61;0.02943638;BUY
2016-04-20T01:03:36.000000;2016-04-20T01:03:36.259455;4616c431-45fd-463f-9c38-25436e135440;438.61;0.03875612;BUY
2016-04-20T01:03:36.000000;2016-04-20T01:03:36.426473;8513f87d-4a71-448d-971b-5611a8985bba;438.61;0.21561228;BUY
2016-04-20T01:03:36.000000;2016-04-20T01:03:36.624529;1cc54e67-6d06-432d-8ad1-6323bdea285f;438.61;0.02961769;BUY
2016-04-20T01:03:36.000000;2016-04-20T01:03:37.008531;d0d1e34e-1137-46df-91c0-7627ee401163;438.61;0.02812334;BUY
2016-04-20T01:03:37.000000;2016-04-20T01:03:37.196567;7f244a3e-27f1-4af6-9228-56716584b0a8;438.61;0.11859952;BUY
2016-04-20T01:03:37.000000;2016-04-20T01:03:37.258592;67b33247-86e9-42a7-ae78-3d58d0dbcf1b;438.61;0.02943638;BUY
2016-04-20T01:03:37.000000;2016-04-20T01:03:37.530608;dbfc14f3-adf1-44c4-a624-d5dd1218c5bc;438.61;0.21539667;BUY
2016-04-20T01:03:37.000000;2016-04-20T01:03:37.535618;6ed4cc6a-c709-45f7-995b-f8b89c389ae4;438.61;0.909263;BUY
2016-04-20T01:03:37.000000;2016-04-20T01:03:37.867645;c5014577-7c3f-4986-8628-3e4701ced89e;438.61;0.03875612;BUY
2016-04-20T01:03:38.000000;2016-04-20T01:03:38.107651;747eff80-46e3-4e66-b013-ee3e5e455912;438.61;0.02045164;BUY
2016-04-20T01:03:38.000000;2016-04-20T01:03:38.593696;1961d000-76b1-480a-9abb-c32ef7ade296;438.61;0.11870471;BUY
2016-04-20T01:03:38.000000;2016-04-20T01:03:38.623706;5da4881c-9027-49f0-82e0-752629bf47f2;438.61;0.00356836;BUY
2016-04-20T01:03:38.000000;2016-04-20T01:03:38.640720;2585374f-deee-48dd-bae1-8df2ac5d690b;438.61;0.1532276;BUY
2016-04-20T01:03:38.000000;2016-04-20T01:03:38.659716;89f75a25-08d4-45cf-a7aa-adc10fbb3dda;438.61;0.21669874;BUY
2016-04-20T01:03:39.000000;2016-04-20T01:03:39.170819;c6299ab1-96f4-447a-89d9-a7ed9a93e03d;438.69;0.909263;BUY
2016-04-20T01:03:39.000000;2016-04-20T01:03:39.246771;8d15a33f-2241-4011-a829-c2abd8c3ff79;438.69;0.21555823;BUY
2016-04-20T01:03:39.000000;2016-04-20T01:03:39.308775;d75af0ec-952b-4fdd-8a8b-32b478bd12cb;438.69;0.1188154;BUY
2016-04-20T01:03:39.000000;2016-04-20T01:03:39.395777;43f8b0c1-a21d-4d6a-b428-76f227d1f912;438.69;0.21539667;BUY
2016-04-20T01:03:39.000000;2016-04-20T01:03:39.648794;ac7a33b7-5415-4a3b-be8f-1cf1c33dde68;438.69;0.909263;BUY
2016-04-20T01:03:40.000000;2016-04-20T01:03:40.790964;c3c6db77-4fdc-4f92-92f1-86bee1792458;438.69;0.01376;BUY
2016-04-20T01:03:40.000000;2016-04-20T01:03:40.835939;c8cffd3a-39f3-4b84-9620-02184c77c0c8;438.69;0.11870471;BUY
2016-04-20T01:03:40.000000;2016-04-20T01:03:40.871934;73200aec-1df6-45a1-88c7-8325585e9e2c;438.69;0.15679596;BUY
2016-04-20T01:03:40.000000;2016-04-20T01:03:40.875917;c34cc5c5-b6e4-44d7-8e1e-06e2adbbeb75;438.69;0.21669874;BUY
2016-04-20T01:03:41.000000;2016-04-20T01:03:41.300015;2bda045a-83fc-4aab-ba84-74447014ddb4;438.7;0.11870471;BUY
2016-04-20T01:03:42.000000;2016-04-20T01:03:42.928122;dc512427-e3ce-4b67-b975-4fa8c9d43d13;438.62;0.55215715;SELL
2016-04-20T01:03:42.000000;2016-04-20T01:03:42.944153;88fd826c-c944-42bf-924e-b0be4f96f3eb;438.62;0.35807827;SELL
2016-04-20T01:03:42.000000;2016-04-20T01:03:42.949174;e6609608-a9f3-4b91-98de-e9f10a50c499;438.61;0.32834318;SELL
2016-04-20T01:03:42.000000;2016-04-20T01:03:42.976128;c0b0edf3-63eb-4818-baae-3cff43acfa39;438.61;0.09186851;SELL
2016-04-20T01:03:42.000000;2016-04-20T01:03:42.982136;069dcd31-b39a-45f2-b9c5-abc149b7e77e;438.61;0.21561228;BUY
2016-04-20T01:03:43.000000;2016-04-20T01:03:43.225165;a6083fc3-fde9-413f-8908-aee704584838;438.61;0.27052928;BUY
2016-04-20T01:03:58.000000;2016-04-20T01:03:58.286684;3305ff2e-3b1f-4fe3-beac-eb166d942e96;438.49;0.01;SELL
2016-04-20T01:04:43.000000;2016-04-20T01:04:43.745253;ea31c03b-27ff-4d1e-8100-80c3e916b197;438.49;0.82280631;SELL
2016-04-20T01:04:43.000000;2016-04-20T01:04:43.767201;8aaec31d-b5a1-4905-9ac8-d2eb3e5220f2;438.47;141.19027927;SELL
2016-04-20T01:05:00.000000;2016-04-20T01:05:00.613919;1c90e1be-b273-4e13-9e72-0f24f7f77839;438.55;0.04337672;BUY
2016-04-20T01:05:02.000000;2016-04-20T01:05:02.738129;73b31c49-1c73-4710-8cdb-1f8ed5fa467f;438.55;0.12762328;BUY
2016-04-20T01:05:02.000000;2016-04-20T01:05:02.744099;5902f7eb-0730-4127-9346-5faa3d2e40e3;438.56;0.16173735;BUY
2016-04-20T01:05:02.000000;2016-04-20T01:05:02.783121;18f63da3-9e14-4932-bed3-ca7c7b88020f;438.56;0.03774231;BUY
2016-04-20T01:05:03.000000;2016-04-20T01:05:03.820223;fc7401c8-e684-4832-8160-6a9dc76c3657;438.56;0.04406459;BUY
2016-04-20T01:05:03.000000;2016-04-20T01:05:03.832225;0fbb8225-9b7f-431e-b556-96ea13971969;438.56;0.3378286;BUY
2016-04-20T01:05:04.000000;2016-04-20T01:05:04.304265;b3350551-c8e2-4cf3-82ae-73cd28f63904;438.56;0.04410367;BUY
2016-04-20T01:05:04.000000;2016-04-20T01:05:04.332268;98504f01-3fa1-4768-bcbd-c93402993cf2;438.56;0.33812822;BUY
2016-04-20T01:05:05.000000;2016-04-20T01:05:05.996453;bd2f9472-aa72-43a8-b1b3-65763b2ad94f;438.56;0.04406459;BUY
2016-04-20T01:05:05.000000;2016-04-20T01:05:06.026008;fdebd245-f780-4ea1-8ae6-41f33fa99b77;438.56;0.3378286;BUY
2016-04-20T01:05:06.000000;2016-04-20T01:05:07.041540;5a6e4cef-f450-4baf-bd52-d454141dd985;438.56;0.0441087;BUY
2016-04-20T01:05:07.000000;2016-04-20T01:05:07.279965;615a9665-1853-4594-9f88-a07c501a0265;438.56;0.0441087;BUY
2016-04-20T01:05:07.000000;2016-04-20T01:05:07.309564;4dd9aea6-96cf-41c0-a818-e2607e0e88ae;438.56;0.33816677;BUY
2016-04-20T01:05:07.000000;2016-04-20T01:05:07.704614;d3a43c4d-7d2f-4751-8a81-174ddc51b582;438.56;0.0441087;BUY
2016-04-20T01:05:07.000000;2016-04-20T01:05:07.812631;4ab4d93d-500f-4c50-be22-bc6d7f20d740;438.56;0.0441087;BUY
2016-04-20T01:05:07.000000;2016-04-20T01:05:07.851628;1e22c61c-a06f-4b6f-8cb5-1338ca8e35b0;438.56;0.07224717;BUY
2016-04-20T01:05:07.000000;2016-04-20T01:05:07.960646;b18a6175-e0a4-4dfa-8c1c-46e6b2f098bd;438.56;0.33816677;BUY
2016-04-20T01:05:07.000000;2016-04-20T01:05:08.055654;4ed1b47d-705d-43b6-b579-66907802553f;438.56;0.33816677;BUY
2016-04-20T01:05:08.000000;2016-04-20T01:05:08.545694;5a313b40-28d2-47bb-9d11-257c36fdf7fc;438.56;0.0441087;BUY
2016-04-20T01:05:08.000000;2016-04-20T01:05:08.752754;5f9e1df3-ae08-45a4-90a3-b8466dca10a3;438.56;0.33850527;BUY
2016-04-20T01:05:09.000000;2016-04-20T01:05:09.925830;656bf859-3cf4-4a60-8e52-3d0c11e9b737;438.56;0.87202515;BUY
2016-04-20T01:05:09.000000;2016-04-20T01:05:09.974827;a16fb117-11d5-41e1-8e46-2bc44ee42e6e;438.56;0.11374241;BUY
2016-04-20T01:05:13.000000;2016-04-20T01:05:13.372182;c8438e71-b02c-4f70-b6f6-69ef70fa3fdb;438.56;0.29677982;BUY
2016-04-20T01:05:13.000000;2016-04-20T01:05:13.914225;52d7442a-074a-4fb5-be13-500356b899d8;438.56;0.29648273;BUY
2016-04-20T01:05:57.000000;2016-04-20T01:05:57.093540;52de4a69-c30c-46e5-b84a-5a440138c42d;438.56;0.02747961;BUY
2016-04-20T01:05:57.000000;2016-04-20T01:05:57.508594;0d18287f-db64-4e2a-b01e-b9e67bdd76e8;438.56;0.03937823;BUY
2016-04-20T01:06:11.000000;2016-04-20T01:06:11.919021;f398697b-b85d-4643-89cd-58cb36e7fd55;438.56;0.05363462;BUY
2016-04-20T01:06:13.000000;2016-04-20T01:06:13.197169;79c4e28b-9301-4fe5-acc0-42b982122c47;438.5;0.05363462;BUY
2016-04-20T01:06:14.000000;2016-04-20T01:06:14.482290;97a27830-7fff-449a-a2ff-de70fe433320;438.5;0.05363462;BUY
2016-04-20T01:06:22.000000;2016-04-20T01:06:22.455115;1ec72f68-5cb0-41a5-89c0-56f7768ca683;438.5;0.09273076;BUY
2016-04-20T01:06:22.000000;2016-04-20T01:06:22.457077;9e6cfe22-06b2-4291-b383-2a011dfe8660;438.56;0.05644058;BUY
2016-04-20T01:06:23.000000;2016-04-20T01:06:23.423188;f909e081-71dc-4f2f-9676-f9e28744ee55;438.56;0.14917134;BUY
2016-04-20T01:06:25.000000;2016-04-20T01:06:25.579399;9c67607f-c3cb-45ad-82dc-187d1a9ea941;438.53;0.14915865;BUY
2016-04-20T01:06:30.000000;2016-04-20T01:06:30.107843;c04f896f-4697-4de2-8b79-1df46dd99f98;438.53;0.29486167;BUY
2016-04-20T01:06:30.000000;2016-04-20T01:06:30.248850;292cac7b-5fd1-4651-b9db-70ff5012902e;438.53;0.03846021;BUY
2016-04-20T01:06:30.000000;2016-04-20T01:06:30.855917;c220b3ae-0942-4a37-90ba-ce713c2d6d05;438.53;0.03197595;BUY
2016-04-20T01:06:30.000000;2016-04-20T01:06:30.885935;98f0db2b-4fe1-4694-b019-5b5abe4e395b;438.53;0.24514895;BUY
2016-04-20T01:06:30.000000;2016-04-20T01:06:31.046935;f79bf7ac-93ce-4157-a130-d16d67aee5ce;438.53;0.03703417;BUY
2016-04-20T01:06:31.000000;2016-04-20T01:06:31.583004;2513dc53-52ce-40a9-b98d-823b40c409e8;438.53;0.03200795;BUY
2016-04-20T01:06:31.000000;2016-04-20T01:06:32.024032;e97807cc-7a55-407f-bde6-930abeb8220a;438.53;0.24539435;BUY
2016-04-20T01:06:33.000000;2016-04-20T01:06:33.350212;d1180346-6432-428b-bc39-e8d360973777;438.53;0.24538316;BUY
2016-04-20T01:06:33.000000;2016-04-20T01:06:33.400201;6e0d411d-30e7-4791-b694-cb4fd3027462;438.53;0.24514895;BUY
2016-04-20T01:06:34.000000;2016-04-20T01:06:34.185268;1b44f092-7661-4f87-bed2-0302256b1fa4;438.53;0.03197595;BUY
2016-04-20T01:06:34.000000;2016-04-20T01:06:34.280706;17d83fb8-d699-428f-82ac-b3b7e7e50456;438.53;0.24539435;BUY
2016-04-20T01:06:35.000000;2016-04-20T01:06:35.187352;38411fa8-44e6-48de-b665-6b0b4f7b155e;438.53;0.15805569;BUY
2016-04-20T01:06:36.000000;2016-04-20T01:06:36.938549;1fbd5589-f7a2-4a51-adec-536639160d6d;438.56;0.04608745;BUY
2016-04-20T01:06:36.000000;2016-04-20T01:06:36.962606;4636e80a-936a-4344-9702-eecf82adab9f;438.56;0.19528143;BUY
2016-04-20T01:06:37.000000;2016-04-20T01:06:37.200549;1eebc96a-3fd8-4bdd-88c5-50df6f1db562;438.47;5.0;SELL
2016-04-20T01:06:40.000000;2016-04-20T01:06:40.565886;9b9c0e8f-ecde-4ffc-a7c3-4db4d99f1a44;438.56;0.02747924;BUY
2016-04-20T01:06:40.000000;2016-04-20T01:06:40.609923;7eb32fe1-8e02-4a01-9a1c-a257be0d3441;438.56;0.04620871;BUY
2016-04-20T01:06:40.000000;2016-04-20T01:06:40.699959;27e8b118-d541-462a-8ff5-4390e8c0627b;438.56;0.245794;BUY
2016-04-20T01:06:41.000000;2016-04-20T01:06:41.684018;2fff8b4b-2ed4-444e-ac81-cca16679efa3;438.56;0.04946039;BUY
2016-04-20T01:06:41.000000;2016-04-20T01:06:41.767008;0461615c-7cf1-4e40-897a-9a4dc76c9bc6;438.56;0.37919636;BUY
2016-04-20T01:06:41.000000;2016-04-20T01:06:41.770040;ad481a8e-effa-4991-9bdf-3d50ef3f26d7;438.56;0.02530486;BUY
2016-04-20T01:06:41.000000;2016-04-20T01:06:41.789012;389d31e3-3f9a-4131-8620-98c789e27d46;438.56;0.19400393;BUY
2016-04-20T01:06:42.000000;2016-04-20T01:06:42.161049;fa352668-c401-456d-9e7f-ef85b62d6c0f;438.56;0.15073117;BUY
2016-04-20T01:06:42.000000;2016-04-20T01:06:42.170094;e24491fb-67fa-4a2b-b29d-4adfe913a408;438.56;0.01966058;BUY
2016-04-20T01:06:42.000000;2016-04-20T01:06:42.515112;725fff11-da9c-4626-9a05-d428b9f5077e;438.56;0.06294434;BUY
2016-04-20T01:06:42.000000;2016-04-20T01:06:42.553132;31af63d0-635f-4334-b0bd-95c2fcb72346;438.56;0.4825733;BUY
2016-04-20T01:06:43.000000;2016-04-20T01:06:43.835227;72ffb386-e94b-49d7-96d9-116d7dabb390;438.56;0.02515527;BUY
2016-04-20T01:06:43.000000;2016-04-20T01:06:43.873234;496e7ebc-c953-48bc-b0bc-000041bd62e8;438.56;0.19285709;BUY
2016-04-20T01:06:44.000000;2016-04-20T01:06:44.282286;ab1c10a5-d092-4439-b3ec-346c719b48d4;438.56;0.19304134;BUY
2016-04-20T01:06:44.000000;2016-04-20T01:06:44.300312;3a4bc7b7-fb1d-4b03-8db3-6a4c140970d1;438.56;0.0251793;BUY
2016-04-20T01:06:44.000000;2016-04-20T01:06:44.718303;ec0dd6e1-abe0-4f31-85f2-cce9594fdb37;438.56;0.02515527;BUY
2016-04-20T01:06:44.000000;2016-04-20T01:06:44.733313;6f278d85-f128-4723-8d94-742e72455c29;438.56;0.01558159;BUY
2016-04-20T01:06:44.000000;2016-04-20T01:06:44.749313;8220997a-179a-43aa-b62f-e51a3a765f36;438.56;0.00959771;BUY
2016-04-20T01:06:45.000000;2016-04-20T01:06:45.219366;a90c366f-efdf-4882-b916-c9c6758e5be0;438.56;0.19285709;BUY
2016-04-20T01:06:45.000000;2016-04-20T01:06:45.774447;89969ed6-81f8-4990-9bc6-348707121ce3;438.56;0.01486309;BUY
2016-04-20T01:06:46.000000;2016-04-20T01:06:46.091484;12b5fe44-6c34-471a-8d4f-350cfc039cb7;438.56;0.02518045;BUY
2016-04-20T01:06:46.000000;2016-04-20T01:06:46.151448;07207bfc-2e43-4ef2-a57b-b29dc33c98fd;438.56;0.38527945;BUY
2016-04-20T01:06:46.000000;2016-04-20T01:06:46.183136;cdee8ed4-1174-41a4-8f6a-fd8503acf1af;438.56;0.05025384;BUY
2016-04-20T01:06:46.000000;2016-04-20T01:06:46.715516;7fc356f5-7f78-4a1d-8032-9022982c249f;438.56;0.02520451;BUY
2016-04-20T01:06:46.000000;2016-04-20T01:06:46.900525;2f843ec5-c3f6-4192-b731-e49f7b8e6d90;438.56;0.01487729;BUY
2016-04-20T01:06:46.000000;2016-04-20T01:06:46.929527;7e0e6f3d-fe96-45e9-81ed-115e549ca18d;438.56;0.02518045;BUY
2016-04-20T01:06:47.000000;2016-04-20T01:06:47.198560;8bd00430-3be1-4866-91f7-f5be69231a77;438.56;0.01569065;BUY
2016-04-20T01:06:47.000000;2016-04-20T01:06:47.547595;4a97164c-99a6-4637-ab82-955f6ae9da96;438.56;0.02518045;BUY
2016-04-20T01:06:47.000000;2016-04-20T01:06:47.616600;643f2b05-7ea6-4684-af48-474eab5ff25a;438.56;0.12029504;BUY
2016-04-20T01:06:47.000000;2016-04-20T01:06:47.801619;1d9c8fe3-c307-4690-8e82-4a39fdb223df;438.56;0.06667285;BUY
2016-04-20T01:06:47.000000;2016-04-20T01:06:47.847643;d711a33f-b09e-42da-b033-af2a094e34d0;438.56;0.51115853;BUY
2016-04-20T01:06:47.000000;2016-04-20T01:06:47.935625;9dbddf36-1c4e-4fc2-8ec8-d0bdba0be608;438.56;0.02518045;BUY
2016-04-20T01:06:47.000000;2016-04-20T01:06:48.027634;6b6e3172-4de9-48c3-af03-d80e5b756ebf;438.56;0.01487729;BUY
2016-04-20T01:06:47.000000;2016-04-20T01:06:48.171682;4ceccd91-dddc-45b2-b60e-cf8bd5c97b1c;438.56;0.12040447;BUY
