time_exchange;time_coinpai;guid;price;base_amount;taker_side
2016-04-20T00:00:01.728533;2016-04-20T00:00:01.779121;3f30f84b-366e-4134-9201-7503372370b0;437.06;3.31909;BUY
2016-04-20T00:00:31.510881;2016-04-20T00:00:31.560378;f48cc643-2d59-4a9c-988a-69b59bd69a1c;437.05;0.02;SELL
2016-04-20T00:00:31.511103;2016-04-20T00:00:31.576007;6cd785c7-632d-41f4-accf-089eb49a0a72;437.05;0.23583;SELL
2016-04-20T00:01:04.691378;2016-04-20T00:01:04.747902;1432abba-4e87-423c-b980-47330764e118;437.04;0.01;SELL
2016-04-20T00:01:04.691682;2016-04-20T00:01:04.763516;2b2ff80f-1dd1-4d94-8e8f-c028da6c74af;437.03;0.01;SELL
2016-04-20T00:01:04.691918;2016-04-20T00:01:04.763516;292b80a0-2930-48d0-ab3e-a8762f5ee08c;437.0;0.0115;SELL
2016-04-20T00:01:04.692141;2016-04-20T00:01:04.763516;12b629ab-76a3-4acb-91c8-26d08085aed4;436.98;0.02;SELL
2016-04-20T00:01:04.692359;2016-04-20T00:01:04.779142;8f4fd64a-cb58-4b4e-8d46-f1939c90683c;436.97;0.02;SELL
2016-04-20T00:01:04.692564;2016-04-20T00:01:04.841645;61b3de91-6f27-44a8-88af-fd0be5faaa93;436.96;0.02;SELL
2016-04-20T00:01:04.692768;2016-04-20T00:01:04.841645;7fc779fd-719e-45b9-82f1-5b884631f5ea;436.94;0.02;SELL
2016-04-20T00:01:04.693001;2016-04-20T00:01:04.841645;a57caa60-b608-4ee2-bfae-bae8e611a8b9;436.93;0.02;SELL
2016-04-20T00:01:04.693191;2016-04-20T00:01:04.841645;17cbd59d-f0bf-4b71-8f19-ec48b2969c3d;436.92;0.02;SELL
2016-04-20T00:01:04.693403;2016-04-20T00:01:04.841645;3bf8ebd2-9565-4e50-875d-39f7ec14d042;436.92;0.21;SELL
2016-04-20T00:01:04.693590;2016-04-20T00:01:04.841645;5eb04ae1-0ec8-4095-9b65-812a83aef99f;436.91;0.58177;SELL
2016-04-20T00:01:58.372132;2016-04-20T00:01:58.419807;5a16b142-cc44-440e-88f9-7fae1fa73c4f;436.92;0.01;SELL
2016-04-20T00:01:58.372357;2016-04-20T00:01:58.435423;d484ca28-85d9-444a-9f8a-d3f75d2e63a8;436.92;0.01;SELL
2016-04-20T00:01:58.372554;2016-04-20T00:01:58.435423;f9a1e5ee-3044-4aac-84cd-a322f6181c16;436.92;0.2501;SELL
2016-04-20T00:02:01.482710;2016-04-20T00:02:01.529175;d10a77d0-2091-4f70-a40f-c2d040f5f89f;436.92;4.52675;BUY
2016-04-20T00:02:31.905347;2016-04-20T00:02:31.966685;0f4e14f8-f9ce-43c6-aa9f-124ceab8c3f2;436.9;0.01000456;SELL
2016-04-20T00:02:31.905583;2016-04-20T00:02:31.966685;ac8a9b97-6406-448b-9638-a47c23a11b0d;436.88;0.02;SELL
2016-04-20T00:02:31.905860;2016-04-20T00:02:31.982323;b46700d1-566d-41f0-9b55-07264773c310;436.87;0.02;SELL
2016-04-20T00:02:31.906137;2016-04-20T00:02:31.982323;8ce87570-7b22-4b29-b632-d211ed3c82dd;436.87;0.01;SELL
2016-04-20T00:02:31.906306;2016-04-20T00:02:31.982323;c9d596ed-cc09-4fb4-836f-ba648234b986;436.86;0.02;SELL
2016-04-20T00:02:31.906488;2016-04-20T00:02:31.982323;49d66570-cf60-40da-9631-ba5242cfa28d;436.85;0.02;SELL
2016-04-20T00:02:31.906656;2016-04-20T00:02:31.982323;80b0040b-6576-4789-8571-f549abd5909d;436.84;0.02;SELL
2016-04-20T00:02:31.906819;2016-04-20T00:02:32.013564;8ccedfb2-8ad0-446b-9a5a-0bdbf62f3849;436.83;0.02;SELL
2016-04-20T00:02:31.906988;2016-04-20T00:02:32.013564;053a1380-6477-4041-b6e7-1c7e2154ee1f;436.8;0.01000342;SELL
2016-04-20T00:02:31.907135;2016-04-20T00:02:32.013564;55bc2d5d-f9d0-4105-b6ec-3400a26ca76a;436.8;0.1;SELL
2016-04-20T00:02:31.907307;2016-04-20T00:02:32.013564;a36fc098-e315-4cb9-904f-8947f5cc65aa;436.8;0.096;SELL
2016-04-20T00:02:31.907484;2016-04-20T00:02:32.013564;bbf05bfd-19b1-4e04-bb5c-22c156db3d8d;436.78;0.02;SELL
2016-04-20T00:02:31.907637;2016-04-20T00:02:32.029196;d040351a-1996-4635-b4b7-c0cb173c30e5;436.75;0.01;SELL
2016-04-20T00:02:31.907806;2016-04-20T00:02:32.029196;3bf39164-c21f-48bd-92e7-ee7e46b4a0c5;436.75;0.098;SELL
2016-04-20T00:02:31.907958;2016-04-20T00:02:32.029196;5d44e655-52c8-44f7-a47e-f47c0a30343c;436.7;0.01000229;SELL
2016-04-20T00:02:31.908130;2016-04-20T00:02:32.029196;1f696019-9bae-4206-a55e-9d9dd6b7c804;436.7;0.129;SELL
2016-04-20T00:02:31.908328;2016-04-20T00:02:32.029196;9cd7be8b-eac6-4c86-b67d-d16a2e157f1e;436.68;0.02;SELL
2016-04-20T00:02:31.908573;2016-04-20T00:02:32.029196;ceacf224-b22f-4212-bba3-20f3ed4ec706;436.67;0.01;SELL
2016-04-20T00:02:31.908743;2016-04-20T00:02:32.029196;5959b20a-cfe2-4b0d-bcbd-bb144e04372f;436.65;0.118;SELL
2016-04-20T00:02:31.908909;2016-04-20T00:02:32.029196;7a6371d1-6397-4495-a74c-a3072fad3bc4;436.6;0.0100023;SELL
2016-04-20T00:02:31.909078;2016-04-20T00:02:32.044816;6d3d9dfe-bb5f-4698-a7ab-9860b459bb73;436.57;0.02;SELL
2016-04-20T00:02:31.909222;2016-04-20T00:02:32.044816;a6b1a886-2742-4503-b737-80b052f7a31d;436.57;0.01;SELL
2016-04-20T00:02:31.909385;2016-04-20T00:02:32.044816;28f1f575-f874-43e2-814b-5a2ecccb6600;436.57;0.571;SELL
2016-04-20T00:02:31.909549;2016-04-20T00:02:32.044816;e7a18ee4-c3e0-4442-8270-befd18dbac24;436.56;0.02;SELL
2016-04-20T00:02:31.909714;2016-04-20T00:02:32.060437;afc8f72c-ae36-4f3d-8f5a-02047f9e12cf;436.55;0.02;SELL
2016-04-20T00:02:31.909874;2016-04-20T00:02:32.060437;a0e1ccb3-d2f3-4876-960e-405bc2e3cc78;436.54;0.02;SELL
2016-04-20T00:02:31.910046;2016-04-20T00:02:32.060437;bdc9d9f4-c2fa-415c-a0c7-c79573754bf5;436.53;0.02;SELL
2016-04-20T00:02:31.910192;2016-04-20T00:02:32.060437;bbd1279c-3612-4a4e-9b60-8cc88e03668a;436.5;0.0100023;SELL
2016-04-20T00:02:31.910346;2016-04-20T00:02:32.091686;3c3c0c8c-1232-4f81-ada8-71ecf2bdce30;436.5;0.02061015;SELL
2016-04-20T00:02:31.910504;2016-04-20T00:02:32.091686;ef85d26e-3c70-4d2b-9ca8-0f0ea720c3ad;436.49;0.088;SELL
2016-04-20T00:02:31.910658;2016-04-20T00:02:32.091686;8feea843-ffaa-4ed2-bf22-137323992c35;436.44;0.01;SELL
2016-04-20T00:02:31.910817;2016-04-20T00:02:32.091686;f0b10049-50a9-4bf5-ab76-62d2ad62652b;436.44;0.078;SELL
2016-04-20T00:02:31.910989;2016-04-20T00:02:32.091686;c430c30d-414a-497d-88bb-2ba04d673870;436.43;0.02;SELL
2016-04-20T00:02:31.911136;2016-04-20T00:02:32.091686;bf526223-259d-48fc-85b8-8b5d36e063f2;436.42;0.01;SELL
2016-04-20T00:02:31.911286;2016-04-20T00:02:32.107309;b1b0cad3-7a97-4610-a19c-528e805c3061;436.42;0.4;SELL
2016-04-20T00:02:31.911434;2016-04-20T00:02:32.107309;2dcb47de-6a96-4e8a-a168-1d1beddf0caf;436.41;0.02;SELL
2016-04-20T00:02:31.911582;2016-04-20T00:02:32.107309;27e8a3f9-0d0a-444d-be38-09e8d4b356ff;436.41;0.01;SELL
2016-04-20T00:02:31.911737;2016-04-20T00:02:32.107309;e13e2a21-fbb2-4c93-a9ac-eeb226fb9683;436.41;0.01;SELL
2016-04-20T00:02:31.911898;2016-04-20T00:02:32.107309;4c3d528b-3b70-4d78-a48c-5e9b97db92a0;436.41;0.4;SELL
2016-04-20T00:02:31.912054;2016-04-20T00:02:32.122938;abecdcf4-994b-46e9-8d04-b857dd5c6f64;436.4;0.01223;SELL
2016-04-20T00:02:31.912200;2016-04-20T00:02:32.122938;a2ac2ca7-4480-4342-800e-a04d1274523f;436.4;0.01000345;SELL
2016-04-20T00:02:31.912386;2016-04-20T00:02:32.122938;bab25804-50d6-4e24-8982-fd461ec23d2b;436.4;0.4;SELL
2016-04-20T00:02:31.912549;2016-04-20T00:02:32.122938;c5f8b4f9-550b-4254-9959-de3448ea9e7d;436.39;0.02;SELL
2016-04-20T00:02:31.912715;2016-04-20T00:02:32.122938;3e475e28-f1cd-4bf8-9271-090fb6a126fb;436.37;1.4;SELL
2016-04-20T00:02:31.912872;2016-04-20T00:02:32.122938;b69f7e22-6971-40ac-a0bc-870e6bfa705f;436.36;0.01;SELL
2016-04-20T00:02:31.913042;2016-04-20T00:02:32.122938;10b18bac-7a4c-460c-b60b-3630829acbe0;436.34;1.2;SELL
2016-04-20T00:02:31.913198;2016-04-20T00:02:32.138560;983219cd-a3df-471f-b3b0-b5e933b4790f;436.33;0.083;SELL
2016-04-20T00:02:31.913358;2016-04-20T00:02:32.138560;727a21f4-0d9a-4775-bf80-32692ba9d2dd;436.29;1.2;SELL
2016-04-20T00:02:31.913500;2016-04-20T00:02:32.138560;4a87028e-69b7-4542-b40e-a124059a2334;436.28;0.08;SELL
2016-04-20T00:02:31.913657;2016-04-20T00:02:32.138560;e213b1b5-af43-429b-b36b-881a75b81622;436.28;0.091;SELL
2016-04-20T00:02:31.913817;2016-04-20T00:02:32.138560;efae7945-5138-49ce-a0f7-26feb7629f6c;436.27;0.4;SELL
2016-04-20T00:02:31.913964;2016-04-20T00:02:32.154186;b1e5cf85-5173-4a86-a1b3-64e4b7af7d9d;436.26;0.01;SELL
2016-04-20T00:02:31.914136;2016-04-20T00:02:32.154186;d8fc920a-8d06-4d3f-9716-8167efcf8f82;436.26;0.2;SELL
2016-04-20T00:02:31.914294;2016-04-20T00:02:32.154186;0c9a28e1-d561-437b-bb07-e42932e30423;436.25;0.02061015;SELL
2016-04-20T00:02:31.914436;2016-04-20T00:02:32.154186;3b19b364-e0b7-4fd9-81c2-44fd49f66682;436.19;0.02;SELL
2016-04-20T00:02:31.914588;2016-04-20T00:02:32.154186;9f688157-766c-4a4c-9c9a-dd47b8395601;436.19;0.2;SELL
2016-04-20T00:02:31.914747;2016-04-20T00:02:32.154186;bf031f5c-888b-4d77-9156-8203e61092e0;436.18;0.02;SELL
2016-04-20T00:02:31.914894;2016-04-20T00:02:32.154186;0f82beb4-4ec9-4e8c-85c7-0e28e23cdba9;436.18;0.86173138;SELL
2016-04-20T00:02:31.915338;2016-04-20T00:02:32.169818;4fd69714-045d-46ef-a631-e8c7c7c056f6;436.18;0.33826862;SELL
2016-04-20T00:02:31.915494;2016-04-20T00:02:32.185442;734e726c-c750-40ee-8e1b-f8702e382817;436.17;0.02;SELL
2016-04-20T00:02:31.915642;2016-04-20T00:02:32.185442;727c30ff-acc2-4dc8-8925-72543844dd27;436.17;0.02;SELL
2016-04-20T00:02:31.915818;2016-04-20T00:02:32.185442;18297592-b5c2-435e-ab0f-df6e0c8432f2;436.17;0.01;SELL
2016-04-20T00:02:31.915957;2016-04-20T00:02:32.185442;17319ba8-e6b7-4136-b280-ce42599a6de8;436.17;0.46336211;SELL
2016-04-20T00:03:01.517558;2016-04-20T00:03:01.560455;c237d3ee-7adc-4326-9ba0-a9ff088acfcd;436.78;0.01;BUY
2016-04-20T00:03:01.517728;2016-04-20T00:03:01.576082;a6effbef-dba3-4510-b8e2-f8ab5d3df936;436.78;0.01;BUY
2016-04-20T00:03:01.517873;2016-04-20T00:03:01.576082;225c8428-629d-42fe-87c9-5645bd45e31e;436.78;0.11599;BUY
2016-04-20T00:03:23.530143;2016-04-20T00:03:23.576098;1393ed85-f7a8-43ea-8f8b-208fd0b5c97d;436.78;0.01;BUY
2016-04-20T00:03:29.359823;2016-04-20T00:03:29.404216;a3ed4aee-f97c-4b0b-916f-165ac23ad7ca;436.77;0.01;SELL
2016-04-20T00:03:31.548199;2016-04-20T00:03:31.591716;67892315-5ea8-4658-8ea5-1fd571174838;436.77;0.49013385;BUY
2016-04-20T00:03:31.548360;2016-04-20T00:03:31.591716;4f9801d5-8caf-4a6f-b5ec-3fce78bf32b6;436.77;1.39582615;BUY
2016-04-20T00:04:01.480242;2016-04-20T00:04:01.513612;b2c5d95d-036c-4279-9d66-9282a807b566;436.77;0.48802;BUY
2016-04-20T00:04:17.118195;2016-04-20T00:04:17.154245;0cc4cebd-b172-4601-8be6-307fe8e38ca4;436.76;0.01;SELL
2016-04-20T00:04:24.514092;2016-04-20T00:04:24.560495;0c92e9ac-c54f-4c4b-8c08-b509acabaabb;436.71;0.01;BUY
2016-04-20T00:04:31.420660;2016-04-20T00:04:31.451125;16b881be-cff0-450f-841d-f31d2d009f84;436.7;15.9649;BUY
2016-04-20T00:04:31.420861;2016-04-20T00:04:31.466752;4ff0c3a0-38ee-45a1-a32b-9c7dc63ff71f;436.71;0.29;BUY
2016-04-20T00:04:31.421060;2016-04-20T00:04:31.466752;aaccaec0-3a2e-402a-ba29-71f183c55dae;436.72;0.29;BUY
2016-04-20T00:04:31.421204;2016-04-20T00:04:31.482337;28a57317-beb7-41a9-9f2c-7ec094c8491f;436.76;0.78634;BUY
2016-04-20T00:05:14.714678;2016-04-20T00:05:14.763646;1692e137-7759-4dd8-bdf8-f74ece33cce2;436.73;0.02;SELL
2016-04-20T00:05:14.714921;2016-04-20T00:05:14.779276;af9a2bb1-3a76-462c-990a-543fcfa8d846;436.73;0.072;SELL
2016-04-20T00:05:14.715116;2016-04-20T00:05:14.779276;1845dad4-d80b-44c7-9fb5-4876d1c624df;436.72;0.02;SELL
2016-04-20T00:05:14.715270;2016-04-20T00:05:14.779276;ce74f6e0-f3bc-4d21-8e97-77aba5afdf12;436.71;0.02;SELL
2016-04-20T00:05:14.715442;2016-04-20T00:05:14.779276;25ea6d60-9074-4bd0-803a-9016c19f1f64;436.71;0.1;SELL
2016-04-20T00:05:14.715597;2016-04-20T00:05:14.779276;a8576d12-2d3f-425e-abe1-b652fe3535ed;436.7;0.02;SELL
2016-04-20T00:05:14.715753;2016-04-20T00:05:14.810525;e3230ad7-4487-46e3-97c2-dd11da927a6f;436.69;0.01;SELL
2016-04-20T00:05:14.715926;2016-04-20T00:05:14.810525;6634a31e-0732-4c5a-ab54-0d1b3aaed3f4;436.68;0.09;SELL
2016-04-20T00:05:14.716097;2016-04-20T00:05:14.810525;5104031e-1d6a-4994-a4df-4fe2de900f2f;436.67;0.02;SELL
2016-04-20T00:05:14.716258;2016-04-20T00:05:14.810525;28c0a81c-d152-4a03-8a97-008aa14821a7;436.63;0.128;SELL
2016-04-20T00:05:14.716425;2016-04-20T00:05:14.810525;7a98585d-2b86-406d-aafb-ea9fbcebadb6;436.58;0.106;SELL
2016-04-20T00:05:14.716582;2016-04-20T00:05:14.810525;5cea242e-8736-483b-bccc-f35ff15d6da0;436.53;0.098;SELL
2016-04-20T00:05:14.716739;2016-04-20T00:05:14.810525;60c857c8-6fa7-445a-89d8-bb8f26e3e68e;436.49;0.8;SELL
2016-04-20T00:05:14.716904;2016-04-20T00:05:14.810525;07bdadcc-3717-4990-b2bd-bcf53158649e;436.48;0.072;SELL
2016-04-20T00:05:14.717077;2016-04-20T00:05:14.810525;68cbe062-395b-4da6-82a7-8b956b16a7ed;436.47;1.4;SELL
2016-04-20T00:05:14.717234;2016-04-20T00:05:14.810525;9acd4650-2661-4711-8318-63e2277cffd0;436.46;0.01;SELL
2016-04-20T00:05:14.717377;2016-04-20T00:05:14.810525;b0d47112-c015-4bbe-92ce-8aba6a61bb1e;436.44;0.19849;SELL
2016-04-20T00:06:01.762351;2016-04-20T00:06:01.794924;56f7c23e-d4ad-4f73-9cb2-8b1ec66a78e3;436.72;0.01;BUY
2016-04-20T00:06:01.762592;2016-04-20T00:06:01.810545;599b43d6-c75f-4a87-b7e4-201dcdb3e27a;436.72;0.38401;BUY
2016-04-20T00:06:01.762771;2016-04-20T00:06:01.810545;2a6f6bfd-a52d-490f-8f79-338ae80b8efb;436.72;0.29;BUY
2016-04-20T00:06:01.763232;2016-04-20T00:06:01.810545;24fed5b3-06be-4cb1-b030-ba86cbe73112;436.72;0.29;BUY
2016-04-20T00:06:01.763404;2016-04-20T00:06:01.826169;741643b8-1094-4ca8-8276-e342fb3efb3c;436.74;0.07;BUY
2016-04-20T00:06:01.763682;2016-04-20T00:06:01.904294;9d7fc836-821b-40e4-953c-a28282fd3107;436.74;0.29;BUY
2016-04-20T00:06:01.763830;2016-04-20T00:06:01.904294;ead9113d-c8c9-4530-8124-bb08d731d38d;436.76;5.66599;BUY
2016-04-20T00:06:03.107901;2016-04-20T00:06:03.138651;32f9257a-6a9f-4e36-902a-ab1c0018aeed;436.75;0.01;BUY
2016-04-20T00:07:03.516805;2016-04-20T00:07:03.544956;9549cf9a-855a-4d9e-a15a-657925522665;436.75;0.07;BUY
2016-04-20T00:07:03.517030;2016-04-20T00:07:03.560578;ed94480e-5ba1-4034-8468-45a20a32132a;436.76;0.14536;BUY
2016-04-20T00:07:31.592792;2016-04-20T00:07:31.623095;444c05d3-f074-4af2-9b2b-6372229642eb;436.76;0.07;BUY
2016-04-20T00:07:31.593025;2016-04-20T00:07:31.638715;8d9ead91-7d6b-4d8e-be2e-f7e2f6a80f05;436.77;0.03;BUY
2016-04-20T00:07:31.593197;2016-04-20T00:07:31.638715;343d9cb9-c0ef-4464-96bf-697f9bc110af;436.77;0.03;BUY
2016-04-20T00:07:31.593344;2016-04-20T00:07:31.638715;c47cab5b-d4f9-485e-bd1a-4f6ac46fe015;436.77;0.03;BUY
2016-04-20T00:07:31.593503;2016-04-20T00:07:31.654340;da3932f8-02af-4689-99f4-22dba8eb72ac;436.77;0.05;BUY
2016-04-20T00:07:31.593661;2016-04-20T00:07:31.732464;23a9e091-2c83-46e6-be17-31fe98804309;436.78;0.02;BUY
2016-04-20T00:07:31.593813;2016-04-20T00:07:31.732464;356ee210-1453-4767-9a07-3da03122b7fd;436.78;0.03;BUY
2016-04-20T00:07:31.593960;2016-04-20T00:07:31.732464;a43f8b81-41d3-45bb-a8d3-34e47bbd7430;436.78;0.03;BUY
2016-04-20T00:07:31.594118;2016-04-20T00:07:31.732464;dbfe651e-29a0-46c6-9300-1e3629ac0c6d;436.78;0.03;BUY
2016-04-20T00:07:31.594257;2016-04-20T00:07:31.732464;b687bbc6-2639-4aba-9ab2-74f0145afc3a;436.78;0.03;BUY
2016-04-20T00:07:31.594415;2016-04-20T00:07:31.732464;e40af80c-27fc-49ee-bc14-eea0430ca3cf;436.78;0.03;BUY
2016-04-20T00:07:31.594562;2016-04-20T00:07:31.732464;df8763dc-85f6-4c1e-9986-ade0bb681fe1;436.79;0.01;BUY
2016-04-20T00:07:31.594732;2016-04-20T00:07:31.732464;cfbd646f-e5ed-49db-8c5b-6162fbe545b8;436.79;0.01;BUY
2016-04-20T00:07:31.594878;2016-04-20T00:07:31.732464;bb614e92-f1a8-416b-8224-6f18aae9093d;436.8;0.01;BUY
2016-04-20T00:07:31.595051;2016-04-20T00:07:31.732464;72627c89-c158-40c6-a622-8c3e49b22afa;436.8;0.01000229;BUY
2016-04-20T00:07:31.595195;2016-04-20T00:07:31.732464;0312ae0c-0f32-4b2a-b7a6-40a6244331f3;436.82;0.01;BUY
2016-04-20T00:07:31.595361;2016-04-20T00:07:31.732464;33883a94-cfea-4425-8cdf-352b4c117e37;436.82;0.02223;BUY
2016-04-20T00:07:31.595504;2016-04-20T00:07:31.732464;53aea6be-f7ae-4135-9cb6-d6d6ec11c4b7;436.86;0.03;BUY
2016-04-20T00:07:31.595666;2016-04-20T00:07:31.732464;9bcefded-42be-4bfe-bef1-4ca902c36a26;436.86;0.16;BUY
2016-04-20T00:07:31.595811;2016-04-20T00:07:31.732464;385bb854-9dfc-4343-bbd0-78ac61505931;436.9;0.01;BUY
2016-04-20T00:07:31.595956;2016-04-20T00:07:31.732464;ff37866e-e622-42ba-bdea-fba063d2eb72;436.9;0.03;BUY
2016-04-20T00:07:31.596111;2016-04-20T00:07:31.732464;e73e2f98-a3ee-45c5-b2dc-d645f31c41bd;436.9;0.01000342;BUY
2016-04-20T00:07:31.596264;2016-04-20T00:07:31.732464;987a0a46-85cb-4877-8596-ee1e3695fd03;436.9;0.01;BUY
2016-04-20T00:07:31.596403;2016-04-20T00:07:31.732464;ada56348-a842-4809-afb7-11efd243a224;436.91;0.03;BUY
2016-04-20T00:07:31.596551;2016-04-20T00:07:31.732464;480afa38-cd43-48d0-b75c-5588b68d34ff;436.91;0.2502;BUY
2016-04-20T00:07:31.596697;2016-04-20T00:07:31.732464;64622b28-eb02-48ab-860a-1b4cba4087ee;436.92;0.31573429;BUY
2016-04-20T00:08:29.174658;2016-04-20T00:08:29.201247;ce0b6e0d-fefd-4ce9-ad44-725f8499b52e;436.92;0.01;BUY
2016-04-20T00:08:33.334660;2016-04-20T00:08:33.357501;3e04bc1e-03a5-4f39-897b-2732c0dbd486;436.92;0.25205;BUY
2016-04-20T00:08:53.589514;2016-04-20T00:08:53.623134;4c95286c-cebf-4197-a80f-98cbc8ee71ea;436.91;0.02;SELL
2016-04-20T00:08:53.589732;2016-04-20T00:08:53.638757;ba0f1b73-61b4-42d8-92ae-26bc5ad08581;436.91;0.106;SELL
2016-04-20T00:08:53.589915;2016-04-20T00:08:53.638757;6ac2e5db-2461-4662-8df1-54f6f8e330a2;436.91;6.79137;SELL
2016-04-20T00:08:53.590106;2016-04-20T00:08:53.638757;a808d64e-dc93-4f2f-b127-118d23027374;436.91;0.62;SELL
2016-04-20T00:08:53.590261;2016-04-20T00:08:53.638757;ee3ca1d9-e383-456f-a17c-082e0ed0c2b2;436.91;0.29;SELL
2016-04-20T00:08:53.590403;2016-04-20T00:08:53.701261;189560e8-9e63-49f1-b9c5-b09dda19611b;436.91;1.56494;SELL
2016-04-20T00:09:01.536523;2016-04-20T00:09:01.560636;0d402c78-e55c-44c0-9cd8-52ad18477410;436.92;0.45322;BUY
2016-04-20T00:09:31.529844;2016-04-20T00:09:31.560661;3633c904-48c5-4212-a1a1-65d8796aaaf1;436.92;0.5317;BUY
2016-04-20T00:10:01.585629;2016-04-20T00:10:01.607544;86337b9a-053c-4d60-93bf-72371af74a12;436.92;0.30229;BUY
2016-04-20T00:11:01.653682;2016-04-20T00:11:01.670081;be07bbf1-f1f4-4f37-b85b-559aa0f536ab;436.91;0.29;SELL
2016-04-20T00:11:01.653923;2016-04-20T00:11:01.685697;a2677632-41f9-4dce-9495-e32d25787147;436.91;0.477;SELL
2016-04-20T00:11:01.654101;2016-04-20T00:11:01.685697;a41c7cc2-91fa-4464-b9bb-c590a9ee8c48;436.91;3.54525;SELL
2016-04-20T00:11:31.601012;2016-04-20T00:11:31.623218;ca00d55f-7656-4d18-b842-0882557d6ea4;436.91;0.2722;SELL
2016-04-20T00:12:02.086049;2016-04-20T00:12:02.107623;e319cff6-695d-4ce0-9f6f-d6ef3ea784b5;436.92;0.18963;BUY
2016-04-20T00:12:31.675558;2016-04-20T00:12:31.685751;cb42386e-8520-48d8-93de-24efe1ed353c;436.92;0.13705;BUY
2016-04-20T00:13:07.936006;2016-04-20T00:13:07.967017;338ef9af-1470-4619-b4a9-927759fadfca;436.92;0.38518;BUY
2016-04-20T00:13:31.668101;2016-04-20T00:13:31.685791;2fd78f6c-14d8-4688-8ce5-f664b25dcb06;436.92;0.54975;BUY
2016-04-20T00:14:01.941827;2016-04-20T00:14:01.951416;5e7e2180-41cd-48b2-b116-361cb81352eb;436.92;0.16261;BUY
2016-04-20T00:14:12.920890;2016-04-20T00:14:12.935800;4961f494-dac1-4356-9bb0-616a4405e04f;436.92;0.09;BUY
2016-04-20T00:14:38.682530;2016-04-20T00:14:38.701437;a440ef95-f45b-4a20-b651-07bd6445c4dc;436.91;0.02;SELL
2016-04-20T00:14:38.682792;2016-04-20T00:14:38.717040;07451686-9a24-4faf-a69d-1389256bf0df;436.91;0.097;SELL
2016-04-20T00:14:38.683005;2016-04-20T00:14:38.717040;e90f2127-b0f4-47a5-baa9-1f825c3e22c4;436.9;0.02;SELL
2016-04-20T00:14:38.683174;2016-04-20T00:14:38.732687;272f06ec-74e5-4c73-9d51-6c8a23f5b0ae;436.89;0.02;SELL
2016-04-20T00:14:38.683611;2016-04-20T00:14:38.732687;16cfffe0-5beb-44b7-b033-7943e408d6f7;436.88;0.02;SELL
2016-04-20T00:14:38.683803;2016-04-20T00:14:38.795187;4c1afc2b-db9b-4c9f-b437-6e7940a8f7e9;436.87;0.02;SELL
2016-04-20T00:14:38.683964;2016-04-20T00:14:38.795187;da8fbf56-af13-40ed-8c02-859612a538cc;436.86;0.01;SELL
2016-04-20T00:14:38.684147;2016-04-20T00:14:38.795187;e88d7b7f-30b9-4594-a749-c76408bd8dfd;436.86;0.114;SELL
2016-04-20T00:14:38.684307;2016-04-20T00:14:38.795187;db1fb4e0-6b86-4841-a2c6-01ee38821c67;436.85;0.01;SELL
2016-04-20T00:14:38.684446;2016-04-20T00:14:38.795187;40727b7a-bfe8-4d5c-8144-69698818bb9f;436.84;0.16345;SELL
2016-04-20T00:15:01.663588;2016-04-20T00:15:01.702405;b47e7272-7035-4d15-bbd1-ea91e51add8c;436.84;5.35514;SELL
2016-04-20T00:15:06.393662;2016-04-20T00:15:06.436820;c08a8c8b-88d5-421a-b3ad-2b6c23731b02;436.83;0.05;SELL
2016-04-20T00:15:33.147298;2016-04-20T00:15:33.186833;989eeb64-86f6-481d-9520-85740b5de174;436.83;0.52;BUY
2016-04-20T00:15:33.147533;2016-04-20T00:15:33.202457;91a37709-fb92-470a-a1d5-355c35be370a;436.86;0.00126;BUY
2016-04-20T00:16:01.652647;2016-04-20T00:16:01.702475;fbf957d1-b810-40e9-8bea-f3fc5c036f40;436.85;0.29;BUY
2016-04-20T00:16:01.652851;2016-04-20T00:16:01.718094;bacbd833-d276-43a9-9aa2-bfc83807d602;436.87;4.0;BUY
2016-04-20T00:16:01.653033;2016-04-20T00:16:01.718094;cd9c01fd-daec-499a-b357-272f6b116f23;436.88;0.515;BUY
2016-04-20T00:16:01.653186;2016-04-20T00:16:01.718094;4e8a9f2f-3789-4ca9-89f8-a1a78f965c66;436.89;0.30523;BUY
2016-04-20T00:16:31.595042;2016-04-20T00:16:31.639993;beb8ed89-6348-4cce-ae36-5a1b3b15dc3c;436.83;0.07;BUY
2016-04-20T00:16:31.595264;2016-04-20T00:16:31.655609;9852cce8-2074-46dd-9824-18b77f1e1492;436.83;0.082;BUY
2016-04-20T00:16:31.595452;2016-04-20T00:16:31.655609;40455a82-3f97-485f-907c-bf7f7a53ee76;436.84;0.25019;BUY
2016-04-20T00:17:01.698755;2016-04-20T00:17:01.733749;bfe45414-21f4-4e3f-a5d7-fafa49469d53;436.84;0.29;BUY
2016-04-20T00:17:01.698953;2016-04-20T00:17:01.765005;e4266173-4de1-4510-a853-4fb5c481970b;436.84;0.29;BUY
2016-04-20T00:17:01.699154;2016-04-20T00:17:01.765005;be9a478a-72e6-4dcc-b1b6-fcce9c06bdc7;436.89;0.42076;BUY
2016-04-20T00:17:31.568475;2016-04-20T00:17:31.608769;b5504784-553b-49ff-ac45-4faf63d83cea;436.85;0.07;BUY
2016-04-20T00:17:31.568682;2016-04-20T00:17:31.624394;395848b9-0a97-4b33-b15c-6aaf339bc4b8;436.85;0.38898;BUY
2016-04-20T00:18:01.531514;2016-04-20T00:18:01.577530;8ec05bd3-4a5f-45a7-970e-46f9cb06eccb;436.9;0.2796;BUY
2016-04-20T00:18:31.654708;2016-04-20T00:18:31.702551;ebf13548-7f3d-4c7c-ae71-187c584eb5b2;436.89;0.02;SELL
2016-04-20T00:18:31.654939;2016-04-20T00:18:31.702551;24a40ce7-026f-49cc-a35a-bd80d20db6d4;436.88;0.02;SELL
2016-04-20T00:18:31.655126;2016-04-20T00:18:31.702551;aaaa31f7-ba48-4305-b6bd-7df5c98de859;436.87;0.02;SELL
2016-04-20T00:18:31.655297;2016-04-20T00:18:31.733798;6fcaf3c7-e5c5-4f6e-9d3d-fe388ccac3f5;436.87;0.29;SELL
2016-04-20T00:18:31.655470;2016-04-20T00:18:31.733798;0ad241f0-6e0e-4c2c-a0cd-13b75995a5ac;436.86;0.02;SELL
2016-04-20T00:18:31.655624;2016-04-20T00:18:31.733798;f17c891c-01af-414d-a798-e8742ce2389b;436.85;0.01;SELL
2016-04-20T00:18:31.655777;2016-04-20T00:18:31.733798;5f3206a1-a5af-4f80-8c5d-eb4d0aca862c;436.85;0.29;SELL
2016-04-20T00:18:31.655936;2016-04-20T00:18:31.733798;480b14c9-f909-4a16-87cd-da0dab4e3e1f;436.85;0.29;SELL
2016-04-20T00:18:31.656105;2016-04-20T00:18:31.733798;cb689a33-3d37-4acd-954c-4fb256038fd5;436.84;0.02;SELL
2016-04-20T00:18:31.656278;2016-04-20T00:18:31.733798;c6310ef0-0c26-4d8f-8754-0aa9fc9b7409;436.82;0.07;SELL
2016-04-20T00:18:31.656432;2016-04-20T00:18:31.749422;e9996020-e73d-4035-b0f4-1a62c35a3b30;436.81;0.02;SELL
2016-04-20T00:18:31.656590;2016-04-20T00:18:31.749422;5f6b4d05-4ffc-4107-84b3-25d1bc125212;436.81;0.18;SELL
2016-04-20T00:18:31.656755;2016-04-20T00:18:31.749422;4f468e25-5c7f-48c6-8153-d7b181534a1d;436.8;0.01000457;SELL
2016-04-20T00:18:31.657018;2016-04-20T00:18:31.749422;3281aeb7-e1b0-4463-936b-1d86e7d477b6;436.77;0.02;SELL
2016-04-20T00:18:31.657260;2016-04-20T00:18:31.765046;547c2a7d-5d35-4711-b4db-fac29d501eaf;436.76;0.02;SELL
2016-04-20T00:18:31.657487;2016-04-20T00:18:31.765046;b06f7856-e27c-4d7c-9b48-d57126b82064;436.75;0.02;SELL
2016-04-20T00:18:31.657714;2016-04-20T00:18:31.780672;96220301-5c7e-4d1a-a262-3bf44b0ae8a7;436.74;0.02;SELL
2016-04-20T00:18:31.657908;2016-04-20T00:18:31.780672;4445ecb6-87bf-4d04-9495-4b7c773078b7;436.73;0.02;SELL
2016-04-20T00:18:31.658161;2016-04-20T00:18:31.780672;eafc50bb-7537-40ac-abf4-0ac7c8110878;436.73;0.113;SELL
2016-04-20T00:18:31.658387;2016-04-20T00:18:31.780672;ca47cbfe-bc09-458b-97e4-ee21e938b17e;436.72;0.02;SELL
2016-04-20T00:18:31.658562;2016-04-20T00:18:31.780672;e1186e6a-0ae0-4083-b08a-7a5536cf5992;436.72;0.118;SELL
2016-04-20T00:18:31.658720;2016-04-20T00:18:31.780672;3d86b898-71b1-4f52-a0af-f42e8495bf4f;436.7;0.02;SELL
2016-04-20T00:18:31.658889;2016-04-20T00:18:31.796296;3111555e-b342-4b5f-bacf-01e1d562e4ce;436.7;0.01000344;SELL
2016-04-20T00:18:31.659069;2016-04-20T00:18:31.796296;eb6a9539-e225-408d-877a-60d37ff7da08;436.69;0.02;SELL
2016-04-20T00:18:31.659233;2016-04-20T00:18:31.796296;b2c23dd1-761b-4149-9552-da418a70b2de;436.68;0.02;SELL
2016-04-20T00:18:31.659405;2016-04-20T00:18:31.796296;2124a909-fac8-427f-a4a0-c374e56e8853;436.68;0.2503;SELL
2016-04-20T00:18:31.659557;2016-04-20T00:18:31.796296;99d6a6bf-af13-4da1-b414-c323c9021c38;436.67;0.01;SELL
2016-04-20T00:18:31.659726;2016-04-20T00:18:31.796296;9fc52ae7-7cbc-4000-aea9-e4d74a31e8dc;436.67;0.086;SELL
2016-04-20T00:18:31.659889;2016-04-20T00:18:31.796296;bb2f02e5-19ca-4375-8be5-920236552ecd;436.64;0.077;SELL
2016-04-20T00:18:31.660056;2016-04-20T00:18:31.796296;93946c8f-34cc-4fb1-8c02-c390c792b550;436.62;0.08;SELL
2016-04-20T00:18:31.660211;2016-04-20T00:18:31.811928;53793c3a-a207-46c3-89e9-6fa9871b7c3c;436.58;0.02;SELL
2016-04-20T00:18:31.660354;2016-04-20T00:18:31.811928;63c97599-18ee-4ea2-983d-03292ae25751;436.57;0.02;SELL
2016-04-20T00:18:31.660571;2016-04-20T00:18:31.827550;17b06e19-36c9-4040-9374-aa5d9cdfe7fc;436.57;0.01;SELL
2016-04-20T00:18:31.660831;2016-04-20T00:18:31.827550;ed602932-fd7b-4935-9b5d-2823b455d3fb;436.57;0.083;SELL
2016-04-20T00:18:31.661046;2016-04-20T00:18:31.827550;8d23f8c8-6f28-43f6-82fd-3bb3889f1f40;436.56;0.02;SELL
2016-04-20T00:18:31.661211;2016-04-20T00:18:31.827550;f5cb2262-e770-40ed-bc69-2ddf74e06440;436.51;1.6;SELL
2016-04-20T00:18:31.661369;2016-04-20T00:18:31.827550;c1adf7a9-47d9-4ef8-a3fb-3287301b41b8;436.5;0.02;SELL
2016-04-20T00:18:31.661534;2016-04-20T00:18:31.827550;f6fc98f2-8802-49d8-9dd6-54e5b3af5af6;436.48;1.6;SELL
2016-04-20T00:18:31.661686;2016-04-20T00:18:31.827550;38d8f335-c57e-4da6-a9be-162d89069447;436.47;0.25;SELL
2016-04-20T00:18:31.661848;2016-04-20T00:18:31.827550;2b525cc2-dbd0-4b2e-ae43-8b51710a61f1;436.47;0.4;SELL
2016-04-20T00:18:31.662018;2016-04-20T00:18:31.827550;9c96e793-ae3c-47b4-983d-956946da4f0a;436.46;0.01;SELL
2016-04-20T00:18:31.662175;2016-04-20T00:18:31.843176;e9a6bca7-8836-4e5c-a789-aee7b5343108;436.46;0.474;SELL
2016-04-20T00:18:31.662344;2016-04-20T00:18:31.843176;0b6afa43-18da-4099-a660-8c14318c7d4a;436.44;0.39312199;SELL
2016-04-20T00:18:52.272552;2016-04-20T00:18:52.311936;975325d6-bf5f-4098-bdb4-ba4dbd7ab930;436.6;0.0100046;BUY
2016-04-20T00:19:31.558920;2016-04-20T00:19:31.593207;10f15dfc-57d3-4464-bdeb-8a6ba52b7720;436.68;0.02;SELL
2016-04-20T00:19:31.559174;2016-04-20T00:19:31.608832;75019d3b-f92e-449a-bc49-9e410de65da8;436.67;0.0149954;SELL
2016-04-20T00:19:31.559371;2016-04-20T00:19:31.608832;49f6395a-c5cb-40af-bf6d-cf61c9fe4e29;436.66;0.089;SELL
2016-04-20T00:19:31.559535;2016-04-20T00:19:31.608832;cf7f71e5-49d8-4c83-95d8-aa87ad28f312;436.61;0.082;SELL
2016-04-20T00:19:31.559703;2016-04-20T00:19:31.608832;9f1d7cde-5280-4d70-b8c4-ddb805f89bf5;436.61;0.29;SELL
2016-04-20T00:19:31.559861;2016-04-20T00:19:31.624454;bdae2962-2b06-4f9d-8c88-a405baeeca29;436.6;0.29;SELL
2016-04-20T00:19:31.560017;2016-04-20T00:19:31.624454;3115e266-993b-48bb-9f5d-4e751a386aa5;436.6;0.5915746;SELL
2016-04-20T00:20:01.995166;2016-04-20T00:20:02.030721;89d1fe48-1bf9-46e7-8e10-d86a14ddac3f;436.68;0.02;SELL
2016-04-20T00:20:01.995351;2016-04-20T00:20:02.046332;4a4ce968-ea50-4fcc-b312-2ad8d09e710e;436.68;0.29;SELL
2016-04-20T00:20:01.995516;2016-04-20T00:20:02.046332;d7a187b5-d1ca-42e7-a6e5-458d34ee159a;436.67;0.02;SELL
2016-04-20T00:20:01.995685;2016-04-20T00:20:02.046332;f54cae9d-e611-4d42-a314-f7b9a55f9873;436.67;0.29;SELL
2016-04-20T00:20:01.995839;2016-04-20T00:20:02.046332;f09a113b-3e67-48ff-a81d-7b6c1feb98ce;436.66;0.02;SELL
2016-04-20T00:20:01.996031;2016-04-20T00:20:02.046332;1c3149e9-3f1f-4fa4-a525-cd53db94b4ca;436.65;0.01;SELL
2016-04-20T00:20:01.996183;2016-04-20T00:20:02.061971;15b4c84a-bc41-4fb1-b59c-1a6812824b59;436.63;0.02;SELL
2016-04-20T00:20:01.996325;2016-04-20T00:20:02.077591;a84ee374-c6d1-4d58-b639-0ca66e212c92;436.63;0.0086;SELL
2016-04-20T00:20:31.557594;2016-04-20T00:20:31.593234;3e8614d6-fd39-41ef-b31a-ded22a2dafbd;436.68;0.02;BUY
2016-04-20T00:20:31.557917;2016-04-20T00:20:31.593234;b8b53042-0694-4ff2-8f42-902c8600a7e7;436.69;0.03;BUY
2016-04-20T00:20:31.558134;2016-04-20T00:20:31.593234;e4dcb498-8418-47f1-98db-e59791b0daa4;436.7;0.0100046;BUY
2016-04-20T00:20:31.558297;2016-04-20T00:20:31.608862;a07b038a-914b-4aaf-820d-7f45e73d9300;436.7;0.6910354;BUY
2016-04-20T00:21:01.565293;2016-04-20T00:21:01.593253;b1dfd9f1-66c4-4d77-9491-c2e1b8cb657e;436.7;0.0958966;BUY
2016-04-20T00:21:01.565576;2016-04-20T00:21:01.608872;6cb9d17a-766f-4029-80e1-2837960ebcbd;436.71;1.573864;BUY
2016-04-20T00:21:01.565771;2016-04-20T00:21:01.608872;f7f8f571-c891-4828-928c-625fd81836f7;436.72;1.2313394;BUY
2016-04-20T00:21:31.654815;2016-04-20T00:21:31.687014;92378ae8-d379-4f8e-a9c0-45968ee825de;436.72;1.1294566;BUY
2016-04-20T00:21:31.655070;2016-04-20T00:21:31.702643;70fc7d56-1787-49c4-8208-9beba7bf8674;436.72;0.21;BUY
2016-04-20T00:21:31.655252;2016-04-20T00:21:31.702643;83d8ed36-81b9-435b-b9f1-f02f3c743f29;436.73;0.03;BUY
2016-04-20T00:21:31.655399;2016-04-20T00:21:31.702643;d8aaab39-44e7-4043-bc40-9751c432c85d;436.73;0.8977434;BUY
2016-04-20T00:22:01.586638;2016-04-20T00:22:01.608910;a11036c5-f73b-420a-ac76-e6db27a227a0;436.73;0.81335;BUY
2016-04-20T00:22:21.606290;2016-04-20T00:22:21.640165;a2bbf52b-0125-4280-ab63-e5bf5d201b6a;436.72;0.02;SELL
2016-04-20T00:22:21.606539;2016-04-20T00:22:21.655791;b5181e1a-45db-4167-bb5d-b381ba07703c;436.72;0.075;SELL
2016-04-20T00:22:21.606762;2016-04-20T00:22:21.655791;3dad2b8d-239d-45e7-b884-16bc07d84a81;436.71;0.02;SELL
2016-04-20T00:22:21.606961;2016-04-20T00:22:21.655791;73c0036f-f2c0-43ec-936c-70265474ea62;436.7;0.02;SELL
2016-04-20T00:22:21.607176;2016-04-20T00:22:21.671425;ddb7aa39-f992-47ae-b95a-fbf79260a161;436.69;0.02;SELL
2016-04-20T00:22:21.607343;2016-04-20T00:22:21.733916;f23a4b50-b5b9-4147-a7ca-272a13d5d6f8;436.67;0.02;SELL
2016-04-20T00:22:21.607547;2016-04-20T00:22:21.733916;473b72da-9707-4c4b-b5f3-7a6228b3d8fe;436.67;0.078;SELL
2016-04-20T00:22:21.607737;2016-04-20T00:22:21.733916;d75ac172-3945-4d72-a8a6-9d257bcfa228;436.66;0.02;SELL
2016-04-20T00:22:21.607942;2016-04-20T00:22:21.733916;3ba62f1f-e2c0-48b2-a25d-637e197e91b6;436.65;0.01;SELL
2016-04-20T00:22:21.608117;2016-04-20T00:22:21.733916;2bc951d8-2178-40bd-a051-280bb5440e5d;436.63;0.00335906;SELL
2016-04-20T00:23:01.598444;2016-04-20T00:23:01.624562;3891da8a-92d7-4b37-ac30-f77eaf38ea00;436.7;0.03;BUY
2016-04-20T00:23:01.598692;2016-04-20T00:23:01.640184;08b62bf6-4c2f-4760-91be-0d963264479b;436.71;0.03;BUY
2016-04-20T00:23:01.598875;2016-04-20T00:23:01.640184;f51d960e-02a5-4ff2-8da3-b139ec3db104;436.72;0.03;BUY
2016-04-20T00:23:01.599033;2016-04-20T00:23:01.640184;fa68f561-e8ab-4cf9-9025-6b8e97adf0f5;436.73;0.52831;BUY
2016-04-20T00:23:31.516390;2016-04-20T00:23:31.546454;9dbf8430-9f2e-4633-90aa-1484d4b256bd;436.73;0.23918;BUY
2016-04-20T00:24:01.507552;2016-04-20T00:24:01.530881;3ec98cd1-59f5-4825-ae11-4f52cea50be0;436.73;0.6691446;BUY
2016-04-20T00:24:01.507772;2016-04-20T00:24:01.562110;7cb64fc4-c769-4652-a941-825003942b93;436.73;0.01;BUY
2016-04-20T00:24:01.507959;2016-04-20T00:24:01.562110;992f68bb-c9a8-4b63-8ba2-59b88f61b258;436.73;0.01195906;BUY
2016-04-20T00:24:01.508123;2016-04-20T00:24:01.562110;bab16da4-8389-40ca-8518-90c784877369;436.74;1.13234634;BUY
2016-04-20T00:25:00.484393;2016-04-20T00:25:00.499621;1f827ced-e275-4a9e-a4a3-ef4e5e4d7c5a;436.74;1.74305;BUY
2016-04-20T00:25:31.453137;2016-04-20T00:25:31.468391;ed638b55-8d87-4259-a8cb-4470a22831e6;436.74;1.05926366;BUY
2016-04-20T00:25:31.453355;2016-04-20T00:25:31.484010;8b4c6c4b-04cd-4fa8-8668-a70a340d23bf;436.75;3.43306634;BUY
2016-04-20T00:26:00.748056;2016-04-20T00:26:00.765280;4fd0e1aa-c65d-484f-a988-6a35cee0ac4b;436.74;0.02;SELL
2016-04-20T00:26:00.748299;2016-04-20T00:26:00.780907;f612d916-af13-4cef-9b59-d0d766d0edda;436.73;0.02;SELL
2016-04-20T00:26:00.748472;2016-04-20T00:26:00.780907;11e397ba-6c50-497a-9be8-be607d9df9dd;436.73;3.88987;SELL
2016-04-20T00:26:30.635877;2016-04-20T00:26:30.655922;163a4793-afc8-46b2-ab2b-4761579560c6;436.74;0.02;SELL
2016-04-20T00:26:30.636113;2016-04-20T00:26:30.671553;718b3e33-aad1-4759-8561-95f1736bf538;436.74;0.49234;SELL
2016-04-20T00:26:43.550149;2016-04-20T00:26:43.562183;cbfe876f-378a-4831-a273-bfc21c6983a6;436.75;0.01;BUY
2016-04-20T00:26:58.227619;2016-04-20T00:26:58.234056;cb4fdeba-1786-41fe-849a-55bffb0ba4a8;436.75;0.02499885;BUY
2016-04-20T00:26:58.254309;2016-04-20T00:26:58.280939;8275c78b-ac9f-4695-83f3-fa2418347e47;436.75;0.19400511;BUY
2016-04-20T00:27:03.531559;2016-04-20T00:27:03.546564;d9d4d2de-c900-4eb3-ab0e-8c2d88098b88;436.75;0.2725897;BUY
2016-04-20T00:27:03.531781;2016-04-20T00:27:03.562181;bd134667-f7d3-4924-a976-f71e67a6fe27;436.75;0.07;BUY
2016-04-20T00:27:03.531960;2016-04-20T00:27:03.562181;6c8b4018-30e6-48d2-9a88-aad6533ba13a;436.75;0.101;BUY
2016-04-20T00:27:03.532124;2016-04-20T00:27:03.577810;58c64ffd-d2ad-4b8c-94b0-643875d8d550;436.8;0.01000344;BUY
2016-04-20T00:27:03.532285;2016-04-20T00:27:03.577810;281a0981-cf47-431d-919f-b92d6a009642;436.8;0.087;BUY
2016-04-20T00:27:03.532437;2016-04-20T00:27:03.577810;d0b52471-ff3c-4dc4-90c8-68831af8ff41;436.83;0.01;BUY
2016-04-20T00:27:03.532592;2016-04-20T00:27:03.577810;a83d2d6a-1831-44d0-b164-94eb24b32d57;436.84;0.03;BUY
2016-04-20T00:27:03.532743;2016-04-20T00:27:03.577810;d285bad2-e24a-462b-a10a-82fc8e4f15df;436.85;0.03;BUY
2016-04-20T00:27:03.532891;2016-04-20T00:27:03.577810;f68ca0fc-f90e-487e-b7cb-742b799ff8fb;436.85;0.02;BUY
2016-04-20T00:27:03.533081;2016-04-20T00:27:03.640313;34abf09a-ceac-4453-a294-2ba9d19be882;436.85;1.2;BUY
2016-04-20T00:27:03.533226;2016-04-20T00:27:03.655931;916c5a8a-e82c-4f73-b74e-a0b6713aa461;436.86;0.03;BUY
2016-04-20T00:27:03.533368;2016-04-20T00:27:03.655931;13f1ebd9-d41c-4d7b-9ce2-d9db3b674528;436.86;0.03;BUY
2016-04-20T00:27:03.533509;2016-04-20T00:27:03.655931;9555b582-4efa-42e5-9227-8393c54a1968;436.86;0.01;BUY
2016-04-20T00:27:03.533647;2016-04-20T00:27:03.655931;d9f12277-59fc-4f62-b6a3-e5c7f13155bb;436.86;0.02;BUY
2016-04-20T00:27:03.533800;2016-04-20T00:27:03.655931;b4b300cd-6d82-49df-95ff-970f1e751802;436.86;0.29;BUY
2016-04-20T00:27:03.533937;2016-04-20T00:27:03.655931;9c4ff7cb-b2dc-4c9f-94c6-c33760cf79a4;436.86;1.77565686;BUY
2016-04-20T00:27:18.590813;2016-04-20T00:27:18.609053;4534dd4e-5e93-4e37-abf7-fa09bd0d1a2e;436.82;0.01;SELL
2016-04-20T00:27:18.591047;2016-04-20T00:27:18.609053;57009648-51d9-49dc-a4a4-a5b84220bbd4;436.78;0.02;SELL
2016-04-20T00:27:18.591228;2016-04-20T00:27:18.609053;61fc99df-9508-49c0-938d-7eccf906890d;436.77;0.02;SELL
2016-04-20T00:27:18.591387;2016-04-20T00:27:18.624690;f56fc1ad-74bb-4826-ac96-d89fc3a8ce10;436.77;0.44;SELL
2016-04-20T00:27:30.630304;2016-04-20T00:27:30.640324;c76a3c20-0258-4eaa-8018-dddfe94530f2;436.78;0.01;SELL
2016-04-20T00:27:30.630496;2016-04-20T00:27:30.655953;453edd85-c86d-4c7e-90dd-38375b31225b;436.78;0.01;SELL
2016-04-20T00:27:30.630721;2016-04-20T00:27:30.655953;48533d21-b60a-4634-b3e8-c2f28d795e69;436.76;0.01797;SELL
2016-04-20T00:28:01.239770;2016-04-20T00:28:01.249711;2d9a2772-733d-4577-b6b1-d5f911eeb641;436.83;0.8;SELL
2016-04-20T00:28:01.240033;2016-04-20T00:28:01.280968;d9f2b2d0-c5e5-4a50-808e-27ed7965ac8e;436.82;0.02;SELL
2016-04-20T00:28:01.240231;2016-04-20T00:28:01.280968;a26eae6f-4a47-49d9-bf9a-194c2f2039ec;436.81;0.02;SELL
2016-04-20T00:28:01.240395;2016-04-20T00:28:01.280968;efad46ee-6b0f-48c2-8caa-e9eacb871214;436.8;0.02;SELL
2016-04-20T00:28:01.240540;2016-04-20T00:28:01.280968;90a7bab2-1602-4ec5-9018-98898c4f9dad;436.78;0.12119;SELL
2016-04-20T00:29:00.600771;2016-04-20T00:29:00.609126;3b0eae57-6d79-4616-a78d-915d34fa3c92;436.82;0.18206;SELL
2016-04-20T00:29:26.004968;2016-04-20T00:29:26.015380;662f6055-2d0f-4d4d-ab0f-3965063c4ba7;436.83;0.03;BUY
2016-04-20T00:29:26.005218;2016-04-20T00:29:26.031006;cd1c73f8-823e-40f1-911d-36722df20aae;436.84;0.02797;BUY
2016-04-20T00:29:26.005389;2016-04-20T00:29:26.031006;c46ef160-cbcf-43bf-8e73-6de0df3527eb;436.85;0.03;BUY
2016-04-20T00:29:26.005534;2016-04-20T00:29:26.031006;274402d9-d78c-4da1-a9c2-ec6a249a6623;436.85;0.09203;BUY
2016-04-20T00:29:30.579185;2016-04-20T00:29:30.593509;f2913ed4-6126-43af-8335-1667c3807a4b;436.83;0.50211;SELL
2016-04-20T00:29:49.580051;2016-04-20T00:29:49.577896;09052a0d-9544-4590-92e5-7107654e0b24;436.85;0.01;BUY
2016-04-20T00:30:00.670321;2016-04-20T00:30:00.671658;78913a40-246f-4f09-bf43-fa51af9533c6;436.83;1.44329;SELL
2016-04-20T00:30:31.966103;2016-04-20T00:30:32.017250;3926a283-94bb-4856-bbda-d89b3b5b1234;436.85;0.01;BUY
2016-04-20T00:30:31.966366;2016-04-20T00:30:32.032876;5736262c-05e1-4c5c-a3b1-dade3211a43b;436.85;0.205772;BUY
2016-04-20T00:30:31.966580;2016-04-20T00:30:32.032876;e7b9404a-b132-4396-964f-4baa9e2966b4;436.87;0.01;BUY
2016-04-20T00:30:31.966751;2016-04-20T00:30:32.032876;5586f7b9-68d6-4ba2-adca-6a00910bbccd;436.87;0.01;BUY
2016-04-20T00:30:31.966931;2016-04-20T00:30:32.032876;bfe9b1b0-c0f3-4041-b6b0-7561da859985;436.87;0.03;BUY
2016-04-20T00:30:31.967116;2016-04-20T00:30:32.126636;822faf8a-2e6a-43ca-bb2c-f7b360cca368;436.87;0.03;BUY
2016-04-20T00:30:31.967281;2016-04-20T00:30:32.126636;95253e91-9c66-418c-af7c-6cd74ea270ec;436.87;0.03;BUY
2016-04-20T00:30:31.967444;2016-04-20T00:30:32.126636;4d422d63-c257-4087-a66a-4101af43860b;436.87;0.03;BUY
2016-04-20T00:30:31.967621;2016-04-20T00:30:32.126636;5372112b-74fb-406b-a13c-75b852d140fd;436.87;0.171;BUY
2016-04-20T00:30:31.967792;2016-04-20T00:30:32.126636;b7ab26a3-6ba9-413b-ad6f-1f8793c685df;436.87;0.29;BUY
2016-04-20T00:30:31.967966;2016-04-20T00:30:32.126636;d34636aa-ec3a-4adc-abe3-73f33443df69;436.88;0.01;BUY
2016-04-20T00:30:31.968148;2016-04-20T00:30:32.126636;40a58532-d019-4fbb-b1e7-c3026ed9e41a;436.88;0.03;BUY
2016-04-20T00:30:31.968320;2016-04-20T00:30:32.126636;226d1f14-6304-431a-a5fb-e435f3d39190;436.88;0.29;BUY
2016-04-20T00:30:31.968481;2016-04-20T00:30:32.126636;cce67788-dc28-45a7-b572-bf0ae65980d3;436.9;0.01000457;BUY
2016-04-20T00:30:31.968650;2016-04-20T00:30:32.126636;c7f96eff-6dc6-4a8e-8c8e-1232be80f77f;436.9;0.03;BUY
2016-04-20T00:30:31.968821;2016-04-20T00:30:32.126636;d689ed20-1726-4382-bc42-f0690008d11d;436.9;0.01;BUY
2016-04-20T00:30:31.969012;2016-04-20T00:30:32.126636;a94595f8-4419-4288-bab3-f63fb751f718;436.91;0.01;BUY
2016-04-20T00:30:31.969182;2016-04-20T00:30:32.126636;66b69b37-b2d0-4300-a7db-d732b3c31d86;436.91;0.18206;BUY
2016-04-20T00:30:31.969345;2016-04-20T00:30:32.126636;c14c920b-fa7d-4fd3-885a-e0bc069079c4;436.91;0.49234;BUY
2016-04-20T00:30:31.969517;2016-04-20T00:30:32.126636;49b02056-9c7f-4b24-bed4-5cced980ee17;436.91;0.29;BUY
2016-04-20T00:30:31.969678;2016-04-20T00:30:32.126636;cc5bea58-cf67-48b7-a89f-2331a5baccd7;436.92;8.15939343;BUY
2016-04-20T00:31:00.635209;2016-04-20T00:31:00.689145;763919a5-8e38-4f80-ac93-6c64d6682e3a;436.87;0.02;SELL
2016-04-20T00:31:00.635387;2016-04-20T00:31:00.704767;556efc8d-0500-417f-8ea5-a0402cce1cb7;436.86;0.02;SELL
2016-04-20T00:31:00.635558;2016-04-20T00:31:00.704767;bada9a0b-2673-4e4b-9260-ebe710952dd2;436.85;0.29;SELL
2016-04-20T00:31:00.635706;2016-04-20T00:31:00.704767;4ad4da21-9d5c-437f-98d5-db1c98a8c03e;436.85;3.9874;SELL
2016-04-20T00:31:31.053546;2016-04-20T00:31:31.095408;cb9c0458-b77e-4e08-ba4c-875b1c81611d;436.89;0.01;BUY
2016-04-20T00:31:31.053767;2016-04-20T00:31:31.110981;f015d86e-ce82-4543-8b42-8d6cf99f8b27;436.9;0.03;BUY
2016-04-20T00:31:31.053945;2016-04-20T00:31:31.126620;cd9586a7-8ad6-4d4a-846d-6be46bb370d6;436.91;0.15298;BUY
2016-04-20T00:32:02.688442;2016-04-20T00:32:02.736050;a19e2af6-ffa3-4efe-8a05-65035506e5dd;436.91;0.64702;BUY
2016-04-20T00:32:02.688639;2016-04-20T00:32:02.751669;7e0145c9-8e2b-44c6-b784-d69a6caa91ca;436.91;0.02784;BUY
2016-04-20T00:32:13.263804;2016-04-20T00:32:13.314142;f9a374fe-9bcd-4926-85de-f58842d54591;436.92;0.01;BUY
2016-04-20T00:32:49.540072;2016-04-20T00:32:49.595443;d934eb73-bb93-4fe0-8569-1de19ec67cfe;436.92;0.05;BUY
2016-04-20T00:33:00.766737;2016-04-20T00:33:00.814204;138c0798-d0c3-4d1e-95c6-31c088d5ae82;436.91;0.51733;SELL
2016-04-20T00:33:30.665388;2016-04-20T00:33:30.704849;01eaea78-1c76-4324-913c-975caed7dd42;436.92;0.22921;BUY
2016-04-20T00:34:00.656920;2016-04-20T00:34:00.704853;20960aad-b705-49f3-95e3-b6e939636470;436.92;0.09943;BUY
2016-04-20T00:34:36.035113;2016-04-20T00:34:36.126749;4809c52c-7f00-4549-9745-68ca97cbf06e;436.92;4.65546;BUY
2016-04-20T00:35:27.384877;2016-04-20T00:35:27.423652;37542c8c-0505-456f-af66-a617361b50a1;436.91;0.036;SELL
2016-04-20T00:36:00.655878;2016-04-20T00:36:00.689296;45212d73-6c1a-465c-b9c8-ab850629cea3;436.92;0.45704;BUY
2016-04-20T00:36:30.681099;2016-04-20T00:36:30.720558;51be38ce-ad7e-4b87-b8f6-28ff7077a61f;436.91;0.36283;SELL
2016-04-20T00:37:00.664557;2016-04-20T00:37:00.704960;73be2922-b32a-4f02-827c-2eb365478735;436.91;1.59384;SELL
2016-04-20T00:37:00.664799;2016-04-20T00:37:00.720573;439e99d2-7afa-4e0e-9643-d5e2e5fe9fef;436.91;1.0;SELL
2016-04-20T00:37:00.665013;2016-04-20T00:37:00.720573;22a70bc3-a1d3-43ec-9f7e-6940f506ebe2;436.9;0.02;SELL
2016-04-20T00:37:00.665184;2016-04-20T00:37:00.720573;4a95a875-a037-4680-a71d-cde79cf7d043;436.89;0.02;SELL
2016-04-20T00:37:00.665351;2016-04-20T00:37:00.720573;fec0d24d-d4d0-4917-a984-ae2103de7f25;436.88;0.02;SELL
2016-04-20T00:37:00.665539;2016-04-20T00:37:00.767449;aafdca61-6345-479c-871c-907383d6fd08;436.87;0.01;SELL
2016-04-20T00:37:00.665700;2016-04-20T00:37:00.767449;7e37ea3c-0715-4058-b7c8-0a58bce468ef;436.87;0.02;SELL
2016-04-20T00:37:00.665848;2016-04-20T00:37:00.767449;9f536697-84ba-45cc-901f-b9800c499df9;436.87;0.10324;SELL
2016-04-20T00:37:30.828822;2016-04-20T00:37:30.861216;05c94de7-503f-46d1-a095-76da26fa37e7;436.9;0.03;BUY
2016-04-20T00:37:30.829074;2016-04-20T00:37:30.892470;f6846acb-dcfa-4230-9980-4b0fd9eb4286;436.9;0.07;BUY
2016-04-20T00:37:30.829247;2016-04-20T00:37:30.892470;4718b8c1-8b3c-423b-9cf2-5ee50f008570;436.9;0.10317;BUY
2016-04-20T00:38:00.687669;2016-04-20T00:38:00.720610;0a226ba7-a087-40d1-9453-297a674821d9;436.92;0.07282;BUY
2016-04-20T00:38:32.370063;2016-04-20T00:38:32.408121;2eca00e7-78d0-49f0-9d63-47b1f64d2f41;436.92;1.21013;BUY
2016-04-20T00:39:00.732056;2016-04-20T00:39:00.767512;a4474a1e-7c09-4c79-b59d-add97895fbad;436.92;0.68969;BUY
2016-04-20T00:39:31.104764;2016-04-20T00:39:31.126912;3f9d1232-73b3-4488-849b-a1766e1fab42;436.92;4.08579;BUY
2016-04-20T00:40:02.865790;2016-04-20T00:40:02.892552;da2eef31-da0b-43f8-9afa-e171c266d6ec;436.91;0.02;SELL
2016-04-20T00:40:02.866017;2016-04-20T00:40:02.908167;a8ae089c-b09b-4682-9ca3-824374b4644d;436.91;3.63615;SELL
2016-04-20T00:40:18.948286;2016-04-20T00:40:18.970685;db2f0cfe-796e-47a6-a6b3-6d8826f6ad0b;436.91;0.475;SELL
2016-04-20T00:40:30.823156;2016-04-20T00:40:30.845687;7219ed8c-7a87-433c-a7c0-4045ca9842d2;436.92;1.15377;BUY
2016-04-20T00:41:01.005037;2016-04-20T00:41:01.033200;4b93cc7f-e2c6-489c-a4be-0fe803b9ed14;436.92;0.69325;BUY
2016-04-20T00:41:31.669428;2016-04-20T00:41:31.689469;c4162f99-2cc5-419a-9c5f-35b35d15d62f;436.92;0.58917;BUY
2016-04-20T00:42:00.834347;2016-04-20T00:42:00.861356;5a2238f1-9dae-47fd-a1ed-3f6c1e730bd3;436.92;0.78002;BUY
2016-04-20T00:42:32.408324;2016-04-20T00:42:32.423819;b86b59c2-7bd9-4d40-80f7-6e2bf3eca4f6;436.91;0.02;SELL
2016-04-20T00:42:32.408573;2016-04-20T00:42:32.455124;8f234c62-8ebf-4941-a942-fb193d968f6d;436.9;0.00347;SELL
2016-04-20T00:43:00.832169;2016-04-20T00:43:00.845761;ce597aeb-690b-4aa8-b8e5-0975de0d5b7c;436.92;0.55378;BUY
2016-04-20T00:43:30.957808;2016-04-20T00:43:30.970776;f70eeeaa-784f-4c66-bc36-511e32336b1e;436.92;2.26609;BUY
2016-04-20T00:43:42.110965;2016-04-20T00:43:42.126996;ae664657-d6a1-4cff-bab8-7ac47d16bf9a;436.91;0.02;SELL
2016-04-20T00:43:42.111188;2016-04-20T00:43:42.142653;a7cdf7cb-eb30-41d0-a8f3-16916490a41d;436.91;0.13;SELL
2016-04-20T00:44:01.398928;2016-04-20T00:44:01.408292;684b5cc2-4e3c-41c4-97a8-ebbb0584954e;436.92;1.04242;BUY
2016-04-20T00:44:30.988064;2016-04-20T00:44:31.017677;d0d503c3-64d2-44a2-9ff7-d491cea33755;436.91;6.83777;SELL
2016-04-20T00:44:30.988289;2016-04-20T00:44:31.033303;db0dd8bf-e38d-48c0-a967-733e7036003a;436.91;0.47;SELL
2016-04-20T00:44:30.988492;2016-04-20T00:44:31.033303;eb221cd1-8e2c-49e8-98ab-83ff2c326383;436.91;0.29;SELL
2016-04-20T00:44:30.988671;2016-04-20T00:44:31.033303;c8d57831-3263-4695-a585-d28e93d77c98;436.9;0.01653;SELL
2016-04-20T00:44:30.988846;2016-04-20T00:44:31.048930;21361c77-72f2-4bbc-9cba-5f7684eaaf4e;436.89;0.02;SELL
2016-04-20T00:44:30.989040;2016-04-20T00:44:31.048930;5c7f404b-c170-4d58-b5d7-8100c931ecfd;436.88;0.02;SELL
2016-04-20T00:44:30.989220;2016-04-20T00:44:31.048930;a4515278-0de7-4c27-a05a-276a34b58b58;436.87;0.02;SELL
2016-04-20T00:44:30.989371;2016-04-20T00:44:31.064531;890a2abb-efb5-4d85-a557-05a99839bb19;436.86;0.02;SELL
2016-04-20T00:44:30.989529;2016-04-20T00:44:31.064531;d19523ac-5b03-43b4-99dc-4055ed894566;436.86;0.428;SELL
2016-04-20T00:44:30.989707;2016-04-20T00:44:31.064531;ee921253-5c96-4856-bc25-8f2d3653bd23;436.85;0.07;SELL
2016-04-20T00:44:30.989871;2016-04-20T00:44:31.064531;53e5852f-ac68-4264-a796-8ae7ab2ae0c9;436.83;0.2;SELL
2016-04-20T00:44:30.990030;2016-04-20T00:44:31.064531;e56b5f32-e893-4844-a716-32fa1f1789a6;436.82;0.02;SELL
2016-04-20T00:44:30.990190;2016-04-20T00:44:31.064531;d3fe2ac6-c20a-4ec6-83d4-1e34caf6769f;436.82;1.4;SELL
2016-04-20T00:44:30.990367;2016-04-20T00:44:31.064531;d70b2a0e-b922-4168-8682-489f0e2b3352;436.82;0.8;SELL
2016-04-20T00:44:30.990513;2016-04-20T00:44:31.064531;d8e6b0cc-3d75-4a68-a95e-47db12afa98f;436.81;0.453;SELL
2016-04-20T00:44:30.990672;2016-04-20T00:44:31.080184;ad494ac2-2e14-444f-befb-c56c159a3797;436.81;1.0;SELL
2016-04-20T00:44:30.990815;2016-04-20T00:44:31.080184;0a4af71b-fff0-413c-b2f5-3e9a57df8151;436.8;0.02;SELL
2016-04-20T00:44:30.990990;2016-04-20T00:44:31.080184;e2cf3466-8b54-4ab7-affb-1253b3e705ed;436.8;0.01000572;SELL
2016-04-20T00:44:30.991142;2016-04-20T00:44:31.095802;d3bdfaa0-424f-4b2e-9b2f-04a4c9c243d8;436.8;0.72079428;SELL
2016-04-20T00:45:31.505379;2016-04-20T00:45:31.596546;bd0cb094-a959-45b1-913a-a68bf3d47a37;436.89;0.03;BUY
2016-04-20T00:45:31.505574;2016-04-20T00:45:31.612171;dd3208a5-1b4b-4e58-847c-8ac2867e6b09;436.89;0.0088;BUY
2016-04-20T00:46:01.240046;2016-04-20T00:46:01.346560;f7a2e25f-93f0-496a-aad7-c6495f2686fe;436.9;0.03;BUY
2016-04-20T00:46:01.240342;2016-04-20T00:46:01.346560;0028dca8-0035-4748-ad45-ccd02bee0df4;436.9;0.01000572;BUY
2016-04-20T00:46:01.240634;2016-04-20T00:46:01.346560;24335ecc-4705-432f-b475-d531459a5154;436.9;0.01;BUY
2016-04-20T00:46:01.240854;2016-04-20T00:46:01.346560;574447e3-b2f0-403a-917e-5be521c06e66;436.91;0.03;BUY
2016-04-20T00:46:01.241032;2016-04-20T00:46:01.362184;f554fef9-cb22-46c0-9ecd-27436a4607be;436.92;0.02647228;BUY
2016-04-20T00:46:01.241154;2016-04-20T00:46:01.362184;6e8bdd86-ced5-4ef8-b399-163abb58f5d4;436.92;0.03;BUY
2016-04-20T00:46:01.241236;2016-04-20T00:46:01.362184;67212dd1-52f4-4fc8-bdba-1bd244755e35;436.92;0.417242;BUY
2016-04-20T00:46:30.953353;2016-04-20T00:46:31.034076;60460232-266b-4d8e-93d3-5b4c5e5b3da1;436.91;3.80928;SELL
2016-04-20T00:47:01.007145;2016-04-20T00:47:01.112212;50f0511c-a3d8-4d46-a2c8-bd3be89410db;436.92;0.46839;BUY
2016-04-20T00:47:20.492039;2016-04-20T00:47:20.580978;ba1433d0-7c22-40c2-bce1-e50e38304ab8;436.92;0.01;BUY
2016-04-20T00:48:01.312808;2016-04-20T00:48:01.409128;04b4d618-5e81-4573-a50d-f2a66ae8da79;436.91;0.02;SELL
2016-04-20T00:48:01.313027;2016-04-20T00:48:01.409128;e4ce4c7d-2dc1-4773-a668-02ced667296b;436.91;0.08269;SELL
2016-04-20T00:48:39.001516;2016-04-20T00:48:39.096640;a6f61314-2a4d-4d6c-ba2b-1b574f9968d0;436.91;0.02;SELL
2016-04-20T00:48:39.001743;2016-04-20T00:48:39.112266;59363041-ac2f-4912-a904-9307f62bbe07;436.9;0.02;SELL
2016-04-20T00:48:39.001939;2016-04-20T00:48:39.112266;f9004cdf-1b3f-4123-b277-42a51256e50e;436.9;0.0115;SELL
2016-04-20T00:48:39.002115;2016-04-20T00:48:39.112266;87d5526b-ac3f-4fc9-b00b-08fd413a2750;436.89;0.02;SELL
2016-04-20T00:48:39.002280;2016-04-20T00:48:39.127895;2f174bfc-97f5-4214-b132-31210f3909ad;436.88;0.02;SELL
2016-04-20T00:48:39.002438;2016-04-20T00:48:39.127895;39e7f63e-f228-4986-9673-ed9c20cacaaf;436.83;0.088;SELL
2016-04-20T00:48:39.002601;2016-04-20T00:48:39.127895;108693d8-f208-40dd-b7fb-2bbedb022e25;436.8;0.01000687;SELL
2016-04-20T00:48:39.002770;2016-04-20T00:48:39.127895;dfb97765-51bf-421c-91c1-54fec7330d91;436.79;0.02;SELL
2016-04-20T00:48:39.002932;2016-04-20T00:48:39.127895;c8dede31-bb14-4605-9fc7-08c55b802e9b;436.78;0.095;SELL
2016-04-20T00:48:39.003090;2016-04-20T00:48:39.127895;dd649d30-3a3b-407e-82ef-b38694d748ee;436.76;0.00203;SELL
2016-04-20T00:48:39.003252;2016-04-20T00:48:39.127895;c6f4758c-4a14-4c5d-a33a-b4fb9ab5d066;436.76;0.485506;SELL
2016-04-20T00:48:39.003404;2016-04-20T00:48:39.143513;fbbbb11f-abb0-40a1-b872-01ce04f3f6bd;436.73;0.128;SELL
2016-04-20T00:48:39.003559;2016-04-20T00:48:39.143513;d2b437b8-84d1-4826-a955-30c166076330;436.72;0.02;SELL
2016-04-20T00:48:39.003719;2016-04-20T00:48:39.143513;a5a77bc4-4a0c-4ec9-bac4-6f169a012a2d;436.7;0.01000459;SELL
2016-04-20T00:48:39.003873;2016-04-20T00:48:39.143513;ccdfd2b4-e025-4177-b49d-346c49502883;436.69;0.02;SELL
2016-04-20T00:48:39.004042;2016-04-20T00:48:39.143513;16c4e80b-4d7f-45b2-a7af-fff8658609d9;436.69;0.02;SELL
2016-04-20T00:48:39.004184;2016-04-20T00:48:39.159140;e0e283d6-bba5-4396-8a9c-47a0b17a59ba;436.68;3.36582254;SELL
2016-04-20T00:49:01.050952;2016-04-20T00:49:01.127897;a269abb3-3bf3-436c-821a-4ea46882d696;436.88;0.02203;BUY
2016-04-20T00:49:01.051215;2016-04-20T00:49:01.143529;c0b63255-2185-4148-808c-9a2c6288688a;436.89;0.00321;BUY
2016-04-20T00:50:01.200788;2016-04-20T00:50:01.284185;6d2579df-60d8-429e-9a9e-1c0d4bcd4637;436.89;0.02679;BUY
2016-04-20T00:50:01.201042;2016-04-20T00:50:01.299805;600731d0-124b-4892-9df4-2ef299fedffe;436.9;0.01000687;BUY
2016-04-20T00:50:01.201229;2016-04-20T00:50:01.299805;a1581b80-4ed9-41ab-aebe-efaa84b4f427;436.9;0.01;BUY
2016-04-20T00:50:01.201399;2016-04-20T00:50:01.299805;77ae8293-4c5c-462c-bfe5-d06663b309a1;436.91;0.106;BUY
2016-04-20T00:50:01.201547;2016-04-20T00:50:01.315431;9eb6e385-4d93-4256-8f9c-c1fc459f721b;436.92;0.104359;BUY
2016-04-20T00:50:01.201691;2016-04-20T00:50:01.315431;119fc832-8943-48a6-80eb-aa3f0b9b32d0;436.92;0.03;BUY
2016-04-20T00:50:01.201845;2016-04-20T00:50:01.315431;53887285-a40e-442f-9566-731490175d41;436.92;0.03;BUY
2016-04-20T00:50:01.202028;2016-04-20T00:50:01.315431;c2725b64-a9aa-4801-bd03-8433223af66a;436.92;0.29;BUY
2016-04-20T00:50:01.202169;2016-04-20T00:50:01.331053;73303843-d316-4268-90fc-f45a72cfed65;436.93;0.03;BUY
2016-04-20T00:50:01.202317;2016-04-20T00:50:01.331053;ef796885-a039-4795-8a76-596df6c464e2;436.93;0.05;BUY
2016-04-20T00:50:01.202462;2016-04-20T00:50:01.331053;db71993d-4836-4080-9736-ea0592a3d807;436.93;0.485506;BUY
2016-04-20T00:50:01.202604;2016-04-20T00:50:01.331053;ae8286bf-bfaa-4364-939d-92ed47b30feb;436.94;0.03;BUY
2016-04-20T00:50:01.202750;2016-04-20T00:50:01.331053;38b3a7df-cf16-4b7e-83b2-052b2b6e6859;436.94;0.13;BUY
2016-04-20T00:50:01.202915;2016-04-20T00:50:01.377931;6e17ccf6-185d-4f1c-a892-5ccec5d85e5e;436.94;0.29;BUY
2016-04-20T00:50:01.203102;2016-04-20T00:50:01.377931;b42818e9-6ecd-47de-a499-7f9140175479;436.95;0.01;BUY
2016-04-20T00:50:01.203240;2016-04-20T00:50:01.377931;823b4db6-85c0-4c76-9923-ef9f1c3a41c8;436.95;0.00706813;BUY
2016-04-20T00:50:29.995632;2016-04-20T00:50:30.081074;6b7bd055-8106-41b1-99e5-27dc7a541f60;436.95;0.0115;BUY
2016-04-20T00:51:01.176897;2016-04-20T00:51:01.268590;3ed1f9db-fc8b-437e-8d14-2202a8838d44;436.95;0.08143187;BUY
2016-04-20T00:51:01.177140;2016-04-20T00:51:01.284220;2bfdb6d7-641f-4f2e-9aca-e3d971f62e73;436.95;0.12;BUY
2016-04-20T00:51:01.177332;2016-04-20T00:51:01.284220;b7c87d34-8888-45c4-941e-08e1e46b2b62;436.96;0.01;BUY
2016-04-20T00:51:01.177492;2016-04-20T00:51:01.284220;820cbee4-6f75-49c4-8757-b4a7ab4c1c57;436.96;0.01;BUY
2016-04-20T00:51:01.177661;2016-04-20T00:51:01.299838;5d764baa-0e28-4924-8fbc-7b0bc767fddd;436.96;0.07;BUY
2016-04-20T00:51:01.177816;2016-04-20T00:51:01.299838;d64c5991-178c-4d81-a0cb-0f273fb6c813;436.98;0.03;BUY
2016-04-20T00:51:01.177966;2016-04-20T00:51:01.299838;29ac5f3c-e37e-497e-81c3-d994e7f7fb9d;436.98;0.03;BUY
2016-04-20T00:51:01.178128;2016-04-20T00:51:01.299838;10a85e8a-f743-49a0-85e8-71a765bb9943;436.98;0.03;BUY
2016-04-20T00:51:01.178283;2016-04-20T00:51:01.299838;994b3740-c422-48dd-b77a-604cab3de19d;436.98;0.01;BUY
2016-04-20T00:51:01.178437;2016-04-20T00:51:01.315467;3639a832-aab1-48d7-a59c-65d84cc32c97;436.98;0.01;BUY
2016-04-20T00:51:01.178597;2016-04-20T00:51:01.331086;2f7c1f2f-62cb-4ce2-a1ee-225c53968283;436.98;0.0125;BUY
2016-04-20T00:51:01.178747;2016-04-20T00:51:01.331086;8944997e-ae86-44d7-96d9-9150b362c1e4;436.99;0.03;BUY
2016-04-20T00:51:01.178896;2016-04-20T00:51:01.331086;41ff2244-8326-4bef-8266-81399a10c3fd;436.99;0.01;BUY
2016-04-20T00:51:01.179064;2016-04-20T00:51:01.331086;b50876d8-1933-428b-ad38-49b434523bd3;436.99;0.03;BUY
2016-04-20T00:51:01.179211;2016-04-20T00:51:01.331086;635eacc8-5862-4ceb-bd7c-87d8acf87ba2;437.0;0.01;BUY
2016-04-20T00:51:01.179368;2016-04-20T00:51:01.331086;2ca7fbe4-a5d9-4535-8ffb-b002fec0cdc1;437.0;0.02061015;BUY
2016-04-20T00:51:01.179527;2016-04-20T00:51:01.331086;c7e77dca-ba38-448f-9395-e8223c1c4163;437.0;0.01000456;BUY
2016-04-20T00:51:01.179679;2016-04-20T00:51:01.362337;dd8ed0cf-e91a-4721-8061-f8ce532271c7;437.0;0.52;BUY
2016-04-20T00:51:01.179829;2016-04-20T00:51:01.362337;1c7c5bac-ad9f-40d6-b014-a33cf4b99280;437.0;0.01;BUY
2016-04-20T00:51:01.179993;2016-04-20T00:51:01.362337;44f878a3-139d-40c8-9749-7acc870b5098;437.0;0.1;BUY
2016-04-20T00:51:01.180140;2016-04-20T00:51:01.362337;f72434b7-a483-48c0-988e-b687d39c4bbb;437.0;0.03;BUY
2016-04-20T00:51:01.180298;2016-04-20T00:51:01.377964;7b8546e0-957f-4fa4-83ec-f766e07685f1;437.0;0.01;BUY
2016-04-20T00:51:01.180466;2016-04-20T00:51:01.377964;1ab4dcab-7f4c-411e-960d-5c9fb70fd832;437.0;0.121;BUY
2016-04-20T00:51:01.180624;2016-04-20T00:51:01.377964;d105dd01-6cce-4e2e-8f58-50e813c6ddbf;437.01;0.03;BUY
2016-04-20T00:51:01.180781;2016-04-20T00:51:01.377964;728bf744-ab21-42e6-bc90-3ed6bacbee64;437.02;0.03;BUY
2016-04-20T00:51:01.180942;2016-04-20T00:51:01.377964;21fa611e-7bd5-4e27-8d5f-edd5fd55f739;437.02;0.02;BUY
2016-04-20T00:51:01.181103;2016-04-20T00:51:01.377964;f2c49c26-f429-41b6-8821-f82c30a3c1f8;437.03;0.03;BUY
2016-04-20T00:51:01.181266;2016-04-20T00:51:01.393591;7930005a-fffd-4e26-be6c-56d8a11a3a21;437.03;0.58177;BUY
2016-04-20T00:51:01.181436;2016-04-20T00:51:01.393591;638f9db5-b0c7-49b7-8216-812cbfd32cc4;437.04;0.03;BUY
2016-04-20T00:51:01.181591;2016-04-20T00:51:01.393591;5704ea4b-b56a-455a-a304-34f73a2d1aaf;437.05;0.03;BUY
2016-04-20T00:51:01.181749;2016-04-20T00:51:01.393591;7209401b-9a60-442b-8a5b-f3092f7dda44;437.05;0.87281544;BUY
2016-04-20T00:51:01.181901;2016-04-20T00:51:01.409217;e8139689-5327-48b0-b873-9e725be8d3b4;437.05;0.111;BUY
2016-04-20T00:51:01.182073;2016-04-20T00:51:01.409217;0ca4a13c-d56b-49a9-ad26-0f6cb999dfd5;437.05;0.29;BUY
2016-04-20T00:51:01.182217;2016-04-20T00:51:01.409217;18be61fd-bca7-49bf-9cac-fba6abf80ac0;437.06;0.02;BUY
2016-04-20T00:51:01.182391;2016-04-20T00:51:01.409217;ca45997a-18cd-4a4e-8e6c-40c940a422c1;437.06;0.03;BUY
2016-04-20T00:51:01.182547;2016-04-20T00:51:01.424842;719e4d66-c647-46a9-ab80-eda537d39a86;437.07;0.01;BUY
2016-04-20T00:51:01.182697;2016-04-20T00:51:01.424842;ee46e12f-966c-4601-bd70-7b64d7a3cb78;437.07;0.01;BUY
2016-04-20T00:51:01.182855;2016-04-20T00:51:01.424842;d5caf1a1-68ef-4b06-9e0c-a9c213669f4b;437.07;0.02;BUY
2016-04-20T00:51:01.183019;2016-04-20T00:51:01.424842;078a4d12-12c0-465d-a5de-cf2d90e0be02;437.08;0.03;BUY
2016-04-20T00:51:01.183170;2016-04-20T00:51:01.424842;b31ad0e7-968d-4114-a927-6af23c0bb075;437.08;0.49991;BUY
2016-04-20T00:51:01.183323;2016-04-20T00:51:01.424842;5cb9aaf8-a212-49c4-8145-f6dcbee4144d;437.1;0.01000456;BUY
2016-04-20T00:51:01.183487;2016-04-20T00:51:01.440466;f3b55438-ffdd-4b3f-adc3-719192b7a748;437.1;0.03;BUY
2016-04-20T00:51:01.183637;2016-04-20T00:51:01.440466;fbdabd55-495e-44b3-8fc8-59cfc8009fe9;437.1;0.01;BUY
2016-04-20T00:51:01.183786;2016-04-20T00:51:01.440466;9f6f9b6f-7f7f-400a-898c-64197193809b;437.1;0.02;BUY
2016-04-20T00:51:01.183933;2016-04-20T00:51:01.456113;c7a75fd5-3f38-43e7-b8e5-12571cd38543;437.1;0.01653;BUY
2016-04-20T00:51:01.184086;2016-04-20T00:51:01.456113;9482cf33-071e-46b7-8547-dc42c7aa106f;437.1;0.07575342;BUY
2016-04-20T00:51:30.965886;2016-04-20T00:51:31.065477;53248798-1ef5-4abd-bb4c-a99a0db1622d;437.02;0.02;BUY
2016-04-20T00:51:30.966181;2016-04-20T00:51:31.065477;26011790-4fcf-4f8b-a1a0-e6c518c1fbf9;437.05;0.077;BUY
2016-04-20T00:51:30.966354;2016-04-20T00:51:31.065477;fb36994b-6d95-4cec-97c9-49b0f0c95bc1;437.1;0.119;BUY
2016-04-20T00:51:30.966510;2016-04-20T00:51:31.065477;9fd0fbda-e211-4de2-84e4-5f896bdc18e5;437.11;0.03;BUY
2016-04-20T00:51:30.966668;2016-04-20T00:51:31.065477;43adf0eb-65cd-4bf5-aa64-f44b466f113d;437.11;0.01;BUY
2016-04-20T00:51:30.966834;2016-04-20T00:51:31.065477;3a0d7fb7-20d9-4b45-853e-9ae8920c8d60;437.11;0.02;BUY
2016-04-20T00:51:30.967031;2016-04-20T00:51:31.081102;40e81256-cb09-4441-8c09-f77d1678746f;437.13;0.03;BUY
2016-04-20T00:51:30.967182;2016-04-20T00:51:31.081102;db52d4ec-b128-432f-857a-2fe7f59b0cb5;437.14;0.03;BUY
2016-04-20T00:51:30.967331;2016-04-20T00:51:31.081102;86c9e2f4-5feb-4e5d-ad83-b89262958952;437.14;0.01;BUY
2016-04-20T00:51:30.967478;2016-04-20T00:51:31.081102;5c28d20a-a2c2-4aa7-8de6-d5a12bfe429a;437.14;0.02;BUY
2016-04-20T00:51:30.967634;2016-04-20T00:51:31.096726;350d58b9-2353-4e4f-b389-4c5535294922;437.14;0.077;BUY
2016-04-20T00:51:30.967794;2016-04-20T00:51:31.096726;8134e460-1f83-41e0-b4ec-4dfe54368b03;437.15;0.088;BUY
2016-04-20T00:51:30.967946;2016-04-20T00:51:31.096726;07af880b-157d-4820-9c81-d4250dba5385;437.17;0.03;BUY
2016-04-20T00:51:30.968126;2016-04-20T00:51:31.112351;f2ad7e4a-013f-4992-bad5-a9ba493826a7;437.17;0.074;BUY
2016-04-20T00:51:30.968274;2016-04-20T00:51:31.112351;c1013642-04ae-402e-8ca5-7e30f386419e;437.18;0.03;BUY
2016-04-20T00:51:30.968427;2016-04-20T00:51:31.112351;6ac7e74d-2e56-46e8-acac-0cf2c9d71a63;437.18;0.01;BUY
2016-04-20T00:51:30.968607;2016-04-20T00:51:31.112351;b5b3e386-d05c-416c-9f8b-6af6f637a332;437.19;0.03;BUY
2016-04-20T00:51:30.968758;2016-04-20T00:51:31.112351;f0fb22bd-93e6-4084-ad55-4e005b854ace;437.2;0.01000342;BUY
2016-04-20T00:51:30.968916;2016-04-20T00:51:31.127977;4d3186aa-7a54-437d-832a-5534f521a889;437.2;0.03;BUY
2016-04-20T00:51:30.969083;2016-04-20T00:51:31.143602;c6d69705-c46a-4110-bd38-243bf26498c4;437.21;0.01;BUY
2016-04-20T00:51:30.969253;2016-04-20T00:51:31.143602;2c240a04-cadd-4743-9c85-7a69d78eefe9;437.21;0.2;BUY
2016-04-20T00:51:30.969402;2016-04-20T00:51:31.143602;66d078f0-3424-416f-a64c-4ec236e065e4;437.22;0.03;BUY
2016-04-20T00:51:30.969546;2016-04-20T00:51:31.143602;7555dc64-3392-4898-a3f0-cc0aeaa9c20c;437.22;0.01;BUY
2016-04-20T00:51:30.969701;2016-04-20T00:51:31.143602;32a047d5-f93e-497b-ada3-92850a0be60c;437.22;0.02;BUY
2016-04-20T00:51:30.969855;2016-04-20T00:51:31.159225;1176ff99-c588-47bf-9c53-34bc7f38b677;437.22;0.076;BUY
2016-04-20T00:51:30.970006;2016-04-20T00:51:31.159225;e4bf1639-d2f0-42e5-9e98-fe3da8b48863;437.22;0.03469658;BUY
2016-04-20T00:52:01.127549;2016-04-20T00:52:01.206117;dc7a7e59-f238-4beb-b422-abb30aec3105;437.18;0.02;SELL
2016-04-20T00:52:01.127766;2016-04-20T00:52:01.221741;744de898-e829-43f9-a3e5-911a8aed71d9;437.17;0.02;SELL
2016-04-20T00:52:01.127961;2016-04-20T00:52:01.221741;14239314-a3f8-4406-8e95-4b1a3b592f17;437.17;0.29;SELL
2016-04-20T00:52:01.128132;2016-04-20T00:52:01.221741;91eb92f1-ead5-4e6d-a80e-c7edc5b4b42b;437.16;0.01;SELL
2016-04-20T00:52:01.128279;2016-04-20T00:52:01.237368;97594ab0-f556-4eed-ab8f-d3258e044052;437.16;0.02;SELL
2016-04-20T00:52:01.128449;2016-04-20T00:52:01.237368;8691767f-79ee-4d3b-a6d3-bab9a2615677;437.16;0.29;SELL
2016-04-20T00:52:01.128617;2016-04-20T00:52:01.237368;778a134f-6432-452c-928d-c799aa61219f;437.1;0.01000456;SELL
2016-04-20T00:52:01.128771;2016-04-20T00:52:01.237368;d739bb85-6ab8-4585-8d41-f6faacf6c5f4;437.05;0.02;SELL
2016-04-20T00:52:01.128933;2016-04-20T00:52:01.252979;eb3597c9-91c4-4420-a4ce-18c7c9c12190;437.05;0.31;SELL
2016-04-20T00:52:01.129116;2016-04-20T00:52:01.252979;37bc441f-2941-4e95-961f-024cb815168c;437.04;0.02;SELL
2016-04-20T00:52:01.129269;2016-04-20T00:52:01.252979;c3b119f0-eed3-4f74-9382-0f3e99863f47;437.03;0.02;SELL
2016-04-20T00:52:01.129424;2016-04-20T00:52:01.252979;37d69e5c-366d-4adc-9f56-9eac1bfe23d2;437.01;0.02;SELL
2016-04-20T00:52:01.129593;2016-04-20T00:52:01.268619;53cf93ba-ac9e-4f12-b989-acabb3652848;437.01;0.0735;SELL
2016-04-20T00:52:01.129746;2016-04-20T00:52:01.268619;e670e936-86f9-4ece-95d3-592d52e97ec5;437.0;0.0100057;SELL
2016-04-20T00:52:01.129898;2016-04-20T00:52:01.268619;8244fc78-c25e-4f05-8b3d-1aa75613e8ff;437.0;3.0;SELL
2016-04-20T00:52:01.130069;2016-04-20T00:52:01.268619;1d0f3916-d561-44ab-a2f3-e2974d3a74d1;437.0;0.0115;SELL
2016-04-20T00:52:01.130224;2016-04-20T00:52:01.268619;39734f15-ec45-4292-90a0-b235a674116e;436.98;0.127;SELL
2016-04-20T00:52:01.130383;2016-04-20T00:52:01.268619;3426f334-ac0b-476e-905d-11e1421e0d14;436.94;0.02;SELL
2016-04-20T00:52:01.130545;2016-04-20T00:52:01.284236;f93034bb-53ba-4db9-9e9c-eeb0a70e0b49;436.93;0.02;SELL
2016-04-20T00:52:01.130706;2016-04-20T00:52:01.284236;70cfdb49-7f39-4994-a310-2f5bfcca1fb0;436.93;0.109;SELL
2016-04-20T00:52:01.130868;2016-04-20T00:52:01.284236;73fea4d3-d995-42af-80a6-266f9910b17d;436.92;0.02;SELL
2016-04-20T00:52:01.131042;2016-04-20T00:52:01.299872;d530747a-d9c1-407f-8cb1-66de3e485076;436.91;0.02;SELL
2016-04-20T00:52:01.131190;2016-04-20T00:52:01.299872;b02455d3-3286-4309-bfe8-ac4d05d60861;436.9;0.02;SELL
2016-04-20T00:52:01.131345;2016-04-20T00:52:01.299872;4e605417-280d-4128-bc4e-a074a92f9aff;436.9;0.0100057;SELL
2016-04-20T00:52:01.131498;2016-04-20T00:52:01.299872;e576e2ca-ae7b-448a-a331-08ae4c050c60;436.89;0.16697404;SELL
2016-04-20T00:52:31.056239;2016-04-20T00:52:31.128007;36d26a4c-0e7f-4aaa-af9a-23dca25f02de;437.0;0.0100057;BUY
2016-04-20T00:52:31.056537;2016-04-20T00:52:31.143631;4b1f4798-552c-49aa-8609-be09255ec1f9;437.0;0.31;BUY
2016-04-20T00:52:31.056728;2016-04-20T00:52:31.143631;7efb3a57-bb10-4f8f-a920-aed52db78af7;437.0;0.073;BUY
2016-04-20T00:52:31.056897;2016-04-20T00:52:31.143631;fe11c93d-3298-4078-aa4f-6c83c1ae278e;437.05;0.29;BUY
2016-04-20T00:52:31.057057;2016-04-20T00:52:31.174888;002acf0f-e094-4f89-a7b3-815eb68f8360;437.1;0.03;BUY
2016-04-20T00:52:31.057206;2016-04-20T00:52:31.174888;c7f2a0f7-8aab-4e7b-964e-4ed990c204c4;437.1;0.121;BUY
2016-04-20T00:52:31.057359;2016-04-20T00:52:31.174888;c48ed891-65a8-4d15-b2bf-385b72ddcd15;437.1;0.0100057;BUY
2016-04-20T00:52:31.057529;2016-04-20T00:52:31.174888;618507e7-68cb-4649-a85b-900146ea8e7f;437.11;0.03;BUY
2016-04-20T00:52:31.057687;2016-04-20T00:52:31.174888;4f932bbe-5fba-4c25-8790-5d2d30122270;437.12;0.03;BUY
2016-04-20T00:52:31.057847;2016-04-20T00:52:31.190511;8cb20432-c92e-458c-abf4-cfff3ca9d5be;437.12;0.29;BUY
2016-04-20T00:52:31.057999;2016-04-20T00:52:31.190511;add7cff8-d1d6-40f3-b44e-5befeb2cb88a;437.15;0.1069186;BUY
2016-04-20T00:53:01.380249;2016-04-20T00:53:01.471775;42a4d9c8-1311-43c4-9050-16932f30ed25;437.02;0.03;BUY
2016-04-20T00:53:01.380508;2016-04-20T00:53:01.471775;b077e596-6ddc-4721-97bf-babc254e3c1c;437.02;0.117;BUY
2016-04-20T00:53:01.380700;2016-04-20T00:53:01.471775;86f092ab-9e2d-400b-b835-8864204808b9;437.03;0.03;BUY
2016-04-20T00:53:01.380860;2016-04-20T00:53:01.487396;21fbb976-7e88-407c-a15a-cdf87016efce;437.04;0.03;BUY
2016-04-20T00:53:01.381039;2016-04-20T00:53:01.487396;06c64bde-ee48-4708-9cfa-419ab2ab13a3;437.07;0.083;BUY
2016-04-20T00:53:01.381203;2016-04-20T00:53:01.487396;860fbc59-8ac5-446c-9145-6767fe4ff439;437.12;0.094;BUY
2016-04-20T00:53:01.381368;2016-04-20T00:53:01.518657;95582be6-f8b5-4013-a470-7a0ec1e0de2d;437.16;2.0;BUY
2016-04-20T00:53:01.381535;2016-04-20T00:53:01.518657;d14c5c96-fe28-4205-8e82-0e4fd074b236;437.17;0.119;BUY
2016-04-20T00:53:01.381697;2016-04-20T00:53:01.518657;e66dbd0f-0dcf-4c78-9fc6-542f15a89237;437.19;2.2;BUY
2016-04-20T00:53:01.381853;2016-04-20T00:53:01.518657;4eaeb56c-92d9-4ba1-8f74-e0760c080e31;437.2;0.01000456;BUY
2016-04-20T00:53:01.382026;2016-04-20T00:53:01.518657;3b900ce9-c4da-4944-b7fb-8558a4d2bbcf;437.21;1.8;BUY
2016-04-20T00:53:01.382168;2016-04-20T00:53:01.534279;59381a36-36d8-40d6-b44b-10bede51e912;437.22;0.0735;BUY
2016-04-20T00:53:01.382342;2016-04-20T00:53:01.534279;6ddc28f7-6c7f-4d39-89d4-d40bade51c1b;437.22;0.106;BUY
2016-04-20T00:53:01.382513;2016-04-20T00:53:01.534279;b45c9fb4-f76c-4712-b1d4-10bc8defde9f;437.22;0.6;BUY
2016-04-20T00:53:01.382665;2016-04-20T00:53:01.534279;dff41184-9e2c-400e-a504-459be8063027;437.23;0.010354;BUY
2016-04-20T00:53:01.382821;2016-04-20T00:53:01.534279;6a638bbb-51fc-43e9-9f82-bc6165b78a3f;437.23;0.03;BUY
2016-04-20T00:53:01.382988;2016-04-20T00:53:01.534279;97a59b09-bda7-4a9f-8fe5-94a8e27aa7ff;437.23;0.8;BUY
2016-04-20T00:53:01.383140;2016-04-20T00:53:01.534279;f47add26-8774-4894-b667-847425376fe4;437.23;0.4;BUY
2016-04-20T00:53:01.383290;2016-04-20T00:53:01.549906;5954c00e-e510-4302-8635-ccbf2309eea9;437.24;0.01;BUY
2016-04-20T00:53:01.383448;2016-04-20T00:53:01.549906;5e677f2b-663d-401b-bb3d-bd7e0ddfdff9;437.24;0.0285;BUY
2016-04-20T00:53:01.383596;2016-04-20T00:53:01.549906;bad14033-08be-4c58-af95-3cd25c824df6;437.24;0.01;BUY
2016-04-20T00:53:01.383750;2016-04-20T00:53:01.549906;4c17ebce-7390-43a0-98bb-a78e4f465ea1;437.24;0.01;BUY
2016-04-20T00:53:01.383912;2016-04-20T00:53:01.549906;44e7f002-1f59-4a0e-921d-d48dbe5b4068;437.24;1.8;BUY
2016-04-20T00:53:01.384074;2016-04-20T00:53:01.565528;1db33f32-83f3-48a2-9143-25a6840e7f13;437.25;0.03;BUY
2016-04-20T00:53:01.384218;2016-04-20T00:53:01.565528;dba61463-8821-4dd2-ace2-b8d4ca2f55d7;437.25;0.02061015;BUY
2016-04-20T00:53:01.384382;2016-04-20T00:53:01.565528;57dc71d5-ff1d-4e68-bba6-cf75daf0504f;437.25;0.03;BUY
2016-04-20T00:53:01.384541;2016-04-20T00:53:01.565528;ad70c834-5b7b-4dfa-bbfc-f8266c092c5c;437.25;1.4;BUY
2016-04-20T00:53:01.385454;2016-04-20T00:53:01.565528;4e6ffd97-f219-4925-a5c2-53054927828b;437.26;0.03;BUY
2016-04-20T00:53:01.385622;2016-04-20T00:53:01.565528;4cf8a6bc-82c4-4ed9-aa12-de9d96f5ba4e;437.26;0.01;BUY
2016-04-20T00:53:01.385775;2016-04-20T00:53:01.565528;7c693360-7ba9-4113-98a3-5a88ccd1ec02;437.26;0.02347;BUY
2016-04-20T00:53:01.385933;2016-04-20T00:53:01.581160;70f15065-beb4-45ee-882c-e7e2540b2d65;437.26;1.6;BUY
2016-04-20T00:53:01.386094;2016-04-20T00:53:01.581160;78852fc8-bbd1-4685-806e-01eca4c045ca;437.27;0.03;BUY
2016-04-20T00:53:01.386236;2016-04-20T00:53:01.581160;086e7455-cb65-446a-8767-561093c86c4f;437.27;0.01;BUY
2016-04-20T00:53:01.386391;2016-04-20T00:53:01.581160;9e6eafb5-0a6f-40fd-b9b5-2b17280f60ad;437.27;0.119;BUY
2016-04-20T00:53:01.386555;2016-04-20T00:53:01.581160;d2766e43-25ee-40dd-979a-7389bfdde579;437.27;1.2;BUY
2016-04-20T00:53:01.386701;2016-04-20T00:53:01.581160;b176aa7c-2d4d-47e5-92a9-4b0d7039310b;437.28;0.01;BUY
2016-04-20T00:53:01.386860;2016-04-20T00:53:01.581160;b22fe6c9-21bd-42d0-8d28-8a5cf2688701;437.28;1.5;BUY
2016-04-20T00:53:01.387020;2016-04-20T00:53:01.581160;860a6617-7409-4e71-abd7-13e9b99ee67c;437.29;0.03;BUY
2016-04-20T00:53:01.387162;2016-04-20T00:53:01.581160;9d473137-5f4e-4e5d-a512-22d0fac93d03;437.29;0.01;BUY
2016-04-20T00:53:01.387298;2016-04-20T00:53:01.581160;b609bf44-2f5b-4f8e-a804-2f2edb76b68d;437.29;0.01;BUY
2016-04-20T00:53:01.387449;2016-04-20T00:53:01.596775;af648003-497e-485d-aaeb-96d69fd20e01;437.29;0.01;BUY
2016-04-20T00:53:01.387600;2016-04-20T00:53:01.628028;0cce38ba-77be-4253-bd82-d56a3579ae06;437.29;0.01;BUY
2016-04-20T00:53:01.387756;2016-04-20T00:53:01.628028;d90173cf-3bff-4860-b69e-ac3ee7d0a4b3;437.29;0.2;BUY
2016-04-20T00:53:01.387909;2016-04-20T00:53:01.628028;701b60ff-f657-41c6-a683-e58730b01152;437.3;0.01;BUY
2016-04-20T00:53:01.388074;2016-04-20T00:53:01.628028;2302be4f-8848-4e6c-a759-e22ae93f37ef;437.3;0.01000456;BUY
2016-04-20T00:53:01.388217;2016-04-20T00:53:01.628028;687377c6-5a51-473f-ab6b-c91de24946d6;437.3;0.01;BUY
2016-04-20T00:53:01.388358;2016-04-20T00:53:01.628028;9f5a1e1e-2bc7-49a5-b8a5-2087e5002ea8;437.3;0.03;BUY
2016-04-20T00:53:01.388513;2016-04-20T00:53:01.628028;ce6a5225-7075-4902-954b-cc56984cd937;437.3;0.01;BUY
2016-04-20T00:53:01.388664;2016-04-20T00:53:01.628028;a2ad31e5-8cc9-43a3-b402-2d5afec35bf6;437.3;0.01;BUY
2016-04-20T00:53:01.388825;2016-04-20T00:53:01.628028;f3f2868f-1b7e-4cbf-b55f-8a301a050c76;437.3;2.63119;BUY
2016-04-20T00:53:01.388984;2016-04-20T00:53:01.628028;0d3ce849-39ae-4bd3-a1c1-99ae680cfe00;437.31;0.01;BUY
2016-04-20T00:53:01.389119;2016-04-20T00:53:01.643653;c5f4da1c-d478-4a6b-a149-fa95ccfe9d25;437.31;0.23655673;BUY
2016-04-20T00:53:31.766787;2016-04-20T00:53:31.846787;f558ec23-1af7-4357-bf0a-4fabe69d5579;437.32;0.01;BUY
2016-04-20T00:53:31.767014;2016-04-20T00:53:31.862413;7d7ac35a-6cd9-436c-97c6-3c4f47d2eb4a;437.32;0.01;BUY
2016-04-20T00:53:31.767211;2016-04-20T00:53:31.862413;49003ade-97cc-4e4a-a61d-df29b5057b92;437.32;0.134;BUY
2016-04-20T00:53:31.767362;2016-04-20T00:53:31.862413;9318ba1d-d84b-450a-9866-9e07aa36c0d1;437.33;0.49401;BUY
2016-04-20T00:54:00.949888;2016-04-20T00:54:01.018680;696f86aa-a88b-467b-a4bd-619705469904;437.32;0.01775;BUY
2016-04-20T00:54:30.921841;2016-04-20T00:54:30.987453;7f750efa-b8ae-4685-900d-20c2f32f6d4a;437.32;0.01109;BUY
2016-04-20T00:54:33.310747;2016-04-20T00:54:33.378065;089e1fc4-d13d-4b63-b6ba-e04817038db9;437.32;0.02;SELL
2016-04-20T00:56:00.944511;2016-04-20T00:56:01.003119;3f922e9b-280b-4438-83f1-6ee9aec77abc;437.33;0.00599;BUY
2016-04-20T00:56:00.944739;2016-04-20T00:56:01.018738;a337625e-35f4-4d4a-bc2c-88ef7da37c8b;437.33;1.29967;BUY
2016-04-20T00:56:31.764555;2016-04-20T00:56:31.831264;d0101ee3-ae4c-4681-aa40-c6f7a7a15db5;437.33;0.31297;BUY
2016-04-20T00:56:36.595433;2016-04-20T00:56:36.659384;e34b91ed-2a35-4849-b965-7580d93474e9;437.33;0.01;BUY
2016-04-20T00:57:00.864382;2016-04-20T00:57:00.925029;66dcacf3-540b-4e34-aff9-94bee3e96712;437.33;0.10324;BUY
2016-04-20T00:57:35.635340;2016-04-20T00:57:35.690666;46878bb9-7ff4-4147-8778-7d82d23e1ba5;437.33;0.51385;BUY
2016-04-20T00:58:00.966404;2016-04-20T00:58:01.034428;b8b7c8f8-f78b-46f8-8af6-c64a014c88fd;437.33;0.04472;BUY
2016-04-20T00:58:26.514073;2016-04-20T00:58:26.565699;43dbfd0f-21cf-47f5-b03b-b6b59e90e679;437.33;0.37;BUY
2016-04-20T00:59:01.698594;2016-04-20T00:59:01.753207;b3aeaac1-47c9-4b4c-97f0-d496094525a2;437.33;0.34555;BUY
2016-04-20T00:59:01.698798;2016-04-20T00:59:01.768833;4e8df839-47a7-4f28-944f-b1a337a5f11a;437.33;0.03675;BUY
2016-04-20T00:59:31.161260;2016-04-20T00:59:31.221974;5bbb0734-fd67-4186-9ecc-66c975eb73bb;437.32;0.02;SELL
2016-04-20T00:59:31.161502;2016-04-20T00:59:31.237602;212e2543-f036-4939-8418-e9a1250dc924;437.32;0.091;SELL
2016-04-20T00:59:31.161685;2016-04-20T00:59:31.237602;aa473927-9dd1-4055-a8a7-aa56b1f8d050;437.31;0.02;SELL
2016-04-20T00:59:31.161873;2016-04-20T00:59:31.237602;ccffb744-3a9b-4ba6-b67b-a1cfc348f088;437.31;0.29;SELL
2016-04-20T00:59:31.162054;2016-04-20T00:59:31.253222;5c34453a-73db-4c04-9246-72d0b95a3396;437.3;0.02;SELL
2016-04-20T00:59:31.162203;2016-04-20T00:59:31.253222;95d3974e-545b-4062-b915-f1ea48fe6543;437.29;0.01;SELL
2016-04-20T00:59:31.162348;2016-04-20T00:59:31.253222;9623dbc8-1ed1-4d21-9af3-2bff96f110ca;437.29;0.02;SELL
2016-04-20T00:59:31.162528;2016-04-20T00:59:31.253222;79432b31-13fd-49cd-99f0-d24af21397e1;437.29;0.29;SELL
2016-04-20T00:59:31.162689;2016-04-20T00:59:31.253222;958a1791-9939-439a-be65-8a05a91fdeec;437.28;0.01;SELL
2016-04-20T00:59:31.162848;2016-04-20T00:59:31.253222;1bd8b919-bdbe-4edd-b3af-59ac0ca10dd8;437.27;0.01;SELL
2016-04-20T00:59:31.163013;2016-04-20T00:59:31.268846;934fe74c-09ab-4da4-a932-436818daa1bb;437.27;0.01;SELL
2016-04-20T00:59:31.163151;2016-04-20T00:59:31.268846;fee1a030-36ac-4163-b571-5a366ff39724;437.27;0.0424;SELL
2016-04-20T00:59:45.395484;2016-04-20T00:59:45.456364;3d4ecb61-26c6-4e96-b61e-ff4454a95625;437.31;0.02;SELL
2016-04-20T00:59:45.395733;2016-04-20T00:59:45.471979;7148bd35-5e82-4c0d-b690-915c2568cfca;437.31;0.124;SELL
2016-04-20T00:59:45.395944;2016-04-20T00:59:45.471979;91b2c9ed-fca4-4d2a-9079-92eebac3a4cf;437.3;0.02;SELL
2016-04-20T00:59:45.396123;2016-04-20T00:59:45.471979;c9594b82-63c7-434c-ab01-cfa3fbf20d49;437.29;0.01;SELL
2016-04-20T00:59:45.396280;2016-04-20T00:59:45.487606;db6fcea5-eb3c-4f6e-867b-1da2fb2abbc3;437.27;0.0276;SELL
2016-04-20T00:59:45.396445;2016-04-20T00:59:45.565732;067cafc5-afe7-4644-9fea-4350737a154b;437.27;0.14;SELL
2016-04-20T00:59:45.396606;2016-04-20T00:59:45.565732;f1e4e3c7-4a26-4a4b-90b1-4a30ab976e8b;437.26;0.01;SELL
2016-04-20T00:59:45.396777;2016-04-20T00:59:45.565732;ae00374b-0180-46fc-8aea-bbb44129304c;437.26;0.113;SELL
2016-04-20T00:59:45.396996;2016-04-20T00:59:45.565732;b140822b-5a8c-44d3-8d68-2f9416afd71a;437.25;0.01;SELL
2016-04-20T00:59:45.397192;2016-04-20T00:59:45.565732;11a2147a-ef21-4004-91e1-68652bfb43f7;437.24;0.01;SELL
2016-04-20T00:59:45.397356;2016-04-20T00:59:45.565732;eaa99944-cda8-4a95-82ab-00ed96225d63;437.23;0.01;SELL
2016-04-20T00:59:45.397561;2016-04-20T00:59:45.565732;6d9cad94-4cc0-488f-a38b-c6cfc9dd2c13;437.22;0.01;SELL
2016-04-20T00:59:45.397720;2016-04-20T00:59:45.565732;6c801a99-5ba8-486c-8709-c3eaeacbfad6;437.21;0.01;SELL
2016-04-20T00:59:45.397894;2016-04-20T00:59:45.565732;01586fc5-0b7f-4494-a61c-fd56b909213c;437.21;0.095;SELL
2016-04-20T00:59:45.398076;2016-04-20T00:59:45.565732;23153258-2184-425a-9435-5728be852df7;437.2;0.0100057;SELL
2016-04-20T00:59:45.398228;2016-04-20T00:59:45.565732;401f08ab-12eb-4d66-adca-810af949a1bf;437.15;0.01;SELL
2016-04-20T00:59:45.398386;2016-04-20T00:59:45.565732;86dec540-2797-4880-90e6-5ef038a4d2f9;437.15;0.02;SELL
2016-04-20T00:59:45.398539;2016-04-20T00:59:45.565732;ac3c1bfd-4dae-4909-895b-5df49c81a95e;437.14;0.02;SELL
2016-04-20T00:59:45.398710;2016-04-20T00:59:45.565732;d99a7ac1-dff8-4dfa-a23c-2eb5a263b1d9;437.14;0.074;SELL
2016-04-20T00:59:45.398861;2016-04-20T00:59:45.565732;59f8756a-4480-4719-b008-413f9dc0bf9d;437.13;0.0063943;SELL
2016-04-20T00:59:52.955774;2016-04-20T00:59:53.003240;e8ee78af-2765-4a87-8be1-e0b1a6b83914;437.28;0.02;SELL
2016-04-20T01:00:31.081125;2016-04-20T01:00:31.143881;010d7b08-e61d-4099-a75e-911615756f1f;437.3;0.0100057;BUY
2016-04-20T01:00:31.081496;2016-04-20T01:00:31.159510;549d5ffe-46f3-4422-a461-c972492f8636;437.3;0.01;BUY
2016-04-20T01:00:31.081705;2016-04-20T01:00:31.159510;681102b8-1b69-4196-b093-ee911eb50a4b;437.31;0.01;BUY
2016-04-20T01:00:31.081857;2016-04-20T01:00:31.175129;f5300693-c211-4c50-a843-55b586dd38e4;437.32;0.02;BUY
2016-04-20T01:00:31.082029;2016-04-20T01:00:31.175129;1a779a94-744a-4029-be2d-9fd796b18cad;437.32;2.5765043;BUY
2016-04-20T01:01:01.175509;2016-04-20T01:01:01.215305;a6ffdd74-9b93-4fed-98ac-300ddc66ef73;437.32;1.55695;BUY
2016-04-20T01:01:30.941955;2016-04-20T01:01:30.980947;6035c845-a1a3-46d3-b6a8-e7ef4aa62b22;437.31;0.02;SELL
2016-04-20T01:01:30.942191;2016-04-20T01:01:30.996572;9ed083e5-ac4e-4cca-817a-6cb0887d84a5;437.31;0.085;SELL
2016-04-20T01:01:30.942375;2016-04-20T01:01:30.996572;59e5f0b9-98d0-4ba3-be57-a866071372e3;437.3;0.02;SELL
2016-04-20T01:01:30.942542;2016-04-20T01:01:30.996572;a80b17d1-062f-44da-a1eb-a14d56672c52;437.3;0.0115;SELL
2016-04-20T01:01:30.942689;2016-04-20T01:01:31.027818;93e72f8f-0264-4254-a9c4-e59b38b8987f;437.29;0.01867;SELL
2016-04-20T01:02:25.394501;2016-04-20T01:02:25.434099;e41c4c91-5d24-40b2-9a34-f8be56af3025;437.31;0.0108;SELL
2016-04-20T01:02:31.068271;2016-04-20T01:02:31.105985;908b4e4e-f79f-4f48-909c-c57c73c5c316;437.32;1.8665457;BUY
2016-04-20T01:02:31.068485;2016-04-20T01:02:31.121596;0b3afd53-bf69-4f22-927d-46e5d5dbc38a;437.32;0.01;BUY
2016-04-20T01:02:31.068675;2016-04-20T01:02:31.121596;fab91dbe-a82d-4e71-8a36-9321c98b16f5;437.32;0.29;BUY
2016-04-20T01:02:31.068821;2016-04-20T01:02:31.121596;669978da-7e55-4bb3-97d2-5b647130f1d4;437.33;0.0992343;BUY
2016-04-20T01:03:18.930144;2016-04-20T01:03:18.965377;ce8b176b-3931-4afc-a425-241eba6dd821;437.33;0.01;BUY
2016-04-20T01:03:31.240781;2016-04-20T01:03:31.277858;f975d5bc-a2fe-461b-8dfd-476e17d99d7e;437.33;0.3543157;BUY
2016-04-20T01:03:31.241024;2016-04-20T01:03:31.309128;864696e0-1223-4008-b789-4d2d759998f9;437.33;0.338;BUY
2016-04-20T01:03:31.241233;2016-04-20T01:03:31.309128;8147d67b-a83f-4edf-bccd-3d567b87c10c;437.33;0.12;BUY
2016-04-20T01:03:31.241396;2016-04-20T01:03:31.309128;35491e61-72a4-44cb-b558-d5d6347e1e76;437.34;2.0932643;BUY
2016-04-20T01:04:01.026713;2016-04-20T01:04:01.074774;ec039fac-555d-449b-b9b2-8ef4eeb7810b;437.33;0.02;SELL
2016-04-20T01:04:01.026964;2016-04-20T01:04:01.090393;587b1d51-3ae6-4fdf-b5b5-8a199f27b0dc;437.32;0.02;SELL
2016-04-20T01:04:01.027157;2016-04-20T01:04:01.090393;db6d8b46-0f34-4179-8bda-85e7cbd3f805;437.31;0.0092;SELL
2016-04-20T01:04:01.027322;2016-04-20T01:04:01.106022;df7a78d2-ae19-49e4-a475-3d55a6701021;437.31;0.29;SELL
2016-04-20T01:04:01.027480;2016-04-20T01:04:01.168526;c0a2f1f5-23a6-4bbf-9ca5-565e3914303f;437.3;0.02;SELL
2016-04-20T01:04:01.027638;2016-04-20T01:04:01.168526;fcd0ff94-eae4-4e07-a89c-f5bd77f33316;437.29;0.00133;SELL
2016-04-20T01:04:01.027789;2016-04-20T01:04:01.168526;b701cc65-22ae-4e3c-87fc-c889aebb92ad;437.28;0.01;SELL
2016-04-20T01:04:01.027940;2016-04-20T01:04:01.168526;f2f46997-b32d-4759-aac1-4b399b995e38;437.28;0.04628;SELL
2016-04-20T01:04:16.538094;2016-04-20T01:04:16.574734;3e85b284-6768-4b67-b9e7-ee92c0c8d4e1;437.32;0.02;SELL
2016-04-20T01:04:16.538323;2016-04-20T01:04:16.590401;5a207ac3-4651-4355-af8f-1c7d026ba922;437.32;0.29;SELL
2016-04-20T01:04:31.051201;2016-04-20T01:04:31.106035;2d2f09b7-9a7f-4beb-9bac-d2f03efb8114;437.32;0.44628;BUY
2016-04-20T01:04:39.646092;2016-04-20T01:04:39.684169;9ea01235-68d4-4835-8a27-911c4d6a5d00;437.31;0.02;SELL
2016-04-20T01:04:39.646337;2016-04-20T01:04:39.699789;cfa319ae-c14f-43a4-8e7d-cd8a4c226d08;437.3;0.02;SELL
2016-04-20T01:05:02.729469;2016-04-20T01:05:02.777926;65c26e4c-1be4-4b47-9e54-4402acdc447b;437.29;0.01;SELL
2016-04-20T01:05:02.729695;2016-04-20T01:05:02.793549;db25d5de-d4ff-4492-8b69-74b7696f761e;437.29;0.29;SELL
2016-04-20T01:05:02.729873;2016-04-20T01:05:02.793549;99510868-913f-48f2-81d9-b75d15444d2c;437.26;0.01000137;SELL
2016-04-20T01:05:02.730053;2016-04-20T01:05:02.793549;f5be3766-0ea6-4426-9921-d60d6d434c3c;437.26;0.29;SELL
2016-04-20T01:05:02.730210;2016-04-20T01:05:02.809173;a4892a17-009b-49d3-8c9c-1e78986b506b;437.25;0.02;SELL
2016-04-20T01:05:02.730358;2016-04-20T01:05:02.809173;56ff8aec-19c4-4158-a265-e38e5ac5a47c;437.24;0.02;SELL
2016-04-20T01:05:02.730516;2016-04-20T01:05:02.809173;5a29ae92-053e-431a-8167-9f7393476d84;437.24;0.29;SELL
2016-04-20T01:05:02.730662;2016-04-20T01:05:02.824801;cdc0b6db-2ab3-429e-b820-b32b6c7efd97;437.23;0.02;SELL
2016-04-20T01:05:02.730841;2016-04-20T01:05:02.824801;f2840c7d-1515-425c-9eee-b18163a713ff;437.23;0.07;SELL
2016-04-20T01:05:02.731020;2016-04-20T01:05:02.824801;2738cf3b-e0e6-4bfc-a6bf-62a710ae8b50;437.23;0.09;SELL
2016-04-20T01:05:02.731176;2016-04-20T01:05:02.856057;fc20cab8-677d-4ade-8140-822059fbb3e1;437.21;0.02;SELL
2016-04-20T01:05:02.731317;2016-04-20T01:05:02.856057;2d403fd2-8e54-4f59-9551-affc15c3114c;437.2;0.02;SELL
2016-04-20T01:05:02.731470;2016-04-20T01:05:02.856057;8d426ee8-8bf1-41c7-b1ac-5f4c853b2dd4;437.2;0.01000684;SELL
2016-04-20T01:05:02.731620;2016-04-20T01:05:02.856057;c43f09e2-567f-4726-b1d0-57d0b3b6ebfe;437.19;0.02;SELL
2016-04-20T01:05:02.731765;2016-04-20T01:05:02.871677;d1ccc60f-c88b-42ab-9f11-b224c6dfa173;437.19;0.02;SELL
2016-04-20T01:05:02.731911;2016-04-20T01:05:02.871677;74bf5a40-4e0c-4196-ae6e-c6b7985477d1;437.19;0.02;SELL
2016-04-20T01:05:02.732090;2016-04-20T01:05:02.871677;dae81a75-525a-450a-9770-dc51debc97af;437.19;0.16;SELL
2016-04-20T01:05:02.732242;2016-04-20T01:05:02.871677;201edcf0-7f37-4f2d-aadc-988bc0f65daa;437.18;0.02;SELL
2016-04-20T01:05:02.732388;2016-04-20T01:05:02.871677;ca9e7f5e-4526-4f8d-84e6-b74209b0545e;437.18;0.02;SELL
2016-04-20T01:05:02.732537;2016-04-20T01:05:02.871677;5259606e-20d7-4c67-8054-ecce505ec249;437.18;0.02;SELL
2016-04-20T01:05:02.732701;2016-04-20T01:05:02.871677;484810c5-8de8-4de5-afa2-4254ec9301b4;437.18;0.081;SELL
2016-04-20T01:05:02.732852;2016-04-20T01:05:02.887305;51106675-e80c-4c50-bb15-cbfd70338cfa;437.17;0.02;SELL
2016-04-20T01:05:02.733013;2016-04-20T01:05:02.902926;cb13e1b4-9ccd-496d-9878-87918ff6efdd;437.17;0.02;SELL
2016-04-20T01:05:02.733175;2016-04-20T01:05:02.902926;c8cd64ea-52b5-4f2c-90c8-80ca877ef204;437.17;0.02;SELL
2016-04-20T01:05:02.733325;2016-04-20T01:05:02.902926;730ca173-3b21-43c8-95a5-8ad411e4478f;437.16;0.02;SELL
2016-04-20T01:05:02.733475;2016-04-20T01:05:02.902926;bf71a0f0-c7b0-483d-a5d4-622c5f3f25a9;437.16;0.02;SELL
2016-04-20T01:05:02.733628;2016-04-20T01:05:02.902926;66769b92-e23c-42ed-ae80-5cd026b7a42e;437.16;0.02;SELL
2016-04-20T01:05:02.733778;2016-04-20T01:05:02.902926;bd56e632-8d94-4535-894a-77e44d464981;437.16;0.02;SELL
2016-04-20T01:05:02.733927;2016-04-20T01:05:02.918551;2920defd-2ec6-4842-b030-db1abdae2aba;437.16;0.02;SELL
2016-04-20T01:05:02.734107;2016-04-20T01:05:02.918551;f205ee87-d317-488d-affa-daf8bef8286b;437.16;0.02;SELL
2016-04-20T01:05:02.734255;2016-04-20T01:05:02.934180;b8c62a0a-0514-4071-a53a-18c866dfbc8a;437.15;0.02;SELL
2016-04-20T01:05:02.734417;2016-04-20T01:05:02.934180;b562de63-b320-426e-93d9-9633bd8cd5f5;437.15;0.02;SELL
2016-04-20T01:05:02.734567;2016-04-20T01:05:02.934180;035c0fea-6536-4003-8a51-eef2e9dee36c;437.14;0.02;SELL
2016-04-20T01:05:02.734714;2016-04-20T01:05:02.934180;c0625e8b-1619-4798-94ce-e937f6554e82;437.14;0.02;SELL
2016-04-20T01:05:02.734861;2016-04-20T01:05:02.934180;94c229ba-ed3e-4d90-9a68-64542159f97b;437.14;0.02;SELL
2016-04-20T01:05:02.735020;2016-04-20T01:05:02.934180;6e3260eb-0814-4179-a80f-d803e3665688;437.14;0.02;SELL
2016-04-20T01:05:02.735178;2016-04-20T01:05:02.934180;84890777-4eaf-425a-a2be-7af64f99ea15;437.14;0.02;SELL
2016-04-20T01:05:02.735335;2016-04-20T01:05:02.965435;f4f9dd36-f731-41cc-b057-45368c5c56b8;437.13;0.0036057;SELL
2016-04-20T01:05:02.735490;2016-04-20T01:05:02.965435;50db04f1-a414-4684-8fd9-597d50670d50;437.13;0.02;SELL
2016-04-20T01:05:02.735644;2016-04-20T01:05:02.965435;07a5cfa0-1f2a-46c8-976c-bdb4286df825;437.13;0.02;SELL
2016-04-20T01:05:02.735798;2016-04-20T01:05:02.965435;3ab3acc4-57c3-4ebf-8353-7a2c9fc0c1cd;437.13;0.02;SELL
2016-04-20T01:05:02.735947;2016-04-20T01:05:02.981057;672fba06-8f9a-4e5a-929b-9319338786dd;437.13;0.02;SELL
2016-04-20T01:05:02.736113;2016-04-20T01:05:02.981057;9fccaf98-0b9f-4b2d-b642-833ff5a59760;437.13;0.098;SELL
2016-04-20T01:05:02.736272;2016-04-20T01:05:02.981057;6fff846e-632a-401b-af06-b85a64b14834;437.12;0.02;SELL
2016-04-20T01:05:02.736432;2016-04-20T01:05:02.996674;9d51c974-3e86-4cfc-ac0f-2f11d727cd30;437.12;0.1;SELL
2016-04-20T01:05:02.736579;2016-04-20T01:05:02.996674;b17d9dad-0ca7-48dc-95be-b7f3563c973f;437.11;0.02;SELL
2016-04-20T01:05:02.736728;2016-04-20T01:05:02.996674;9424c9bb-86c8-46cd-a73d-5527d5d1d1a4;437.11;0.02;SELL
2016-04-20T01:05:02.736886;2016-04-20T01:05:02.996674;41848517-9cb2-49fe-98c3-c5f5ca4c6ce1;437.11;0.02;SELL
2016-04-20T01:05:02.737044;2016-04-20T01:05:02.996674;d2c7454c-b086-454f-b232-08b878cf456b;437.1;0.0100057;SELL
2016-04-20T01:05:02.737213;2016-04-20T01:05:03.012301;778bb143-f2ad-4b96-b34d-3fff8e7cc0a9;437.1;0.02;SELL
2016-04-20T01:05:02.737371;2016-04-20T01:05:03.012301;059d73fc-7208-4dfe-b0af-887292b1cc44;437.09;0.02;SELL
2016-04-20T01:05:02.737521;2016-04-20T01:05:03.012301;291da419-3f64-48ee-a53c-2c07a9653c2e;437.09;0.02;SELL
2016-04-20T01:05:02.737682;2016-04-20T01:05:03.027927;af91a653-5057-4907-ac12-73dcc63094b8;437.09;0.02;SELL
2016-04-20T01:05:02.737829;2016-04-20T01:05:03.027927;8806f106-c1fb-41c9-bfbb-302a379a8065;437.08;0.485334;SELL
2016-04-20T01:05:02.737999;2016-04-20T01:05:03.027927;69887477-63a7-42a4-8a37-755153f99414;437.08;0.118;SELL
2016-04-20T01:05:02.738139;2016-04-20T01:05:03.027927;f16a09ff-c123-42c3-9901-d1737cbe102f;437.06;0.01;SELL
2016-04-20T01:05:02.738308;2016-04-20T01:05:03.027927;beb7b0e4-9595-4333-9a58-ea9fb811d0c3;437.06;0.02;SELL
2016-04-20T01:05:02.738457;2016-04-20T01:05:03.027927;8223b38c-231d-4ee1-a0fd-38f316f91042;437.05;0.02;SELL
2016-04-20T01:05:02.738605;2016-04-20T01:05:03.027927;76c2f986-2f7e-42b3-8293-8950007c30c8;437.05;0.02;SELL
2016-04-20T01:05:02.738752;2016-04-20T01:05:03.043554;dc63c910-b05e-44f2-9b96-ececb960da70;437.05;0.02;SELL
2016-04-20T01:05:02.738913;2016-04-20T01:05:03.043554;e0f9f995-31ea-4d98-a982-102a11cdc65a;437.05;0.077;SELL
2016-04-20T01:05:02.739069;2016-04-20T01:05:03.059179;0aa02345-f0e5-4ad2-b165-5943a74aae65;437.04;0.02;SELL
2016-04-20T01:05:02.739219;2016-04-20T01:05:03.059179;01cb30c1-0789-4c35-ba4c-eb4c69037260;437.04;0.02;SELL
2016-04-20T01:05:02.739377;2016-04-20T01:05:03.059179;701149b6-11f3-4881-8b37-86c0b8a376e0;437.04;0.02;SELL
2016-04-20T01:05:02.739539;2016-04-20T01:05:03.059179;4ac69d16-6276-41d5-ade0-8e2466307fd1;437.04;0.02;SELL
2016-04-20T01:05:02.739691;2016-04-20T01:05:03.059179;cef147df-5b9a-4632-be82-fd7454bd7a61;437.03;0.02;SELL
2016-04-20T01:05:02.739837;2016-04-20T01:05:03.090426;3b8791e2-6f86-494e-868c-600c14579db6;437.03;0.02;SELL
2016-04-20T01:05:02.739996;2016-04-20T01:05:03.090426;e58b187e-f276-42c8-b459-2ef5af081c5f;437.03;0.02;SELL
2016-04-20T01:05:02.740147;2016-04-20T01:05:03.090426;e4784436-8c36-462a-b6a1-1e84c856d630;437.03;0.02;SELL
2016-04-20T01:05:02.740297;2016-04-20T01:05:03.090426;1fc75c18-5661-4d4d-a011-673607adec08;437.03;0.02;SELL
2016-04-20T01:05:02.740459;2016-04-20T01:05:03.090426;a3bb8347-a2ab-4f2f-803e-70f13c463d7b;437.03;0.02;SELL
2016-04-20T01:05:02.740610;2016-04-20T01:05:03.090426;b086a8fb-43bc-4df8-82f4-ece3b09965ac;437.02;0.01;SELL
2016-04-20T01:05:02.740760;2016-04-20T01:05:03.090426;2333ceae-2495-4fb5-ac2b-58e5dc43fe18;437.02;0.02;SELL
2016-04-20T01:05:02.740908;2016-04-20T01:05:03.090426;51111447-db5e-49f3-99b9-8faf76eac6d5;437.02;0.02;SELL
2016-04-20T01:05:02.741072;2016-04-20T01:05:03.090426;a9ae961a-2c0b-47dd-aa0b-d49f5963a479;437.02;0.02;SELL
2016-04-20T01:05:02.741216;2016-04-20T01:05:03.106051;6de59c6a-ab26-498d-a425-0c98e5e24294;437.02;0.02;SELL
2016-04-20T01:05:02.741378;2016-04-20T01:05:03.106051;5a26adca-5194-4a01-ab14-7931cd4d4603;437.02;0.02;SELL
2016-04-20T01:05:02.741524;2016-04-20T01:05:03.106051;02174070-abf8-4f3e-b8f6-2220cddb0263;437.01;0.02;SELL
2016-04-20T01:05:02.741674;2016-04-20T01:05:03.106051;db380f24-ff29-4eb1-b455-04929137b97b;437.01;0.02;SELL
2016-04-20T01:05:02.741820;2016-04-20T01:05:03.121675;f8c4c072-c631-4c61-ad1b-6003482c0b4a;437.01;0.02;SELL
2016-04-20T01:05:02.741991;2016-04-20T01:05:03.121675;ec03a4df-b992-4f6d-ad18-406bfcde8998;437.01;0.02;SELL
2016-04-20T01:05:02.742137;2016-04-20T01:05:03.121675;62ea8bf4-8524-4331-b554-cf176161569f;437.01;0.02;SELL
2016-04-20T01:05:02.742283;2016-04-20T01:05:03.121675;69324a1d-d6a6-4daa-bd26-5182957fbe72;437.01;0.02;SELL
2016-04-20T01:05:02.742433;2016-04-20T01:05:03.121675;e9e02611-6071-441e-b498-0dd93a3eb444;437.01;0.12;SELL
2016-04-20T01:05:02.742591;2016-04-20T01:05:03.152927;6dc42607-f66c-4796-8709-5b65e73fbd7b;437.01;0.5005;SELL
2016-04-20T01:05:02.742737;2016-04-20T01:05:03.152927;11e51ae3-fa14-40f0-8c5f-278119c4c53e;437.0;0.02;SELL
2016-04-20T01:05:02.742891;2016-04-20T01:05:03.168551;786057b0-cf91-4820-9ae9-9a6514a68c32;437.0;0.01000684;SELL
2016-04-20T01:05:02.743053;2016-04-20T01:05:03.168551;dbbcdc01-258d-4425-8d3a-816c9a2c3259;437.0;0.02;SELL
2016-04-20T01:05:02.743195;2016-04-20T01:05:03.168551;e4162a1b-25ea-4f08-9795-0eeae190ce8e;437.0;0.02;SELL
2016-04-20T01:05:02.743334;2016-04-20T01:05:03.168551;e62dd9e0-cebf-428d-8491-c5ca570adf31;437.0;0.02;SELL
2016-04-20T01:05:02.743485;2016-04-20T01:05:03.168551;f470a609-e221-4ca7-8f53-36212f5d3097;437.0;0.02;SELL
2016-04-20T01:05:02.743628;2016-04-20T01:05:03.168551;f4fe7bec-81b2-404d-8679-883583c7bbf0;437.0;0.01;SELL
2016-04-20T01:05:02.743779;2016-04-20T01:05:03.168551;6d097ee0-9733-42d7-983b-473c3e5a79b6;437.0;0.02;SELL
2016-04-20T01:05:02.743941;2016-04-20T01:05:03.184177;cd2a9625-894d-4393-8c0b-094eebc4a89a;437.0;0.02;SELL
2016-04-20T01:05:02.744096;2016-04-20T01:05:03.184177;c2cdb850-7e32-42aa-9187-bcf81584aae0;436.99;0.02;SELL
2016-04-20T01:05:02.744240;2016-04-20T01:05:03.184177;914032a2-5d4d-4ba6-8984-19599e6b1615;436.99;0.02;SELL
2016-04-20T01:05:02.744387;2016-04-20T01:05:03.184177;3070037c-a12e-4fc0-8d28-d4e82813ef99;436.99;0.02;SELL
2016-04-20T01:05:02.744537;2016-04-20T01:05:03.184177;4ae916d5-3654-43ff-be33-9e5efade63f2;436.99;0.64731955;SELL
2016-04-20T01:05:31.105914;2016-04-20T01:05:31.137321;a1d47a9d-26b6-49d0-9a17-44b9aaa87ebb;437.09;0.02;SELL
2016-04-20T01:05:31.106117;2016-04-20T01:05:31.168574;ed37e0ec-2c61-4a8b-890f-bcf866d45a04;437.09;0.123;SELL
2016-04-20T01:05:31.106300;2016-04-20T01:05:31.168574;1d844037-5b86-46e6-8ed4-d63b7e1daac1;437.08;0.02;SELL
2016-04-20T01:05:31.106468;2016-04-20T01:05:31.168574;d3ae2076-8e13-4827-aca3-54932430edba;437.07;0.02;SELL
2016-04-20T01:05:31.106638;2016-04-20T01:05:31.184190;040eaac3-d470-47b3-a30d-31ff4d3332fa;437.06;0.01;SELL
2016-04-20T01:05:31.106800;2016-04-20T01:05:31.184190;b0491b97-2a46-4904-b7f5-3efd03684651;437.05;0.01;SELL
2016-04-20T01:05:31.106941;2016-04-20T01:05:31.184190;f1f1df09-d87d-4bec-918b-5453dea7ca47;437.04;0.06306;SELL
2016-04-20T01:05:45.332048;2016-04-20T01:05:45.371706;d26063b5-d47a-4fa3-bda4-64b07d0600e0;437.04;0.01;SELL
2016-04-20T01:05:45.332304;2016-04-20T01:05:45.387326;d49b5c80-d66e-4d22-b207-135c046b0f74;437.04;0.106;SELL
2016-04-20T01:05:45.332507;2016-04-20T01:05:45.387326;93bdaab0-2a04-4fcf-8753-285e68758b92;437.03;0.02;SELL
2016-04-20T01:05:45.332673;2016-04-20T01:05:45.387326;9001b8a0-1323-4552-82de-6807bc08e7eb;437.02;0.02;SELL
2016-04-20T01:05:45.332840;2016-04-20T01:05:45.418576;9e3d01a3-9816-42bd-baaf-b85b32cc7d27;437.01;0.02;SELL
2016-04-20T01:05:45.333006;2016-04-20T01:05:45.418576;50f0449f-9685-41ae-adfa-6b4a5209aca4;436.98;0.02;SELL
2016-04-20T01:05:45.333165;2016-04-20T01:05:45.418576;5ef9b987-e8c4-4c3d-9c6b-fd1363eaa521;436.98;0.02;SELL
2016-04-20T01:05:45.333318;2016-04-20T01:05:45.418576;c40c0255-e7e8-4c37-b1f8-1fd3fc6e1e2f;436.98;0.02;SELL
2016-04-20T01:05:45.333478;2016-04-20T01:05:45.465448;53e55331-df54-4346-94f3-52102c2074b5;436.98;0.02;SELL
2016-04-20T01:05:45.333644;2016-04-20T01:05:45.465448;4957be56-eb3d-4666-b870-c2706f7ff5e3;436.98;0.115;SELL
2016-04-20T01:05:45.333801;2016-04-20T01:05:45.481072;43537b93-1299-4876-960d-ca4778885737;436.97;0.02;SELL
2016-04-20T01:05:45.333949;2016-04-20T01:05:45.481072;7d1891c9-3af9-4ec5-b3ce-bf56449b77d2;436.97;0.02;SELL
2016-04-20T01:05:45.334120;2016-04-20T01:05:45.481072;418437b3-95e0-46fe-9f1e-4b651346e131;436.97;0.02;SELL
2016-04-20T01:05:45.334274;2016-04-20T01:05:45.481072;5be9413c-69b5-46ed-a6eb-46307f1f3bcf;436.96;0.02;SELL
2016-04-20T01:05:45.334448;2016-04-20T01:05:45.481072;5b4191b0-11f2-4e65-b496-4b5e7e93e095;436.96;0.02;SELL
2016-04-20T01:05:45.334612;2016-04-20T01:05:45.481072;ba1c9898-9eb5-4784-924a-805ede12c4fe;436.94;0.01;SELL
2016-04-20T01:05:45.334769;2016-04-20T01:05:45.481072;afd2e9f0-9d99-4ddd-83f1-4497ab7fb2b2;436.93;0.089;SELL
2016-04-20T01:05:45.334927;2016-04-20T01:05:45.481072;32ec2727-8220-4ae7-a42c-df2655d8e8c6;436.9;0.01000685;SELL
2016-04-20T01:05:45.335098;2016-04-20T01:05:45.481072;0e8dd5e4-a778-4eda-aa3a-d2d79f2ec285;436.89;0.07;SELL
2016-04-20T01:05:45.335935;2016-04-20T01:05:45.481072;eb0a19e1-e9de-4ef5-baad-f1bae16b15fb;436.88;0.02;SELL
2016-04-20T01:05:45.336130;2016-04-20T01:05:45.481072;410c6a79-53a8-40be-9c7a-1b3d71639759;436.88;0.111;SELL
2016-04-20T01:05:45.336285;2016-04-20T01:05:45.481072;0fed0ec5-3ef5-4ff8-ae3a-dc0283ce27ad;436.87;0.02;SELL
2016-04-20T01:05:45.336432;2016-04-20T01:05:45.481072;2fc00167-7cbd-4e2e-af4b-4e487e8475cc;436.87;0.01;SELL
2016-04-20T01:05:45.336588;2016-04-20T01:05:45.481072;209fc2dc-21b0-4b4f-b67d-956da486eb45;436.87;0.02;SELL
2016-04-20T01:05:45.336739;2016-04-20T01:05:45.481072;c3423f66-049b-4990-89e8-a12fb35ac52f;436.86;0.02;SELL
2016-04-20T01:05:45.336899;2016-04-20T01:05:45.481072;69402023-0d8c-4aee-a3c3-12fc4c235dac;436.85;0.02;SELL
2016-04-20T01:05:45.337066;2016-04-20T01:05:45.481072;031f5319-f40d-4791-bfc5-34a37ddad8a0;436.85;3.50899315;SELL
2016-04-20T01:06:31.270311;2016-04-20T01:06:31.324857;3a6655c0-7bb3-40fb-ba43-216ac6e0b518;437.0;0.01000685;BUY
2016-04-20T01:06:31.270507;2016-04-20T01:06:31.324857;a1dbe51d-78c1-4ab0-8615-f3de538e2e4c;437.0;1.55444315;BUY
2016-04-20T01:07:01.097719;2016-04-20T01:07:01.137361;10e7e657-474b-4a6b-ae9b-9c88e6f24799;436.99;0.02;SELL
2016-04-20T01:07:01.097955;2016-04-20T01:07:01.152986;132804b7-4597-4e95-8a6c-78d117974d64;436.98;0.02;SELL
2016-04-20T01:07:01.098156;2016-04-20T01:07:01.152986;3349c978-831d-4174-a5c3-e2384ab5bbd0;436.97;0.01;SELL
2016-04-20T01:07:01.098322;2016-04-20T01:07:01.152986;28fb1c1c-bb56-4225-9a33-7f62a8017b1e;436.97;0.01;SELL
2016-04-20T01:07:01.098500;2016-04-20T01:07:01.168610;37f928d5-8512-4e35-aa40-f70fcaae28ce;436.95;0.02;SELL
2016-04-20T01:07:01.098659;2016-04-20T01:07:01.168610;bab694e2-dd00-4ee2-9602-cbb027ef79b5;436.94;0.02;SELL
2016-04-20T01:07:01.098822;2016-04-20T01:07:01.168610;8ac555e9-e378-4f94-b98e-932dd7f25178;436.93;0.02;SELL
2016-04-20T01:07:01.098998;2016-04-20T01:07:01.168610;04e26727-3548-4f45-9dbd-b05d0c49c41d;436.9;0.010008;SELL
2016-04-20T01:07:01.099154;2016-04-20T01:07:01.168610;dc65915d-c015-4e87-9fb9-94eb61b960cb;436.88;0.121;SELL
2016-04-20T01:07:01.099308;2016-04-20T01:07:01.215489;52939a56-3771-4de5-a0f2-5ab10f244275;436.88;3.0;SELL
2016-04-20T01:07:01.099463;2016-04-20T01:07:01.231111;74c313b2-3b89-4d79-b8c8-900a9f2274d0;436.83;0.02;SELL
2016-04-20T01:07:01.099614;2016-04-20T01:07:01.231111;2ad8adaa-c063-4de0-86c3-bb161eafd991;436.83;0.02;SELL
2016-04-20T01:07:01.099763;2016-04-20T01:07:01.231111;b9c4d16f-2f61-4aed-b339-6a6c294302c9;436.83;0.117;SELL
2016-04-20T01:07:01.099921;2016-04-20T01:07:01.231111;be9e546f-e035-43a0-80d0-69827de2cffc;436.83;0.02;SELL
2016-04-20T01:07:01.100083;2016-04-20T01:07:01.246735;ca3043bd-4444-402d-8ec3-e067e0087d0f;436.82;0.02;SELL
2016-04-20T01:07:01.100235;2016-04-20T01:07:01.246735;49e5a937-a9d9-4788-9a04-b06908548f6a;436.82;0.02;SELL
2016-04-20T01:07:01.100386;2016-04-20T01:07:01.246735;af86d2fa-ad2f-4b58-9aa1-fbbea50b8606;436.81;0.02;SELL
2016-04-20T01:07:01.100532;2016-04-20T01:07:01.246735;a5e3cf2d-004a-4851-94b6-2d8f8b4823d2;436.81;0.02;SELL
2016-04-20T01:07:01.100687;2016-04-20T01:07:01.246735;5fca1609-334b-4927-ae42-b90539713642;436.81;0.02;SELL
2016-04-20T01:07:01.100830;2016-04-20T01:07:01.246735;75f3b981-d9b1-444f-b9e6-987d932756f0;436.8;0.01000802;SELL
2016-04-20T01:07:01.100992;2016-04-20T01:07:01.246735;7d94c50c-ae8d-4061-bf7d-2b36180214f5;436.8;0.1;SELL
2016-04-20T01:07:01.101147;2016-04-20T01:07:01.246735;3aaa0caa-57b6-4fd8-ac49-fbaea5f1958b;436.8;0.02;SELL
2016-04-20T01:07:01.101304;2016-04-20T01:07:01.246735;d1238c35-7226-4593-86b0-a48146135012;436.8;0.01;SELL
2016-04-20T01:07:01.101456;2016-04-20T01:07:01.246735;da44ce5c-5d54-46b7-a28e-3b328d37aa56;436.79;0.02;SELL
2016-04-20T01:07:01.101606;2016-04-20T01:07:01.246735;6c1f43ad-1dcc-4cbf-93d3-f4029fc97926;436.79;0.02;SELL
2016-04-20T01:07:01.101755;2016-04-20T01:07:01.246735;710abcd2-73b1-4b05-9fee-dd8303a24306;436.79;0.02;SELL
2016-04-20T01:07:01.101905;2016-04-20T01:07:01.246735;e447a4b0-d606-45f1-878a-c21996451c26;436.79;0.02;SELL
2016-04-20T01:07:01.102063;2016-04-20T01:07:01.262360;1c7e4a0e-ed63-4f42-a4e4-7254eaf5cfba;436.79;0.07;SELL
2016-04-20T01:07:01.102213;2016-04-20T01:07:01.262360;9dc72429-4d12-45f1-ad67-af4fc826ce60;436.79;0.02;SELL
2016-04-20T01:07:01.102355;2016-04-20T01:07:01.262360;5d1be120-de4d-4d3f-bcd3-834aca496d06;436.78;0.01;SELL
2016-04-20T01:07:01.102518;2016-04-20T01:07:01.262360;2b9e6d71-5f9c-4c0a-95db-6a4908dbb92c;436.78;0.02;SELL
2016-04-20T01:07:01.102684;2016-04-20T01:07:01.262360;8dda2c11-8924-43d7-bd1c-ba1e6bcb958a;436.78;0.087;SELL
2016-04-20T01:07:01.102851;2016-04-20T01:07:01.262360;fa9ece8f-a76b-4536-b014-61f822e0f206;436.77;0.02;SELL
2016-04-20T01:07:01.103031;2016-04-20T01:07:01.262360;2e5eca74-61fa-4fe1-a967-53c962663449;436.76;0.02;SELL
2016-04-20T01:07:01.103185;2016-04-20T01:07:01.262360;61dfbbeb-32cd-4da4-9330-029859bf742a;436.73;0.089;SELL
2016-04-20T01:07:01.103336;2016-04-20T01:07:01.277986;dda1f060-ecb6-4f84-9811-d93ed7fc90d5;436.68;0.11;SELL
2016-04-20T01:07:01.103489;2016-04-20T01:07:01.277986;594f417b-8059-4b3a-ad15-81c66bb0a4cc;436.67;2.38091398;SELL
2016-04-20T01:07:29.868785;2016-04-20T01:07:29.903003;84f4d1ab-4ec9-4e5d-af50-7bf21a80e2da;436.82;0.02;SELL
2016-04-20T01:07:31.082918;2016-04-20T01:07:31.106127;3b982ad6-b515-4c8a-b784-3b30d0823da9;436.82;0.48;BUY
2016-04-20T01:07:31.083122;2016-04-20T01:07:31.137379;efcd4663-4098-4725-9067-31e603c3ebef;436.82;0.589;BUY
2016-04-20T01:07:31.083278;2016-04-20T01:07:31.137379;03718c69-a583-407f-a7d9-d61f34aa5207;436.82;1.28931;BUY
2016-04-20T01:08:01.229411;2016-04-20T01:08:01.262398;cc910551-b14c-4154-b38f-661d83e0f3e2;436.81;0.02;SELL
2016-04-20T01:08:01.229647;2016-04-20T01:08:01.278023;d3f83ae7-20c6-4cb8-aedb-e8a50d46ddb3;436.81;0.01;SELL
2016-04-20T01:08:01.229831;2016-04-20T01:08:01.278023;e226b2ac-1072-4d32-9919-8ccbd248a8f0;436.8;0.01043;SELL
2016-04-20T01:08:31.143460;2016-04-20T01:08:31.168667;96601e99-1129-4f0c-84a4-7d12bd7b3f95;436.81;0.07932;BUY
2016-04-20T01:09:01.099418;2016-04-20T01:09:01.137424;81db9994-6bab-40ae-813e-99ef3643119b;436.8;0.00957;SELL
2016-04-20T01:09:01.099633;2016-04-20T01:09:01.137424;0fbe8f99-e34f-49a8-98f4-77149804c7fa;436.79;0.01;SELL
2016-04-20T01:09:01.099816;2016-04-20T01:09:01.153051;811b6249-cfa3-488a-8b19-348544a3db3f;436.66;0.01;SELL
2016-04-20T01:09:01.100003;2016-04-20T01:09:01.153051;0dc2c521-d3d0-48b7-b155-c80f61fc7776;436.62;0.02;SELL
2016-04-20T01:09:01.100171;2016-04-20T01:09:01.153051;4b48a4e2-bd50-4062-b179-3a6d4fddbe80;436.61;0.02;SELL
2016-04-20T01:09:01.100327;2016-04-20T01:09:01.168673;f66cd7f5-d877-4aea-b0b8-6dcafd5dfb0b;436.6;0.01000575;SELL
2016-04-20T01:09:01.100475;2016-04-20T01:09:01.168673;b4775925-7f2a-4801-bdcf-5b4abf96e283;436.6;0.01;SELL
2016-04-20T01:09:01.100618;2016-04-20T01:09:01.168673;8c0277f5-cf90-4434-81e8-ff12af7afa97;436.6;0.02;SELL
2016-04-20T01:09:01.100760;2016-04-20T01:09:01.168673;32723f15-1278-426d-a315-2241373dd716;436.6;0.02;SELL
2016-04-20T01:09:01.100916;2016-04-20T01:09:01.168673;d3e20903-fe0f-4c92-b2c6-795aff2b5fcf;436.6;0.02;SELL
2016-04-20T01:09:01.101093;2016-04-20T01:09:01.168673;2ffbbe0b-b25a-43a0-99a4-f0d9342f2427;436.59;0.02;SELL
2016-04-20T01:09:01.101247;2016-04-20T01:09:01.199924;144dba5c-e0f6-4996-89a0-b30243a405c6;436.59;0.1;SELL
2016-04-20T01:09:01.101413;2016-04-20T01:09:01.199924;8df3f8a0-f1fc-440e-ac0b-e19ec61d7308;436.59;0.02;SELL
2016-04-20T01:09:01.101578;2016-04-20T01:09:01.199924;6f1d7435-a871-49ac-a79b-43340c13b507;436.58;0.02;SELL
2016-04-20T01:09:01.101724;2016-04-20T01:09:01.215547;153142c2-33c2-43f1-8331-a2e2e5c7b317;436.57;0.02;SELL
2016-04-20T01:09:01.101875;2016-04-20T01:09:01.215547;6445e6f3-8920-499d-9e0e-3375d3e4d76d;436.57;0.02;SELL
2016-04-20T01:09:01.102037;2016-04-20T01:09:01.215547;2b6c7d0a-d277-481c-b495-f5f3f7031b3d;436.57;0.02;SELL
2016-04-20T01:09:01.102203;2016-04-20T01:09:01.215547;7b696c32-5da3-4f1d-884e-fa56796e9bbc;436.57;0.02;SELL
2016-04-20T01:09:01.102369;2016-04-20T01:09:01.215547;23e6aeb5-a4db-4c4b-a6bd-200574621466;436.56;0.02;SELL
