time_exchange;time_coinpai;guid;price;base_amount;taker_side
2016-04-20T00:00:00.000000;2016-04-20T00:00:00.754208;117fc35d-d671-4a9b-8c44-614edc68d6b8;8.7401;18.31633134;SELL
2016-04-20T00:00:02.000000;2016-04-20T00:00:02.105333;ec64f516-8653-4cd5-bdc2-1d94bef98d8b;8.7401;18.31541101;SELL
2016-04-20T00:00:04.000000;2016-04-20T00:00:04.462575;59d7165b-dd31-43c5-834e-6be7b63ae380;8.7401;18.31541101;SELL
2016-04-20T00:00:06.000000;2016-04-20T00:00:06.097803;b2fac3f1-8914-499a-b107-3ef68bea7602;8.7401;18.31173063;SELL
2016-04-20T00:00:06.000000;2016-04-20T00:00:06.885826;4b92b529-08fa-4771-a324-bc6d99794661;8.7401;18.31173063;SELL
2016-04-20T00:00:10.000000;2016-04-20T00:00:10.784200;df2a5475-bd72-47be-b82d-df2732833b63;8.7401;18.31265059;SELL
2016-04-20T00:00:38.000000;2016-04-20T00:00:38.046950;bc77bb21-eeff-4324-a1a2-890a64c0551d;8.7401;18.30621283;SELL
2016-04-20T00:00:54.000000;2016-04-20T00:00:54.176542;f1436e04-b385-4fec-a264-a2eb06c5c66f;8.769;85.191;BUY
2016-04-20T00:00:54.000000;2016-04-20T00:00:54.178573;4352f406-9c45-416d-a5d9-96ddcbda1736;8.77;14.31722298;BUY
2016-04-20T00:00:56.000000;2016-04-20T00:00:56.737789;1b7760b7-8613-4463-9b70-a395e41802c0;8.77;8.63008242;SELL
2016-04-20T00:03:02.000000;2016-04-20T00:03:02.615375;2ceb554e-8f6d-48a6-a721-d6c020e86491;8.77;18.4316445;SELL
2016-04-20T00:03:03.000000;2016-04-20T00:03:03.606494;d608b569-40f3-49f6-ae4b-2e3687e86e66;8.77;18.45009459;SELL
2016-04-20T00:03:05.000000;2016-04-20T00:03:05.548888;352a6042-a2ce-42c8-b1eb-c765209411fb;8.77;27.31389089;SELL
2016-04-20T00:03:05.000000;2016-04-20T00:03:05.569689;a97d1824-c10b-40f7-954f-aba08a8eef9c;8.77;6.23781838;SELL
2016-04-20T00:03:07.000000;2016-04-20T00:03:07.481867;7c2335cd-24a7-4593-b2f7-f22dd2c455ee;8.77;14.62824624;SELL
2016-04-20T00:03:08.000000;2016-04-20T00:03:08.071942;9869dd05-0464-46ff-9504-a927a4ea6aa8;8.74;3.80339826;SELL
2016-04-20T00:03:10.000000;2016-04-20T00:03:10.785208;44f3da27-938d-4e62-ad4f-7912ba2642b4;8.74;6.23781838;SELL
2016-04-20T00:03:10.000000;2016-04-20T00:03:11.012250;586eba8a-c187-424d-b3ae-f265218c644c;8.74;6.23781838;SELL
2016-04-20T00:03:19.000000;2016-04-20T00:03:19.822113;d106e141-64d6-446b-9679-090794e9723a;8.74;27.31389089;SELL
2016-04-20T00:03:21.000000;2016-04-20T00:03:21.330288;be0b7c8a-07da-4c82-9893-ea84365f638e;8.74;1.49855594;SELL
2016-04-20T00:03:21.000000;2016-04-20T00:03:21.377263;3c60f394-0511-424a-8030-05dc2f3f7705;8.74;1.50005602;SELL
2016-04-20T00:03:21.000000;2016-04-20T00:03:21.769289;945cc5ab-05b7-448c-a60a-a8495a72800e;8.74;1.49855594;SELL
2016-04-20T00:03:24.000000;2016-04-20T00:03:24.039519;11894808-4774-4540-9758-52be02555f01;8.74;1.49855594;SELL
2016-04-20T00:07:08.000000;2016-04-20T00:07:08.787983;d5415317-bd6b-4b11-9dd7-6c218800ed5d;8.74;0.1614334;SELL
2016-04-20T00:08:37.000000;2016-04-20T00:08:37.824922;2aa8da45-f295-4743-8a3a-d731f1ae1528;8.7556;10.0;SELL
2016-04-20T00:08:41.000000;2016-04-20T00:08:42.146319;5ffccaa4-8b44-483f-8154-651e9bf4cf02;8.74;0.24991685;SELL
2016-04-20T00:08:41.000000;2016-04-20T00:08:42.155427;8a193bee-2d38-4747-9233-d91df0f4a3d1;8.74;6.71615609;SELL
2016-04-20T00:10:30.000000;2016-04-20T00:10:30.554193;6cc857a1-fb9d-493e-850b-7cc16fa49366;8.74;43.28384391;SELL
2016-04-20T00:10:30.000000;2016-04-20T00:10:30.565200;8dc1adef-9ade-40c9-a168-0cebd134b341;8.74;34.70615609;SELL
2016-04-20T00:10:31.000000;2016-04-20T00:10:31.492256;d5c4ef93-8ddf-4631-ae66-bbc17934f980;8.74;15.29384391;SELL
2016-04-20T00:13:16.000000;2016-04-20T00:13:16.202718;0a3b37c6-c03a-4b8e-885d-5beecc009273;8.73;1.883;SELL
2016-04-20T00:13:46.000000;2016-04-20T00:13:46.806786;7a62699c-5352-4bae-b935-f693e2bf4567;8.73;1.93919467;SELL
2016-04-20T00:14:20.000000;2016-04-20T00:14:20.472766;66d7d96c-17dc-4657-8a88-58bc9ad874e2;8.73;6.34;SELL
2016-04-20T00:15:45.000000;2016-04-20T00:15:45.536285;0be762b4-865d-4317-bf36-f2e379ba6998;8.73;0.50227776;SELL
2016-04-20T00:15:57.000000;2016-04-20T00:15:57.872518;842cd751-fd83-416e-b6c0-ef1e3822a560;8.73;5.90721946;SELL
2016-04-20T00:17:35.000000;2016-04-20T00:17:35.333290;5252f0a1-9b86-4c27-9e14-e4e27c91b90a;8.73;1.50005602;SELL
2016-04-20T00:17:36.000000;2016-04-20T00:17:36.075339;59811ac8-0a88-431d-b7d8-434f1766b681;8.73;2.27649678;SELL
2016-04-20T00:17:36.000000;2016-04-20T00:17:36.326367;443e3e63-00af-4dfe-a2e3-0d8d54adde71;8.73;0.72061512;SELL
2016-04-20T00:19:14.000000;2016-04-20T00:19:14.206139;3408c47c-1241-489d-b999-e1450cc0a811;8.73;18.35322038;SELL
2016-04-20T00:19:15.000000;2016-04-20T00:19:15.074237;2242ae94-9411-446c-b310-c61e76c6363f;8.73;12.46091981;SELL
2016-04-20T00:19:15.000000;2016-04-20T00:19:15.695320;c5888d99-2809-4e7c-b99a-6543dc1ced65;8.71;5.89230057;SELL
2016-04-20T00:19:17.000000;2016-04-20T00:19:17.554502;e057ef2a-37b9-48f2-8f7f-86e3f446667b;8.71;5.89230057;SELL
2016-04-20T00:19:18.000000;2016-04-20T00:19:18.099626;4fb612c6-ea06-4d73-8cae-ce25acf719be;8.71;5.89230057;SELL
2016-04-20T00:42:45.000000;2016-04-20T00:42:45.728176;86db6a70-5d99-4a35-ba58-be9e435f4f3d;8.72;4.0;SELL
2016-04-20T00:55:11.000000;2016-04-20T00:55:11.217522;d3c88dab-ab84-4a53-ab5e-004e06cddacf;8.726;85.8134;BUY
2016-04-20T00:55:12.000000;2016-04-20T00:55:12.898632;39382930-ca27-462a-9fb1-b4e2fd7f6ddb;8.727;119.973;SELL
2016-04-20T00:55:51.000000;2016-04-20T00:55:51.180461;526792b6-fb9c-4d1a-a054-80b45befe77e;8.739;85.8311;BUY
2016-04-20T00:55:55.000000;2016-04-20T00:55:55.459906;f29654a0-37ca-45f2-ba09-2aba43bf589d;8.739;135.89;SELL
2016-04-20T00:55:55.000000;2016-04-20T00:55:55.883952;b69eb99a-afac-4a1b-af82-2a7b627bce56;8.739;156.74;SELL
2016-04-20T00:55:56.000000;2016-04-20T00:55:57.092066;1be3c1f0-e02d-4ff4-8fd5-e5db0caa7c5f;8.74;62.69615609;BUY
2016-04-20T00:56:04.000000;2016-04-20T00:56:04.760834;f70e75df-fc68-45eb-b596-8e5d8ef74b6d;8.7498;27.4566799;BUY
2016-04-20T00:56:05.000000;2016-04-20T00:56:06.002943;5f0e1ef9-f5cc-494d-80df-3be89094ff14;8.7498;27.45668001;SELL
2016-04-20T00:56:06.000000;2016-04-20T00:56:06.432988;3a79412c-0f28-4318-b48b-e3152972498f;8.7498;27.45529965;SELL
2016-04-20T00:56:07.000000;2016-04-20T00:56:07.258092;fd4913a9-db1f-4e8a-bf81-358aec8ffb24;8.7498;27.4566799;SELL
2016-04-20T00:56:08.000000;2016-04-20T00:56:08.973257;35c393d5-51ce-4c13-8762-93dbea331297;8.7498;27.48416406;SELL
2016-04-20T00:56:09.000000;2016-04-20T00:56:09.160322;7d0a5667-2016-4c76-93d5-76acddcdfc20;8.7498;7.19626953;SELL
2016-04-20T00:56:10.000000;2016-04-20T00:56:10.624954;b5cfd331-f2ed-4bf5-b82c-7eebf51bf2c9;8.7498;136.77;SELL
2016-04-20T00:56:11.000000;2016-04-20T00:56:11.279489;18d0af24-5998-4b6c-b372-24ad93b9c19c;8.7498;7.19626953;SELL
2016-04-20T00:56:12.000000;2016-04-20T00:56:12.392618;10269fe7-eb08-47ac-b2bf-aea474b62a3c;8.7498;18.47419633;SELL
2016-04-20T00:56:12.000000;2016-04-20T00:56:12.995658;a0811c98-2436-40bf-a29d-f07d17dd27b3;8.7499;27.45667974;BUY
2016-04-20T00:56:12.000000;2016-04-20T00:56:13.005658;830fa1cd-42e5-4d6f-b8a3-7b8d0eb23ab6;8.75;3.023643;BUY
2016-04-20T00:56:12.000000;2016-04-20T00:56:13.020683;ccea48ed-3562-4e6c-a5f7-22e5a239d2d2;8.75;692.29;BUY
2016-04-20T00:56:12.000000;2016-04-20T00:56:13.025691;e692d79b-97ea-413b-a3e6-e4ab1239317a;8.75;524.58235026;BUY
2016-04-20T00:56:13.000000;2016-04-20T00:56:13.299682;dae74e66-1a56-47f3-8342-d9d83bf777e0;8.7498;27.4566799;SELL
2016-04-20T00:56:13.000000;2016-04-20T00:56:13.429238;3a515f2c-f994-48df-bb82-75c6b9f06021;8.7498;18.47419633;SELL
2016-04-20T00:56:25.000000;2016-04-20T00:56:25.952981;97093549-60e1-44d5-bb8c-123c51332fc8;8.749;0.52315185;BUY
2016-04-20T00:56:37.000000;2016-04-20T00:56:37.870144;28bca8f1-e8d7-4109-8bc0-8887c33d3f3e;8.746;85.9784;BUY
2016-04-20T00:56:37.000000;2016-04-20T00:56:37.875129;40b3ec19-f9a8-44d1-81fc-ab367519485e;8.7498;11.27792664;BUY
2016-04-20T00:56:37.000000;2016-04-20T00:56:37.892161;1ef8e197-6339-4a33-96ef-26c06702b7a0;8.7498;12.35461883;BUY
2016-04-20T00:56:37.000000;2016-04-20T00:56:37.893155;3b6dbb0e-be14-4bab-b916-a91b69b55811;8.7499;99.093;BUY
2016-04-20T00:56:37.000000;2016-04-20T00:56:37.895180;5e3181d1-2f0f-4dc0-91ee-fa10c6b0146f;8.75;267.06764974;BUY
2016-04-20T00:56:38.000000;2016-04-20T00:56:38.344186;bab03b95-a89b-4e24-a294-75d42342843c;8.75;11.27792664;SELL
2016-04-20T00:56:38.000000;2016-04-20T00:56:38.356205;ab42ac65-a1ae-4364-844f-4154bd55e960;8.75;12.35461883;SELL
2016-04-20T00:56:38.000000;2016-04-20T00:56:38.571212;11f3c1c6-6e9a-45bb-8e92-057b6fd3a7bc;8.75;11.27792664;SELL
2016-04-20T00:56:38.000000;2016-04-20T00:56:38.614209;b31207dd-966b-4b3b-8838-0bcb2e2907da;8.75;12.35461883;SELL
2016-04-20T00:56:47.000000;2016-04-20T00:56:47.505150;b9722ee9-e716-46ab-a97e-8070f3313bda;8.838;220.32216;BUY
2016-04-20T00:56:47.000000;2016-04-20T00:56:47.507139;f3c6cee1-0019-46c9-9d92-81f9ff70ae7e;8.84;0.3;BUY
2016-04-20T00:56:47.000000;2016-04-20T00:56:47.526101;4da64efe-8aa0-441c-b2b5-51ee169fdf29;8.84;7.257802;BUY
2016-04-20T00:56:47.000000;2016-04-20T00:56:47.924176;52b76daa-9055-4f72-95dc-fdda4496f82e;8.84;32.1;SELL
2016-04-20T00:56:48.000000;2016-04-20T00:56:48.176183;4e2402d9-4e29-411f-b56f-a008f056bf37;8.84;39.40588458;SELL
2016-04-20T00:56:48.000000;2016-04-20T00:56:48.408210;932b8824-cc63-420a-9fb3-a637037f00f1;8.84;77.16;SELL
2016-04-20T00:56:49.000000;2016-04-20T00:56:49.252550;f10421f7-4f48-4c92-82d3-3eef2e71f5c4;8.84;0.54237576;SELL
2016-04-20T00:56:49.000000;2016-04-20T00:56:49.257830;66dd03f3-e947-4f3f-b170-e1141fe8f7f1;8.84;27.42853948;SELL
2016-04-20T00:56:49.000000;2016-04-20T00:56:49.274274;9e1f86d4-080d-4290-9da4-d96717df88af;8.84;4.2071184;SELL
2016-04-20T00:56:49.000000;2016-04-20T00:56:49.987344;dcbc1f32-3a97-4e13-8342-069c88bab7e9;8.84;186.73878945;SELL
2016-04-20T00:56:49.000000;2016-04-20T00:56:50.091371;d2165877-4e8c-4b08-82df-6353fcb718ee;8.84;13.8;SELL
2016-04-20T00:56:50.000000;2016-04-20T00:56:50.435384;89e37c51-d9c3-4985-8169-2b617dc6d90f;8.84;186.73878945;SELL
2016-04-20T00:56:51.000000;2016-04-20T00:56:51.210473;2c371239-54d6-493a-be4c-8052db9a6388;8.84;4.42561403;SELL
2016-04-20T00:56:51.000000;2016-04-20T00:56:51.240487;ce623c69-2085-41aa-b64f-a1107072edfe;8.84;27.28932799;SELL
2016-04-20T00:56:51.000000;2016-04-20T00:56:51.253482;3bf47c27-0a30-4f76-8d7f-990525a2d401;8.84;25.10254773;SELL
2016-04-20T00:56:51.000000;2016-04-20T00:56:51.877535;546709db-9d8f-4178-878e-600714ecc3b0;8.84;27.22539957;SELL
2016-04-20T00:56:51.000000;2016-04-20T00:56:51.888593;97503105-ecda-429e-b3ce-9c5b129bee37;8.84;11.85278456;SELL
2016-04-20T00:57:17.000000;2016-04-20T00:57:17.591118;a0b60bc4-3fc3-483c-a106-b9ca02b598db;8.8142;45.8;SELL
2016-04-20T00:57:18.000000;2016-04-20T00:57:18.146167;b1505cc6-9c81-4dbc-ba19-d46b7c63f58b;8.8142;8.36723222;SELL
2016-04-20T00:57:18.000000;2016-04-20T00:57:18.163195;faca48d5-e3da-4913-86a5-d6902c9c2b09;8.8142;27.50882542;SELL
2016-04-20T00:57:18.000000;2016-04-20T00:57:18.179179;914864e7-9abe-4c21-8db9-d7a114c3b762;8.8142;27.50882542;SELL
2016-04-20T00:57:18.000000;2016-04-20T00:57:18.200179;5c9a9f95-8b90-4773-89b2-c15a5ddfc825;8.8142;1.25858807;SELL
2016-04-20T00:57:18.000000;2016-04-20T00:57:18.223162;6fa92ca8-b23d-4997-96bd-f935eb68071f;8.8142;18.33921661;SELL
2016-04-20T00:57:18.000000;2016-04-20T00:57:18.227179;3261b404-ae05-4034-92f5-7519f961de9c;8.8142;22.35591739;SELL
2016-04-20T00:57:18.000000;2016-04-20T00:57:18.567201;d5571040-a232-44fc-84b7-90cbaa65c686;8.8142;3.03214384;SELL
2016-04-20T00:57:19.000000;2016-04-20T00:57:19.229321;8c10bb01-deb0-41ae-afd5-27dc463cc5e4;8.8142;1.25858807;SELL
2016-04-20T00:57:19.000000;2016-04-20T00:57:19.303296;32be0dce-45f3-42dc-b345-cddf0dd063b5;8.8142;22.35591739;SELL
2016-04-20T00:57:19.000000;2016-04-20T00:57:19.446303;de76e19b-8c63-4a5c-a8f2-2918e851e5c1;8.8142;27.50882542;SELL
2016-04-20T00:57:19.000000;2016-04-20T00:57:19.479337;58b48c6c-f8eb-45f2-a886-91c12afb2897;8.8142;3.03214384;SELL
2016-04-20T00:57:19.000000;2016-04-20T00:57:19.689313;bdd14799-72bb-4278-b36b-cf186dee1f26;8.8142;12.67182617;SELL
2016-04-20T00:57:19.000000;2016-04-20T00:57:19.980353;33383034-b400-43a4-b2e9-b6a21e84ac88;8.8142;3.03214384;SELL
2016-04-20T00:57:20.000000;2016-04-20T00:57:20.257384;28b30804-30d5-453d-b7bc-22e682545f7b;8.8142;18.33921661;SELL
2016-04-20T00:57:20.000000;2016-04-20T00:57:20.365381;15c43441-b5e9-408e-b88d-85b7416d5404;8.8142;474.53;SELL
2016-04-20T00:57:20.000000;2016-04-20T00:57:20.452424;c06ee8ab-28a0-4880-888f-473c9cc03d5c;8.8142;27.50882542;SELL
2016-04-20T00:57:20.000000;2016-04-20T00:57:20.476388;8ad26bfc-1113-4f36-8f80-079de513fe79;8.8142;3.03214384;SELL
2016-04-20T00:57:20.000000;2016-04-20T00:57:20.951457;034ae544-11de-43f3-abcc-2311f625d79c;8.8142;1.86822784;SELL
2016-04-20T00:57:21.000000;2016-04-20T00:57:21.587510;027c1c5b-fcb3-4ca3-add7-d840562cec45;8.8142;1.86822784;SELL
2016-04-20T00:57:21.000000;2016-04-20T00:57:21.671543;8abb1715-1d77-40ab-b36a-b27aaa7e5b05;8.8142;0.20196394;SELL
2016-04-20T00:57:21.000000;2016-04-20T00:57:21.899540;a285d0fa-6c77-4a3c-8f34-b844b91962e0;8.8142;13.71573186;SELL
2016-04-20T00:57:22.000000;2016-04-20T00:57:22.209692;cdb9efe1-489f-44c1-af6f-ac8e24e5b13f;8.8142;0.20196394;SELL
2016-04-20T00:57:24.000000;2016-04-20T00:57:24.158768;6569aaeb-398a-4661-811a-9f7a282e3242;8.8142;13.71573186;SELL
2016-04-20T00:57:24.000000;2016-04-20T00:57:24.955839;2049360e-4c89-4729-b6bf-229abcbe45b3;8.8142;0.20196394;SELL
2016-04-20T00:57:25.000000;2016-04-20T00:57:25.424907;7fb15ea0-778f-412b-b40c-5149fb62e76c;8.8142;22.37829569;SELL
2016-04-20T00:57:25.000000;2016-04-20T00:57:25.506898;a8249bf0-b330-4243-b20c-644aa10525b2;8.8142;0.20216611;SELL
2016-04-20T00:57:26.000000;2016-04-20T00:57:26.218965;e9ca6536-ed33-4d3b-a3a8-8aa89fbc73e8;8.8142;0.2021661;SELL
2016-04-20T00:57:26.000000;2016-04-20T00:57:26.470987;f23f62ef-1b7b-4394-a504-4574dfeea42b;8.8142;13.7138995;SELL
2016-04-20T00:57:30.000000;2016-04-20T00:57:30.179379;d604372f-84b7-4329-a6d1-4a74db84d37b;8.8142;282.173;SELL
2016-04-20T00:57:30.000000;2016-04-20T00:57:30.802437;fcfa14df-615f-46cf-a9fa-bac312423514;8.8142;13.7138995;SELL
2016-04-20T00:57:35.000000;2016-04-20T00:57:35.233911;80d1527b-8179-41e3-8c7a-649a6e16259d;8.8141;13.13893078;BUY
2016-04-20T00:57:35.000000;2016-04-20T00:57:35.249870;2f05559a-98c6-4654-a647-d98d582ae3cf;8.8141;5.62869775;BUY
2016-04-20T00:57:35.000000;2016-04-20T00:57:35.261880;05fcea15-eb3f-453b-bdec-350eeb447659;8.8142;13.7138995;BUY
2016-04-20T00:57:35.000000;2016-04-20T00:57:35.268887;1683b2e7-721b-482b-a856-2b64cd83ce14;8.8149;21.70843202;BUY
2016-04-20T00:57:35.000000;2016-04-20T00:57:35.457394;4c08f941-fa2b-4e72-abf7-53210ff52caf;8.8149;27.3289233;SELL
2016-04-20T00:57:36.000000;2016-04-20T00:57:36.377136;86c33c10-4e98-43bf-a219-cb4441b07d04;8.8149;11.0565;SELL
2016-04-20T00:57:36.000000;2016-04-20T00:57:36.479006;24bee6b2-cd39-4b6a-8346-eba643a1a67b;8.8149;6.26839876;SELL
2016-04-20T00:57:36.000000;2016-04-20T00:57:37.020035;48164703-c98d-4123-b6cc-a5e0abe92c9e;8.8149;3.081691;SELL
2016-04-20T00:57:37.000000;2016-04-20T00:57:37.134058;2e170d28-5783-493c-9569-5b57e9cf4c03;8.8149;27.50664078;SELL
2016-04-20T00:57:37.000000;2016-04-20T00:57:37.164062;a8aa1fe0-7b66-4600-9a5f-9e3643b07ec6;8.8149;27.33712974;SELL
2016-04-20T00:57:37.000000;2016-04-20T00:57:37.186065;29af76be-7b1f-47bc-b120-e7d4bc30c0bc;8.8149;5.62825063;SELL
2016-04-20T00:57:37.000000;2016-04-20T00:57:37.245092;20f0020c-d3e0-4e10-bfa6-49a7e78477c2;8.8149;21.5074517;SELL
2016-04-20T00:57:37.000000;2016-04-20T00:57:37.805129;305fe5a5-cba1-4eb2-bbce-eb79a54b8cce;8.8149;5.68973976;SELL
2016-04-20T00:57:38.000000;2016-04-20T00:57:38.146176;ae51b31b-a46e-438c-b0d4-cefb8077be0c;8.8149;5.68973976;SELL
2016-04-20T00:57:38.000000;2016-04-20T00:57:38.163200;0cbfd705-b556-4812-b15b-7248fbb32088;8.8149;27.3289233;SELL
2016-04-20T00:57:38.000000;2016-04-20T00:57:38.552234;bc0cf612-2775-4ca2-936b-18ea9982b7f5;8.8149;5.68973931;SELL
2016-04-20T00:57:38.000000;2016-04-20T00:57:38.607238;0f1a2b67-00f7-43be-a268-25da6771c061;8.8149;5.68973976;SELL
2016-04-20T00:57:39.000000;2016-04-20T00:57:39.198279;c386dd48-c797-476b-b330-4630802b68af;8.8149;27.31525678;SELL
2016-04-20T00:57:39.000000;2016-04-20T00:57:39.807323;2a55e4e3-b853-40fa-9997-bfbbecadedf2;8.8149;27.31525678;SELL
2016-04-20T00:57:39.000000;2016-04-20T00:57:39.926347;54d727c1-c900-4bab-b007-1bf5ca5d0c87;8.8149;27.31525678;SELL
2016-04-20T00:57:39.000000;2016-04-20T00:57:39.944383;826198bb-3676-4585-900a-617d171c0b3e;8.8149;5.68973931;SELL
2016-04-20T00:57:40.000000;2016-04-20T00:57:40.061369;366bbe95-e371-4a43-9fc9-76904fb817f7;8.8149;5.69025804;SELL
2016-04-20T00:57:40.000000;2016-04-20T00:57:40.829477;e3910458-dd62-42d5-a916-eae2ba1c42e8;8.8149;27.31525678;SELL
2016-04-20T00:57:42.000000;2016-04-20T00:57:42.133630;1e5a87ee-5027-4ca4-be38-32845134b12b;8.8149;24.76032794;SELL
2016-04-20T00:57:43.000000;2016-04-20T00:57:43.215672;ed70c4b8-49f8-4ab1-9e92-36171ab57e33;8.8149;27.34259938;SELL
2016-04-20T00:57:43.000000;2016-04-20T00:57:43.910759;db1a4a4b-914d-4074-a0a9-59e6f4a6a271;8.8149;27.3289233;SELL
2016-04-20T00:57:44.000000;2016-04-20T00:57:44.651827;794ab221-b9e5-4ff6-aef9-b815b6d9112a;8.8149;27.3289233;SELL
2016-04-20T00:57:45.000000;2016-04-20T00:57:45.041848;596e59bc-35b1-4b51-8c1d-dc845430752a;8.8149;18.33776019;SELL
2016-04-20T00:57:45.000000;2016-04-20T00:57:45.251990;42a783d9-eaa4-4528-a7fb-f4b80659695d;8.8149;27.31525692;SELL
2016-04-20T00:57:45.000000;2016-04-20T00:57:45.555940;e0bbbf5b-d1d1-40d7-8a35-9aaadd16eb34;8.8149;13.86848228;SELL
2016-04-20T00:57:46.000000;2016-04-20T00:57:46.212972;134c365d-c70f-4284-a11a-c8680ccdff21;8.8149;27.31525678;SELL
2016-04-20T00:57:46.000000;2016-04-20T00:57:46.355993;0a71bead-53ea-48f7-aa61-db0bd25c3755;8.8149;2.09939277;SELL
2016-04-20T00:57:46.000000;2016-04-20T00:57:46.592020;49587ed0-87cc-42fc-b303-77af7b89c20c;8.8149;2.09939277;SELL
2016-04-20T00:57:46.000000;2016-04-20T00:57:46.836040;f52bc3e2-466c-4813-a069-29ebb5507557;8.8149;27.31525678;SELL
2016-04-20T00:57:47.000000;2016-04-20T00:57:47.486106;e3e94948-3f21-4d2e-8dba-c81589c7811d;8.8149;20.15621063;SELL
2016-04-20T00:57:47.000000;2016-04-20T00:57:47.820143;8889797e-fbc5-4fbe-a6c6-5728f00fad48;8.8149;27.31525678;SELL
2016-04-20T00:57:47.000000;2016-04-20T00:57:47.874157;f6bbec95-b1bf-4cc6-a23f-90330fd23ba6;8.8149;12.81100953;SELL
2016-04-20T00:57:48.000000;2016-04-20T00:57:48.196176;61a6e80e-3d36-4ba0-b9cb-326ba19fb7b8;8.8149;27.31525678;SELL
2016-04-20T00:57:48.000000;2016-04-20T00:57:48.372191;3813245a-0d29-4018-9568-c091783dcf02;8.8149;27.31525678;SELL
2016-04-20T00:57:48.000000;2016-04-20T00:57:48.532195;66f18187-69bd-4723-ba21-727c930b9b6b;8.8149;61.5671044;SELL
2016-04-20T00:57:48.000000;2016-04-20T00:57:49.264329;f5ae6bba-4e05-40ae-8169-c3c7ed9b7828;8.8149;18.33776019;SELL
2016-04-20T00:57:48.000000;2016-04-20T00:57:49.325286;2ddc7ca3-2124-47fb-9e99-ee137cf4f763;8.8149;24.67977509;SELL
2016-04-20T00:57:49.000000;2016-04-20T00:57:49.458291;d4eeaa8a-9aa3-4307-af18-5dd82de09bb6;8.8149;27.34259938;SELL
2016-04-20T00:57:49.000000;2016-04-20T00:57:49.497778;34fc571a-b579-496e-8a22-039c11d4816a;8.8149;61.5671044;SELL
2016-04-20T00:57:49.000000;2016-04-20T00:57:49.967347;b4e60255-923c-4ffb-8b1a-050bc8e320ce;8.8149;61.5671044;SELL
2016-04-20T00:57:50.000000;2016-04-20T00:57:50.374419;9de257c1-3ec0-4c4d-867c-de08f8d456ca;8.8149;15.5539551;SELL
2016-04-20T00:57:50.000000;2016-04-20T00:57:50.409379;75bb55d6-2e55-4a1a-afaa-c03eaee23878;8.8149;27.50664078;SELL
2016-04-20T00:57:50.000000;2016-04-20T00:57:50.522394;54ee5bbf-421a-443a-a5ef-259968153fbd;8.8149;61.5671044;SELL
2016-04-20T00:57:50.000000;2016-04-20T00:57:50.667431;102c8fcf-4856-4017-a5b6-0b003701a1c2;8.8149;21.07813154;SELL
2016-04-20T00:57:50.000000;2016-04-20T00:57:50.723417;e3076d44-b58f-4ab2-9763-76da75643bb2;8.8149;27.31662282;SELL
2016-04-20T00:57:50.000000;2016-04-20T00:57:50.771432;76b17901-6ffa-45c4-b81c-f2d9d33c355a;8.8149;18.50581539;SELL
2016-04-20T00:57:50.000000;2016-04-20T00:57:50.909476;f87f8ff2-b57c-42d3-ae21-9f2a424e2012;8.8149;12.81100953;SELL
2016-04-20T00:57:50.000000;2016-04-20T00:57:50.954482;ebe5d40b-0d99-45db-a970-f3dc1370bfc9;8.8149;26.14479297;SELL
2016-04-20T00:57:52.000000;2016-04-20T00:57:52.043549;bb1d8247-dea7-431b-9cec-cf40d6b48019;8.8149;18.35611631;SELL
2016-04-20T00:57:57.000000;2016-04-20T00:57:57.787146;e0f7e763-c089-447a-a7a5-5d69fd5fdf25;8.8149;0.90791933;SELL
2016-04-20T00:57:57.000000;2016-04-20T00:57:57.828124;81e23d20-a17e-4179-8adf-a4a45f7d2e69;8.8149;0.11842426;SELL
2016-04-20T00:57:58.000000;2016-04-20T00:57:58.187167;eee83ab1-8656-4b53-8167-045b991147d9;8.8149;7.63123585;SELL
2016-04-20T00:57:58.000000;2016-04-20T00:57:58.202175;233b59b2-da1f-4dab-9d22-e529d442a7bd;8.8149;0.99537859;SELL
2016-04-20T00:57:58.000000;2016-04-20T00:57:58.349188;077bbc0e-5968-42de-b800-b986b04fc1e9;8.8149;0.12983199;SELL
2016-04-20T00:57:58.000000;2016-04-20T00:57:58.702211;e69f5bc0-e371-428a-b9a4-895499ae0975;8.8149;2.87856726;SELL
2016-04-20T00:57:58.000000;2016-04-20T00:57:58.718226;529ecb83-3b73-43dd-ac21-e3d028184fda;8.8149;0.3754653;SELL
2016-04-20T00:57:59.000000;2016-04-20T00:57:59.104282;9839237a-c724-42ec-b3f9-dd745dc2c330;8.8151;81.8496;BUY
2016-04-20T00:57:59.000000;2016-04-20T00:57:59.120276;9d52d626-a737-430d-966f-048b780c7b15;8.8159;11.315;BUY
2016-04-20T00:57:59.000000;2016-04-20T00:57:59.131271;ab805df2-07b2-4872-b995-75143346a55d;8.8309;19.04610553;BUY
2016-04-20T00:57:59.000000;2016-04-20T00:57:59.148280;7179ae89-cad0-4052-9422-351121c38a58;8.8309;9.15798296;BUY
2016-04-20T00:57:59.000000;2016-04-20T00:57:59.149289;0df9858e-81d9-4447-b7d3-b5e33b6a1356;8.8309;12.809026;BUY
2016-04-20T00:57:59.000000;2016-04-20T00:57:59.160271;4128d523-6bc4-4461-bb84-d75ff82b9e41;8.999;141.086;BUY
2016-04-20T00:57:59.000000;2016-04-20T00:57:59.162287;e24b1545-b1ef-4156-b7ce-e981dc55e5a5;9.0;42.3408251;BUY
2016-04-20T00:57:59.000000;2016-04-20T00:57:59.164283;6766294f-2315-45a6-bd64-ca430d0c713a;9.0;27.46296741;BUY
2016-04-20T00:58:46.000000;2016-04-20T00:58:46.851030;f4060527-7cb7-4a8d-829c-8755741d6b9d;8.8145;1.52408123;BUY
2016-04-20T00:58:46.000000;2016-04-20T00:58:46.867077;6177347f-a80d-48fd-9066-926c32175638;8.8145;0.37584114;BUY
2016-04-20T00:58:46.000000;2016-04-20T00:58:46.872041;ea1678eb-aca5-46f1-96b7-fdda7c9a1412;8.8145;41.31223679;BUY
2016-04-20T00:58:46.000000;2016-04-20T00:58:46.878031;26a7958e-8b60-45d9-bd76-c294838ef2ff;8.8145;11.68462362;BUY
2016-04-20T00:58:46.000000;2016-04-20T00:58:46.880034;8be2b2a2-0517-4de0-9c39-a997a2183cd4;8.8145;0.70285469;BUY
2016-04-20T00:58:46.000000;2016-04-20T00:58:46.893034;73a16ffd-a1c3-4551-bb93-ad01eb802e26;8.8145;5.38855263;BUY
2016-04-20T00:58:46.000000;2016-04-20T00:58:46.897037;9b971b21-6f0e-445a-a4ce-c6f96f3939c4;8.8145;6.09750482;BUY
2016-04-20T00:58:46.000000;2016-04-20T00:58:46.899036;24ad00e9-9860-42b3-9262-e45ace54e8db;8.8145;3.084942;BUY
2016-04-20T00:58:46.000000;2016-04-20T00:58:46.906032;8fd0a8b8-ea05-46f1-b53c-2bb3ed789c47;8.8146;81.8496;BUY
2016-04-20T00:59:20.000000;2016-04-20T00:59:20.779468;0ff9dcd5-b2fa-4845-a44f-cfede354bf4a;8.9802;31.93177948;SELL
2016-04-20T00:59:22.000000;2016-04-20T00:59:22.224570;535453ab-02a3-42df-8771-d953669d1f63;8.9802;18.00021405;SELL
2016-04-20T00:59:22.000000;2016-04-20T00:59:22.310646;2072374b-e426-4ad0-8cad-39b1af9543f0;8.9802;22.4659075;SELL
2016-04-20T00:59:22.000000;2016-04-20T00:59:22.335585;f65b4a91-0fe1-47ba-a93a-2e7f19e9caa5;8.9802;2.93033591;SELL
2016-04-20T00:59:22.000000;2016-04-20T00:59:22.358609;a2224828-dc5c-4865-ae90-020517f92e38;8.9802;6.09750482;SELL
2016-04-20T00:59:22.000000;2016-04-20T00:59:23.035661;662b0c94-4cb8-4aa7-a1f3-4e84aa7f5825;8.9802;2.93326918;SELL
2016-04-20T00:59:23.000000;2016-04-20T00:59:23.733728;c1579145-5dec-46cd-9211-22e499b5f688;8.9802;39.36382332;SELL
2016-04-20T00:59:28.000000;2016-04-20T00:59:28.395700;cce5e6a5-21b4-450c-93eb-c1d20ca96257;8.9802;3.46698083;SELL
2016-04-20T00:59:28.000000;2016-04-20T00:59:28.484704;254e098d-1ee9-4b90-9e1e-318f6996083d;8.9802;301.45244931;SELL
2016-04-20T00:59:30.000000;2016-04-20T00:59:30.943944;63c61cfb-6aaf-411e-9017-119e61523417;8.9802;40.15086749;SELL
2016-04-20T00:59:33.000000;2016-04-20T00:59:33.150162;a15e918f-8bdb-4386-a9da-71cc049044b4;8.9802;18.00021438;SELL
2016-04-20T00:59:33.000000;2016-04-20T00:59:33.840227;78bba711-af0d-46a6-ae02-1528ec66bd89;8.9802;0.60898695;SELL
2016-04-20T00:59:33.000000;2016-04-20T00:59:33.866288;4bbc71c4-4476-4f4b-9e39-65cfe0aadeb7;8.9802;28.396816;SELL
2016-04-20T00:59:33.000000;2016-04-20T00:59:33.899229;39f9dd62-2eac-46be-9d87-0481f4d60e08;8.9802;18.00021438;SELL
2016-04-20T00:59:33.000000;2016-04-20T00:59:33.986314;c9f1cde8-2ae2-4f26-addf-5c9ddfa49751;8.9802;2.19538;SELL
2016-04-20T00:59:33.000000;2016-04-20T00:59:34.022890;de64ed7f-d587-4aa1-af13-e2195cfeb4a5;8.9802;29.49870375;SELL
2016-04-20T00:59:34.000000;2016-04-20T00:59:34.353276;a048c88f-304a-49b5-a5ba-35d0f9db26a0;8.9802;7.998164;SELL
2016-04-20T00:59:34.000000;2016-04-20T00:59:34.486298;a40cfbfc-8457-4d51-9806-707210a8d943;8.9802;44.1986;SELL
2016-04-20T00:59:35.000000;2016-04-20T00:59:35.678414;bea404ac-15f5-40d9-ad4e-330e65480015;8.9802;3.80835101;SELL
2016-04-20T00:59:35.000000;2016-04-20T00:59:35.697404;b748225a-6356-4b4e-b847-6744d1706592;8.9802;18.00021438;SELL
2016-04-20T00:59:35.000000;2016-04-20T00:59:36.136464;a952bb21-a7bb-4343-a15e-549cb5a9ca2a;8.9802;18.01823261;SELL
2016-04-20T00:59:35.000000;2016-04-20T00:59:36.167457;b91631dd-0710-4874-9b50-692be6185a8e;8.9802;29.19735743;SELL
2016-04-20T00:59:36.000000;2016-04-20T00:59:36.210471;cc67199a-05d3-478e-ad2c-978151562c62;8.9802;18.00021438;SELL
2016-04-20T00:59:37.000000;2016-04-20T00:59:38.021654;67e019e7-3fd8-4706-b394-5c64771e45ff;8.9802;40.12060302;SELL
2016-04-20T00:59:38.000000;2016-04-20T00:59:38.287690;fecc72d0-e279-429c-a36b-8f0e0c7c5f33;8.9802;0.45680183;SELL
2016-04-20T00:59:38.000000;2016-04-20T00:59:38.317680;78d6934a-9992-4837-969f-45a68d740e52;8.9802;0.1033739;SELL
2016-04-20T00:59:38.000000;2016-04-20T00:59:38.506696;2d602294-f7d7-40ee-b20a-f78cf0c43c84;8.9802;14.41275863;SELL
2016-04-20T00:59:38.000000;2016-04-20T00:59:38.956776;505f6a38-1a59-4cd2-9e12-fc420a283257;8.9802;27.30569836;SELL
2016-04-20T00:59:39.000000;2016-04-20T00:59:39.278781;1ecba9d8-4e9e-45f2-9376-1b78aa3dde07;8.9802;6.50248778;SELL
2016-04-20T00:59:39.000000;2016-04-20T00:59:39.369769;ef170bbc-dce0-4e9f-b942-da061f4f6581;8.9802;18.00021438;SELL
2016-04-20T00:59:39.000000;2016-04-20T00:59:39.386813;c32370d4-4801-425a-80f4-993ccff06837;8.9802;18.01823261;SELL
2016-04-20T00:59:39.000000;2016-04-20T00:59:39.836873;48e55d40-4612-4e40-bc5e-dc78eb619930;8.9802;18.01823261;SELL
2016-04-20T00:59:40.000000;2016-04-20T00:59:41.013037;010435e0-6f12-4d6a-a811-fecac6a317d5;8.99;52.77;BUY
2016-04-20T00:59:41.000000;2016-04-20T00:59:41.458992;eccf0cbb-ecba-4d27-afb7-3fd69019886a;8.99;21.83039578;SELL
2016-04-20T00:59:41.000000;2016-04-20T00:59:41.478988;91c5fed7-0c92-4e52-8731-27ae6873d2ce;8.99;27.30569836;SELL
2016-04-20T00:59:41.000000;2016-04-20T00:59:41.650002;42a44a9c-a646-4ffc-85fc-da6feda8c31b;8.99;70.543;SELL
2016-04-20T00:59:42.000000;2016-04-20T00:59:42.098075;90719988-7280-4e6c-a3e4-aed74d703a62;8.99;29.19735743;SELL
2016-04-20T00:59:42.000000;2016-04-20T00:59:42.433146;7e83e945-6837-46e0-926f-d3bda7f1c482;8.99;0.54885;SELL
2016-04-20T00:59:42.000000;2016-04-20T00:59:42.766109;9533e00f-5747-46d1-8cec-37c014812ec7;8.99;29.19735743;SELL
2016-04-20T00:59:42.000000;2016-04-20T00:59:42.823129;d701f47e-4649-4638-835e-731df5b631d3;8.99;17.658154;SELL
2016-04-20T00:59:58.000000;2016-04-20T00:59:58.087664;2a4a85f4-1d02-4b4f-a555-514714ef9818;8.8053;1.77746241;SELL
2016-04-20T00:59:58.000000;2016-04-20T00:59:58.095649;19397234-664c-4741-9633-19609d30729e;8.8053;18.14229599;SELL
2016-04-20T00:59:58.000000;2016-04-20T00:59:58.133683;042e1fd4-b96e-4663-a610-cee5f3db7f89;8.8053;14.48305792;SELL
2016-04-20T00:59:58.000000;2016-04-20T00:59:58.192658;50e1fa64-c04f-4cd0-bb10-10d29a788fca;8.8053;2.36638636;SELL
2016-04-20T00:59:58.000000;2016-04-20T00:59:58.361725;4e52eb99-fc23-4a8f-b6d1-6e0eee1387d1;8.8053;1.88909431;SELL
2016-04-20T01:00:00.000000;2016-04-20T01:00:00.653955;7ecefe52-f390-4a93-b879-5bc5d472acfa;8.8053;5.40749501;SELL
2016-04-20T01:00:01.000000;2016-04-20T01:00:01.368223;0606166f-9109-426f-8369-98478309d282;8.8053;1.88909431;SELL
2016-04-20T01:00:01.000000;2016-04-20T01:00:01.448993;c616166b-dc1e-4662-8e62-d7e2588ea6dc;8.8053;18.13116724;SELL
2016-04-20T01:00:01.000000;2016-04-20T01:00:01.584572;88d652ed-300d-4fc1-b559-22ca9e276603;8.8053;2.36493446;SELL
2016-04-20T01:00:01.000000;2016-04-20T01:00:01.822054;eda11308-11f4-44c1-8e10-1946243286e4;8.8053;18.16045645;SELL
2016-04-20T01:00:01.000000;2016-04-20T01:00:01.827050;5aebe4f2-9f26-447c-9a57-adb92b0817e1;8.8053;18.131167;SELL
2016-04-20T01:00:02.000000;2016-04-20T01:00:02.249115;cbe4eb89-92f0-4c3e-8ceb-50700ad5f0a3;8.9357;1.88909431;SELL
2016-04-20T01:00:02.000000;2016-04-20T01:00:02.438399;f2d6fed6-cf48-4fa0-8883-e50cfadf863c;8.9357;27.83472821;SELL
2016-04-20T01:00:02.000000;2016-04-20T01:00:02.674190;39025253-fb07-4b29-be9e-6f1e18839737;8.9357;18.13116724;SELL
2016-04-20T01:00:04.000000;2016-04-20T01:00:04.448292;c62bbb88-0813-457e-92ed-1ec739453923;8.9357;0.24640351;SELL
2016-04-20T01:00:04.000000;2016-04-20T01:00:04.478282;46208c43-b2ea-4594-8d2b-0489b0c57684;8.9357;0.231843;SELL
2016-04-20T01:00:05.000000;2016-04-20T01:00:05.906521;656a8ba2-66c7-4ebc-8e60-79429f950dd5;8.9357;18.35775297;SELL
2016-04-20T01:00:06.000000;2016-04-20T01:00:06.577607;0f640d04-795a-4192-90b0-c471bb4108cd;8.9357;18.16045645;SELL
2016-04-20T01:00:06.000000;2016-04-20T01:00:06.592580;5905e5ac-b3d4-4c2e-b2a3-21a575787d57;8.9357;3.2845189;SELL
2016-04-20T01:00:06.000000;2016-04-20T01:00:06.609507;6f873e9d-c1d0-4639-8be1-54e961c3b7b7;8.9357;25.18131162;SELL
2016-04-20T01:00:06.000000;2016-04-20T01:00:07.206900;0b3c21f4-0fd4-4977-82b0-6051d461e674;8.9357;18.35775297;SELL
2016-04-20T01:00:08.000000;2016-04-20T01:00:08.043641;823bc225-74b7-431a-b7e4-9d1135d8d360;8.9357;18.3761291;SELL
2016-04-20T01:00:09.000000;2016-04-20T01:00:09.048782;75cb33b1-28a3-4905-afed-228e81f59953;8.936;4.12;BUY
2016-04-20T01:00:09.000000;2016-04-20T01:00:09.212764;9f8f4a9f-70a6-4eb4-a07f-fd4b9dad1dc7;8.9396;18.35775297;SELL
2016-04-20T01:00:09.000000;2016-04-20T01:00:09.655796;9047f8fa-1604-43e2-85e7-d2bf9b1595e2;8.9396;18.35775297;SELL
2016-04-20T01:00:10.000000;2016-04-20T01:00:10.034850;8d1e8ef3-7fc5-41d6-a3f6-0410408bb8bb;8.9396;27.827051;SELL
2016-04-20T01:00:10.000000;2016-04-20T01:00:10.071843;46902722-7f64-4d39-a013-fd0eb701e3d4;8.9396;10.55246159;SELL
2016-04-20T01:00:10.000000;2016-04-20T01:00:10.237854;451f52ee-2bbf-4616-9936-dd8a5e47a31c;8.9396;0.34292724;SELL
2016-04-20T01:00:11.000000;2016-04-20T01:00:11.225961;8be62cfb-1575-44f1-9841-a1905d2c6a9e;8.9396;4.85464197;SELL
2016-04-20T01:00:11.000000;2016-04-20T01:00:11.243955;5aedb672-a2df-4173-a447-d655b22efd85;8.9396;0.63321414;SELL
2016-04-20T01:00:11.000000;2016-04-20T01:00:11.542009;3e3f30dd-6139-4e6f-8e00-78932b07dcb0;8.9396;1.22782073;SELL
2016-04-20T01:00:11.000000;2016-04-20T01:00:11.781080;6e9fec72-ad27-4b03-acad-bf2644996189;8.9396;0.63384799;SELL
2016-04-20T01:00:11.000000;2016-04-20T01:00:11.844022;fd297ca6-a38a-43f0-850b-edba5f98f7d6;8.9396;0.41552817;SELL
2016-04-20T01:00:11.000000;2016-04-20T01:00:11.922022;7b9ce83e-1205-4ab3-a37b-479486d3d2b8;8.9396;3.18571677;SELL
2016-04-20T01:00:11.000000;2016-04-20T01:00:12.121069;3f050db8-a9d4-4b55-8ec5-def2d5384fd9;8.9396;0.63321387;SELL
2016-04-20T01:00:12.000000;2016-04-20T01:00:12.879133;883aef16-54a9-4f5b-819e-248f0bf13008;8.9396;1.66155883;SELL
2016-04-20T01:00:12.000000;2016-04-20T01:00:12.898130;9392c1fa-804e-481f-9e5b-3330459d2bae;8.9396;0.21672517;SELL
2016-04-20T01:00:13.000000;2016-04-20T01:00:14.196273;c7538c23-5fd1-45b5-8d2b-26a4257c6192;8.9396;18.3761291;SELL
2016-04-20T01:00:14.000000;2016-04-20T01:00:14.547322;9a1e9221-61f9-4a68-aabd-73f35bc6ea44;8.9396;0.63384799;SELL
2016-04-20T01:00:14.000000;2016-04-20T01:00:14.662321;5467624e-6a38-4030-96c7-4be159970a9f;8.9396;0.63384799;SELL
2016-04-20T01:00:14.000000;2016-04-20T01:00:14.697315;3827e8a9-edcb-427c-98f2-40e426a725d7;8.9396;30.77598311;SELL
2016-04-20T01:00:14.000000;2016-04-20T01:00:14.891368;9b3931a2-98d8-4602-a071-2640c8cd6765;8.9396;0.63353355;SELL
2016-04-20T01:00:15.000000;2016-04-20T01:00:15.492379;abba8c0b-c7da-483b-9656-030341e9840c;8.9396;18.40255163;SELL
2016-04-20T01:00:15.000000;2016-04-20T01:00:15.544436;101c07ce-a74e-41bb-af08-277ec8feb910;8.9396;18.39452362;SELL
2016-04-20T01:00:15.000000;2016-04-20T01:00:15.570418;1d0fa40c-b2ce-4dff-a178-86061a4f81df;8.9396;18.37612944;SELL
2016-04-20T01:00:17.000000;2016-04-20T01:00:17.102547;75bf111b-8af0-4009-a66e-addade6a644a;8.9396;18.3761291;SELL
2016-04-20T01:00:17.000000;2016-04-20T01:00:17.517589;a2ad08df-2da5-4c55-9199-a9a37aec5d93;8.9396;18.38414891;SELL
2016-04-20T01:00:17.000000;2016-04-20T01:00:17.772625;b0b776a1-13c5-47cd-878e-e6461382ef6d;8.9396;18.3761291;SELL
2016-04-20T01:00:18.000000;2016-04-20T01:00:18.389687;a1d80b3a-079a-4548-957d-558ba7eed6eb;8.9396;30.77598311;SELL
2016-04-20T01:00:18.000000;2016-04-20T01:00:18.563695;57a0ea76-73df-4917-9929-dfa317f25e09;8.9396;18.3761291;SELL
2016-04-20T01:00:18.000000;2016-04-20T01:00:18.952745;fc28de2c-92e5-459e-86fd-73367500bc92;8.9396;0.59277932;SELL
2016-04-20T01:00:18.000000;2016-04-20T01:00:19.004739;2f66886f-9de4-4968-aee1-4b835b5b04d7;8.9396;4.54464345;SELL
2016-04-20T01:00:19.000000;2016-04-20T01:00:19.498806;6dbf8fd9-8ff7-4dce-8c24-90c5376bcae9;8.94;10.0;BUY
2016-04-20T01:00:19.000000;2016-04-20T01:00:19.865840;1831849d-dfd0-42bf-b8f3-b1da267c4abd;8.9714;0.59277914;SELL
2016-04-20T01:00:19.000000;2016-04-20T01:00:20.014842;86458098-093b-45d8-bdb7-fd6f08b93a77;8.9714;0.59337269;SELL
2016-04-20T01:00:19.000000;2016-04-20T01:00:20.047858;98cc4ad5-3016-456d-bb61-4b41611930f8;8.9714;4.54464322;SELL
2016-04-20T01:00:20.000000;2016-04-20T01:00:20.606895;4442a97f-63ff-4504-9206-54bfd1514ab7;8.9714;4.54464345;SELL
2016-04-20T01:00:21.000000;2016-04-20T01:00:21.555008;3c88100c-e88a-4d31-a049-592a5a9df0e8;8.9714;5.82541245;SELL
2016-04-20T01:00:21.000000;2016-04-20T01:00:21.561003;9a37c733-2738-4a6d-b5c5-e17f5c9c61fe;8.9714;0.75983679;SELL
2016-04-20T01:00:23.000000;2016-04-20T01:00:23.350172;9bbe848c-3374-49f4-b1cb-ebf9146ba820;8.9714;30.76941904;SELL
2016-04-20T01:00:25.000000;2016-04-20T01:00:25.600475;36d9655b-3bff-4ada-adcf-c686798b4584;8.9714;2.91781618;SELL
2016-04-20T01:00:25.000000;2016-04-20T01:00:25.667422;6768d696-3d23-4290-8571-860ef385223c;8.9714;22.38999311;SELL
2016-04-20T01:00:25.000000;2016-04-20T01:00:25.709413;029d135a-9dc5-441a-916c-05cf52637b0a;8.9714;0.38058497;SELL
2016-04-20T01:00:26.000000;2016-04-20T01:00:26.578501;01c27359-3e18-4d95-a523-50e153db283f;8.9714;3.42686413;SELL
2016-04-20T01:00:26.000000;2016-04-20T01:00:26.624520;52035d49-c70f-44a2-b2d6-53d63c41dc12;8.9714;26.28653864;SELL
2016-04-20T01:00:26.000000;2016-04-20T01:00:26.631535;c72b2a11-67a4-4dba-bf87-aa67c811393b;8.9714;0.44698204;SELL
2016-04-20T01:00:26.000000;2016-04-20T01:00:27.023546;0e20d8fd-369c-426a-9837-212ca4beeb1b;8.9714;3.43905385;SELL
2016-04-20T01:00:27.000000;2016-04-20T01:00:27.268603;d127f3e0-d22d-4b8d-8c10-aa6e8e61814c;8.9714;97.51848737;SELL
2016-04-20T01:00:28.000000;2016-04-20T01:00:28.482689;91031342-dbc1-4ff1-8447-dbca013e02da;8.9714;3.42686413;SELL
2016-04-20T01:00:28.000000;2016-04-20T01:00:28.522688;aa6cce50-fa96-4bce-b89f-ad476d10aba0;8.9714;26.28653864;SELL
2016-04-20T01:00:28.000000;2016-04-20T01:00:28.589731;45fbdb6e-7dce-47f2-ab37-99b090da26b6;8.979;49.7;BUY
2016-04-20T01:00:28.000000;2016-04-20T01:00:28.614705;d0e090b4-cd1e-4b25-9152-300bdd03adf9;8.9797;3.053511;BUY
2016-04-20T01:00:28.000000;2016-04-20T01:00:28.772708;ea7466da-9d55-481d-8ec0-63c9022ca306;8.9797;37.28945104;SELL
2016-04-20T01:00:28.000000;2016-04-20T01:00:28.790711;a4421d2e-1a25-4735-972f-6f7e157160d7;8.9797;0.44698203;SELL
2016-04-20T01:00:30.000000;2016-04-20T01:00:30.276868;ead78601-89a0-46db-b203-cd2db023b279;8.9797;60.74671493;SELL
2016-04-20T01:00:31.000000;2016-04-20T01:00:31.929044;339ea982-6b9c-484f-82fd-150eb05e65e6;8.9797;36.33169883;SELL
2016-04-20T01:00:32.000000;2016-04-20T01:00:32.776129;3ce679a2-d056-4b34-9076-e8d63b89c5f2;8.9797;0.38687261;SELL
2016-04-20T01:00:32.000000;2016-04-20T01:00:32.808190;0a0e9c60-ea9d-4f91-8791-30578dddd6d6;8.9797;2.96602354;SELL
2016-04-20T01:00:33.000000;2016-04-20T01:00:33.744237;59df9719-ea4a-496f-8e09-aac70af208e6;8.9797;2.62110754;SELL
2016-04-20T01:00:33.000000;2016-04-20T01:00:33.757205;5af1092a-22a1-47a1-945a-b73e26a9264e;8.9797;20.09515587;SELL
2016-04-20T01:00:33.000000;2016-04-20T01:00:33.804218;91aef018-c469-4b29-905f-ca6e326a304e;8.9797;0.3868726;SELL
2016-04-20T01:00:33.000000;2016-04-20T01:00:33.818231;7b7453c6-6de8-4a36-b9f5-49c62add8411;8.9797;0.27348;SELL
2016-04-20T01:00:34.000000;2016-04-20T01:00:34.606294;ce20e5df-a144-4613-a621-9cbcfd085505;8.9797;0.3868726;SELL
2016-04-20T01:00:35.000000;2016-04-20T01:00:35.631440;af5c34fe-dff1-4114-b384-cd09ea7977f7;8.9797;44.1986;SELL
2016-04-20T01:00:35.000000;2016-04-20T01:00:35.805438;fe807c5a-9630-4837-bbe1-ebf4adc9ca1b;8.9797;20.42945041;SELL
2016-04-20T01:00:35.000000;2016-04-20T01:00:35.947441;dac9f30a-1b32-412e-ab83-11523ab27f27;8.9714;282.00696416;SELL
2016-04-20T01:00:39.000000;2016-04-20T01:00:39.301761;94228c8e-98f8-4181-80be-7d8b3eff639d;8.726;5.88340066;SELL
2016-04-20T01:00:45.000000;2016-04-20T01:00:45.199357;579a6706-d105-472c-893c-b21e75aabf76;8.9581;5.15132882;SELL
2016-04-20T01:00:45.000000;2016-04-20T01:00:45.222427;0cbe5ced-c125-407d-8cb4-aa4a1cc2b1bd;8.9581;26.31285149;SELL
2016-04-20T01:00:45.000000;2016-04-20T01:00:45.273372;9b4daf60-2a4c-4248-9da9-0e7503ac9bd8;8.9581;26.31285149;SELL
2016-04-20T01:00:45.000000;2016-04-20T01:00:45.338448;ef6b46e9-4ad3-4c21-aa95-e9ec3be9127b;8.9581;39.49352038;SELL
2016-04-20T01:00:45.000000;2016-04-20T01:00:45.982463;839ebf2f-1608-4ef0-9a1f-70b9f9161648;8.9581;23.83167815;SELL
2016-04-20T01:00:46.000000;2016-04-20T01:00:46.055480;381badbd-d1ed-487d-b810-1322279fef5b;8.9581;3.10847956;SELL
2016-04-20T01:00:46.000000;2016-04-20T01:00:46.187461;06517c6b-ea3b-4353-808c-c69da07cbcaa;8.9581;0.40545377;SELL
2016-04-20T01:00:47.000000;2016-04-20T01:00:47.047549;f0d272fe-cac2-4556-b5d7-a5dfcffc8100;8.9581;23.65821937;SELL
2016-04-20T01:00:47.000000;2016-04-20T01:00:47.068653;1cae6489-303a-4a06-8fd4-132e74357cd0;8.9581;3.08585457;SELL
2016-04-20T01:00:47.000000;2016-04-20T01:00:47.266577;cf17972b-2f1a-4fcf-8638-c073975820ed;8.9581;0.40250291;SELL
2016-04-20T01:00:47.000000;2016-04-20T01:00:47.508083;aa989060-50f0-4e0e-8f67-f305c37c7b92;8.9581;35.272;SELL
2016-04-20T01:00:47.000000;2016-04-20T01:00:47.891628;f26f0a31-b3f0-45e0-b2b1-94082ebe6517;8.9581;23.68190127;SELL
2016-04-20T01:00:49.000000;2016-04-20T01:00:49.555832;6ecaf614-684d-4f13-91c2-731dc8a38569;8.9581;3.19953491;SELL
2016-04-20T01:00:49.000000;2016-04-20T01:00:49.571843;75328861-74dd-4441-81f6-e9b35ffb5d17;8.9581;24.53419174;SELL
2016-04-20T01:00:49.000000;2016-04-20T01:00:49.830829;9c230d84-5ad8-4252-bedd-e9470d88156c;8.9581;32.92791464;SELL
2016-04-20T01:00:50.000000;2016-04-20T01:00:50.142853;6d9545dd-6068-4c8f-a33c-840d2423f0d4;8.9581;1.50005602;SELL
2016-04-20T01:00:50.000000;2016-04-20T01:00:50.188878;1c7239ea-46e5-4e7b-a185-5b3d18e847ae;8.9581;0.40585963;SELL
2016-04-20T01:00:50.000000;2016-04-20T01:00:50.710023;7e5ef100-ce6d-49b7-8cf9-4d12c2b21993;8.9581;2.20630994;SELL
2016-04-20T01:00:50.000000;2016-04-20T01:00:50.733906;cc062258-bd89-4ec1-8633-052baeb2ebd9;8.9581;16.91946942;SELL
2016-04-20T01:00:50.000000;2016-04-20T01:00:50.939973;0ee481f8-6b5c-4ce1-a0c0-2c6e07121451;8.9581;0.28777955;SELL
2016-04-20T01:00:51.000000;2016-04-20T01:00:51.325978;4f9c8b80-ed07-4522-9cc2-bf346d0796e5;8.968;44.15;BUY
2016-04-20T01:00:51.000000;2016-04-20T01:00:51.327982;dd15f566-b1c9-4572-9b59-dbd53e2ed67b;8.97;160.8313288;BUY
2016-04-20T01:00:51.000000;2016-04-20T01:00:51.340974;ec0dbe60-6bee-4461-9e64-e885e564207f;8.9797;38.04855119;BUY
2016-04-20T01:00:51.000000;2016-04-20T01:00:51.342182;0ea7592d-1317-496f-8f8b-b1bd21683737;8.9799;53.3658;BUY
2016-04-20T01:00:51.000000;2016-04-20T01:00:51.825038;9a4f9956-68d5-4f95-9b86-6790fb9cfc83;8.9799;1.500056;SELL
2016-04-20T01:00:52.000000;2016-04-20T01:00:52.234144;7a5a93d5-b92a-4010-9b63-09d291e6050e;8.9799;7.33116342;SELL
2016-04-20T01:00:53.000000;2016-04-20T01:00:53.215192;02a31591-7ac1-4c7b-b65f-b047b598bf9b;8.9799;23.17343127;SELL
2016-04-20T01:00:53.000000;2016-04-20T01:00:53.573232;3309cbd9-4d53-44e1-ab4a-2b86009b14dd;8.9799;10.18441952;SELL
2016-04-20T01:00:53.000000;2016-04-20T01:00:53.621217;83dfed00-e246-478c-90dc-12926cadf8f8;8.9799;1.32840255;SELL
2016-04-20T01:00:53.000000;2016-04-20T01:00:53.686206;147d6f12-d40b-4520-a307-74eeb7346286;8.9799;14.28636846;SELL
2016-04-20T01:00:53.000000;2016-04-20T01:00:53.786255;aa74388a-daa4-4622-b1c5-72abdb0cab1f;8.9799;16.20114857;SELL
2016-04-20T01:00:53.000000;2016-04-20T01:00:53.881240;bc1a0e27-72b3-44b9-a3f0-25a1da0efe71;8.9799;1.32840255;SELL
2016-04-20T01:00:53.000000;2016-04-20T01:00:53.908243;84201fb0-8a21-4759-85c6-3f204e251b0d;8.9799;14.28636846;SELL
2016-04-20T01:00:53.000000;2016-04-20T01:00:53.928252;d8dfc486-5106-4c66-88c5-2a9a747b8e77;8.9799;10.18441952;SELL
2016-04-20T01:00:54.000000;2016-04-20T01:00:54.188269;5c69db27-c768-40ff-a512-560044c2a834;8.9799;26.99264627;SELL
2016-04-20T01:00:54.000000;2016-04-20T01:00:54.209258;bf97e584-a93e-4652-abb0-dfbf2263df72;8.9799;12.27160105;SELL
2016-04-20T01:00:54.000000;2016-04-20T01:00:54.267267;f831ff24-db1d-4617-8e11-ed901d07a508;8.9799;1.47187132;SELL
2016-04-20T01:00:54.000000;2016-04-20T01:00:54.584290;2d6c88dc-5b71-401a-887d-43e07102521b;8.9799;0.83289303;SELL
2016-04-20T01:00:54.000000;2016-04-20T01:00:54.670678;7df2610e-712c-4b31-a055-eb4a0792c4be;8.9799;10.18441952;SELL
2016-04-20T01:00:54.000000;2016-04-20T01:00:54.672835;e034501b-eaf2-472d-a286-c2b28f0bf5ba;8.9799;1.32840255;SELL
2016-04-20T01:00:54.000000;2016-04-20T01:00:54.859326;32668563-4e12-4154-843c-ae3b4c866a5a;8.9799;14.28636846;SELL
2016-04-20T01:00:54.000000;2016-04-20T01:00:54.960343;7e5b1bfe-6ee3-4e76-ad74-9488e5bfd476;8.9799;10.19461414;SELL
2016-04-20T01:00:55.000000;2016-04-20T01:00:55.079388;b31da2a4-6e34-4c32-bce2-0315bfb65c1a;8.9799;1.32973228;SELL
2016-04-20T01:00:55.000000;2016-04-20T01:00:55.107360;12e79141-92a2-4aad-8a0d-42475a53b270;8.9799;11.711722;SELL
2016-04-20T01:00:55.000000;2016-04-20T01:00:55.821424;90677dfa-e927-408b-a1c3-f963443fb6b7;8.9799;15.43467014;SELL
2016-04-20T01:00:56.000000;2016-04-20T01:00:56.595535;5c263d06-a74e-4326-9e4e-2506df950093;8.9799;10.1405184;SELL
2016-04-20T01:00:56.000000;2016-04-20T01:00:56.601532;1086c3b1-e86f-45f4-b6d9-192bd358084e;8.9799;1.32267659;SELL
2016-04-20T01:00:56.000000;2016-04-20T01:00:56.916582;4285c0b9-c2fb-444d-9692-c9f2be260905;8.9799;0.76326078;SELL
2016-04-20T01:00:56.000000;2016-04-20T01:00:56.987565;932b4c82-9ed4-4583-8494-b33486e6a59b;8.9799;5.85166484;SELL
2016-04-20T01:00:57.000000;2016-04-20T01:00:57.149573;8bfc7e0d-977b-46a5-86f3-c0a406361953;8.9799;18.02914778;SELL
2016-04-20T01:00:57.000000;2016-04-20T01:00:57.424580;e4d2e4fd-8256-4d7b-8696-806d02f625fd;8.9799;0.56883169;SELL
2016-04-20T01:00:57.000000;2016-04-20T01:00:57.427654;e4cf9be1-7425-4876-932f-3e0785987ba6;8.9799;4.36104398;SELL
2016-04-20T01:00:57.000000;2016-04-20T01:00:57.914630;819e31b3-338b-4de3-a781-76cadc29f5df;8.9799;10.19461413;SELL
2016-04-20T01:00:57.000000;2016-04-20T01:00:58.047638;e973be9a-922e-4620-9c4f-58d51930e0ab;8.9799;0.54087529;SELL
2016-04-20T01:00:58.000000;2016-04-20T01:00:58.190654;227154dd-88e7-4674-8c63-3fe28d61d4ed;8.9799;1.500056;SELL
2016-04-20T01:00:58.000000;2016-04-20T01:00:58.677711;0a630124-67d9-4111-8083-517ac6341754;8.9799;10.21942318;SELL
2016-04-20T01:00:58.000000;2016-04-20T01:00:58.768712;2536acfc-ce0a-423a-87e3-406db7d4d96e;8.9799;5.85131977;SELL
2016-04-20T01:00:58.000000;2016-04-20T01:00:58.823720;4518f02b-8b42-4894-a4f1-27977c867a3c;8.9799;0.76321536;SELL
2016-04-20T01:00:58.000000;2016-04-20T01:00:58.978738;c6e41777-0e90-42a9-b9ef-bb63142c6ebc;8.9799;10.21942318;SELL
2016-04-20T01:00:58.000000;2016-04-20T01:00:58.979731;1f718271-1286-4997-8bed-d98d7124311a;8.9799;6.33447765;SELL
2016-04-20T01:00:58.000000;2016-04-20T01:00:59.096739;fd640bef-ed2e-48d9-87eb-ca9e18b44ecc;8.9799;10.19461413;SELL
2016-04-20T01:00:59.000000;2016-04-20T01:00:59.178762;bbf98231-ef45-4f3e-9fd2-2ebf4d82c6be;8.9799;5.85131977;SELL
2016-04-20T01:00:59.000000;2016-04-20T01:00:59.273757;f6bac064-c37a-417a-a315-50a4100893ab;8.9799;6.33447765;SELL
2016-04-20T01:00:59.000000;2016-04-20T01:00:59.335782;3db18063-7e3b-42a6-92dc-e08ca1f5cebd;8.9799;0.76321536;SELL
2016-04-20T01:00:59.000000;2016-04-20T01:00:59.337780;454567f5-fa26-42a5-815c-22c7e2e6b415;8.9799;6.59847696;SELL
2016-04-20T01:00:59.000000;2016-04-20T01:00:59.355833;1360a9be-01ce-4dee-b8f3-68a7a8aafa1a;8.9799;27.00122332;SELL
2016-04-20T01:00:59.000000;2016-04-20T01:00:59.640817;0dfe163d-b210-43f2-b4c7-2e9bae5bd651;8.9799;5.85131977;SELL
2016-04-20T01:00:59.000000;2016-04-20T01:00:59.657827;7abba768-efbc-44a5-b189-166235d04b60;8.9799;10.19461413;SELL
2016-04-20T01:00:59.000000;2016-04-20T01:00:59.708847;7179da82-db04-4ae3-8fe5-51426639cb60;8.9799;6.33447765;SELL
2016-04-20T01:00:59.000000;2016-04-20T01:00:59.740880;98579bc5-e869-4273-9876-3df74b5d3bea;8.9799;10.19461413;SELL
2016-04-20T01:00:59.000000;2016-04-20T01:01:00.342886;aeb0b097-f269-4ce9-965b-53f6e4417214;8.9799;10.19461413;SELL
2016-04-20T01:00:59.000000;2016-04-20T01:01:00.352920;6db88aea-7413-4112-a8bd-254cb3fa4fc4;8.9799;6.33447765;SELL
2016-04-20T01:01:00.000000;2016-04-20T01:01:00.370876;52ba64b1-388f-487f-b354-98e29a0da808;8.9799;10.19461413;SELL
2016-04-20T01:01:00.000000;2016-04-20T01:01:00.459917;41e53cd5-8860-4b67-a4cb-1c1f3cb09b94;8.9799;5.85131977;SELL
2016-04-20T01:01:00.000000;2016-04-20T01:01:00.551886;2e5e14b1-41ba-4c0e-980c-4288ab48fa94;8.9799;0.80817927;SELL
2016-04-20T01:01:00.000000;2016-04-20T01:01:00.862935;3760bbbe-61c9-42a5-81fc-1ad363d1ae67;8.9799;12.15732249;SELL
2016-04-20T01:01:00.000000;2016-04-20T01:01:00.887969;ad7bc40d-5eeb-4c28-a565-d009037b5e19;8.9799;0.76143199;SELL
2016-04-20T01:01:00.000000;2016-04-20T01:01:00.970973;eff2c8ef-cdc8-4f8f-a380-c45d14c331e3;8.9799;6.34081801;SELL
2016-04-20T01:01:00.000000;2016-04-20T01:01:01.015988;ef6acf4f-74b6-4647-8b65-fdc8120fa31e;8.9799;5.83804593;SELL
2016-04-20T01:01:01.000000;2016-04-20T01:01:01.033936;483918a7-96e1-47b5-8cb7-1f91dbb6d90a;8.9799;5.84295666;SELL
2016-04-20T01:01:01.000000;2016-04-20T01:01:01.055958;2c5aa343-d014-4a52-bea1-0f4d086bf2ac;8.9799;10.18004502;SELL
2016-04-20T01:01:01.000000;2016-04-20T01:01:01.092952;f66864b6-3138-42ec-b52e-36d12e8ed4af;8.9799;10.18004502;SELL
2016-04-20T01:01:01.000000;2016-04-20T01:01:01.616009;ed9d5d33-6dcc-4cc6-90ad-9bbaac5cb821;8.9799;5.85131977;SELL
2016-04-20T01:01:01.000000;2016-04-20T01:01:01.946039;afb8be0d-12a4-40d7-93a4-4bdfe7c71d0a;8.9799;6.32542492;SELL
2016-04-20T01:01:01.000000;2016-04-20T01:01:01.978034;f475b7cf-0e14-4343-badf-1dde1c9d4984;8.9799;0.76219419;SELL
2016-04-20T01:01:01.000000;2016-04-20T01:01:02.116068;e7529e7a-48c9-4213-b557-4929cf48ef72;8.9799;5.85717668;SELL
2016-04-20T01:01:02.000000;2016-04-20T01:01:02.118054;b6470e1b-fb1e-4139-8916-d0d9032b7f62;8.9799;5.84388982;SELL
2016-04-20T01:01:02.000000;2016-04-20T01:01:02.134062;7e350829-6968-419a-bcb4-3b917fa50983;8.9799;5.85717694;SELL
2016-04-20T01:01:02.000000;2016-04-20T01:01:02.147060;96db9a0b-6d60-4eda-bad7-552351c099ea;8.9799;5.85717658;SELL
2016-04-20T01:01:02.000000;2016-04-20T01:01:02.256075;2f41ec6b-2382-4c3a-9b31-0040ca1d8217;8.9799;5.84880547;SELL
2016-04-20T01:01:03.000000;2016-04-20T01:01:03.365183;5eab5cc6-904f-4537-a553-7e74eaec74e7;8.9799;0.76219419;SELL
2016-04-20T01:01:03.000000;2016-04-20T01:01:03.393198;ae242731-6485-4e0d-b903-517cf7efab18;8.9799;0.837826;SELL
2016-04-20T01:01:03.000000;2016-04-20T01:01:03.421191;622f7a46-6c3c-46bc-88c9-db26f8794771;8.9799;0.76219395;SELL
2016-04-20T01:01:03.000000;2016-04-20T01:01:03.499203;a642d9e5-aa0b-4395-a877-5ca2af8a9fb9;8.9799;2.62650863;SELL
2016-04-20T01:01:03.000000;2016-04-20T01:01:03.555192;9f9d6279-3c55-4c3f-9f93-faf473619c6a;8.9799;5.85717695;SELL
2016-04-20T01:01:03.000000;2016-04-20T01:01:03.637194;01b95635-16bb-4e95-87f0-3f1dae73b542;8.9799;0.76219418;SELL
2016-04-20T01:01:03.000000;2016-04-20T01:01:03.641232;da009487-1068-454f-b494-f384a599ba19;8.9799;5.86303947;SELL
2016-04-20T01:01:03.000000;2016-04-20T01:01:03.905396;1877796a-b213-45eb-b526-dc1e8401c055;8.9799;5.84880533;SELL
2016-04-20T01:01:04.000000;2016-04-20T01:01:04.702327;8c0a8a17-0b07-456e-8b18-c3f08b72b02e;8.9799;2.44926297;SELL
2016-04-20T01:01:05.000000;2016-04-20T01:01:05.136389;2a8fed8b-1263-456a-9bcd-10393348b471;8.9799;6.34081801;SELL
2016-04-20T01:01:05.000000;2016-04-20T01:01:05.202353;4f53dbee-3546-4000-b2d7-c5dbe3c0f3b0;8.9799;10.19023526;SELL
2016-04-20T01:01:05.000000;2016-04-20T01:01:05.617413;50cd913e-d4f8-4506-915b-a737a6cfbf05;8.9799;12.15732249;SELL
2016-04-20T01:01:05.000000;2016-04-20T01:01:05.643430;44bc694c-74af-4664-8400-3cc5c5a0ec95;8.9799;0.76143199;SELL
2016-04-20T01:01:05.000000;2016-04-20T01:01:05.670417;68d6a9d4-15c2-4b26-ba86-5c4672cd97a3;8.9799;5.85717695;SELL
2016-04-20T01:01:05.000000;2016-04-20T01:01:05.712427;a0fb157a-83c0-4335-96ef-1288718d14f8;8.9799;15.57988481;SELL
2016-04-20T01:01:05.000000;2016-04-20T01:01:05.745728;0dea3431-f939-43f1-83c4-4a392e094869;8.9799;5.84880547;SELL
2016-04-20T01:01:05.000000;2016-04-20T01:01:05.834428;31762612-4516-46dd-82de-30c7a283be78;8.9799;5.85717695;SELL
2016-04-20T01:01:05.000000;2016-04-20T01:01:05.937504;046b9036-ad3e-4517-9ad5-f393e66c3afe;8.9799;5.84388968;SELL
2016-04-20T01:01:06.000000;2016-04-20T01:01:06.393514;edc7165a-cbde-4c57-9d7e-fbd1eec522a5;8.9799;5.84388982;SELL
2016-04-20T01:01:06.000000;2016-04-20T01:01:06.746548;3ba1a75c-1ee5-4338-a195-dc1c95ee52df;8.9799;5.85784381;SELL
2016-04-20T01:01:06.000000;2016-04-20T01:01:06.773556;1d7c7835-5b71-40a1-b3de-2de6023c15d9;8.9799;8.65752086;SELL
2016-04-20T01:01:06.000000;2016-04-20T01:01:06.808518;f6d97fa6-1f69-418b-b58f-8c4ac72f2764;8.9799;10.18120482;SELL
2016-04-20T01:01:06.000000;2016-04-20T01:01:06.880561;345173f0-baf5-4575-8e67-04a4c257bf91;8.9799;20.40893331;SELL
2016-04-20T01:01:06.000000;2016-04-20T01:01:06.997546;3728ad7d-4477-4dae-bb06-873692accd63;8.9799;8.6787869;SELL
2016-04-20T01:01:07.000000;2016-04-20T01:01:07.435593;3eeb41f1-ce1c-4b97-9fa2-7a081d532c77;8.9799;8.68747437;SELL
2016-04-20T01:01:07.000000;2016-04-20T01:01:07.892142;fcf7f3cc-b76d-41eb-80fe-6849b0a63e6d;8.9799;6.44875025;SELL
2016-04-20T01:01:08.000000;2016-04-20T01:01:08.252660;865dfc84-7c64-4d1f-83b0-850c104172c2;8.9799;1.87376367;SELL
2016-04-20T01:01:08.000000;2016-04-20T01:01:08.268659;dc7f481c-c44e-4584-882f-445725d5971f;8.9799;5.85717668;SELL
2016-04-20T01:01:08.000000;2016-04-20T01:01:08.338710;6972d0d7-e553-4ca1-adf7-61b74662b345;8.9799;2.63200223;SELL
2016-04-20T01:01:08.000000;2016-04-20T01:01:08.554695;9a06932c-7e35-4a3e-9f83-894363e3a3bc;8.9799;3.2168031;BUY
2016-04-20T01:01:08.000000;2016-04-20T01:01:08.578727;539ba6ca-e6d4-46ab-9b13-2970e4d76b7d;8.9799;14.36552166;BUY
2016-04-20T01:01:08.000000;2016-04-20T01:01:08.582700;089ad5ca-a647-459c-a057-3641be0e28b7;8.9799;21.92401212;BUY
2016-04-20T01:01:08.000000;2016-04-20T01:01:08.583705;8586b431-78a4-4f99-bb14-7f89dfaf4718;8.9799;18.02914778;BUY
2016-04-20T01:01:08.000000;2016-04-20T01:01:08.603700;ecfc07fb-d3e5-4085-9867-48518fb23e97;8.98;115.584948;BUY
2016-04-20T01:01:08.000000;2016-04-20T01:01:08.975727;db309c5e-2f71-41c6-b6d3-efe53325ae0d;8.98;3.2168031;SELL
2016-04-20T01:01:08.000000;2016-04-20T01:01:09.007745;a937b0e5-7b4a-4da8-8746-db3497e2257c;8.98;10.846375;SELL
2016-04-20T01:01:09.000000;2016-04-20T01:01:09.074355;52294d61-4e53-417c-a8fc-59ac0473ad22;8.98;0.42307983;SELL
2016-04-20T01:01:09.000000;2016-04-20T01:01:09.117775;1f714eda-a41f-4705-bd13-5ef1bab3efe2;8.98;3.24361205;SELL
2016-04-20T01:01:09.000000;2016-04-20T01:01:09.175771;a63e9c26-20ac-4b77-9162-554569038150;8.98;3.96750932;SELL
2016-04-20T01:01:09.000000;2016-04-20T01:01:09.251767;ebcf828b-25eb-4a2b-afb5-7711c76290f6;8.98;10.720766;SELL
2016-04-20T01:01:10.000000;2016-04-20T01:01:10.667936;1352cf43-a283-456c-a3f2-e253e55109b4;8.98;3.2846522;SELL
2016-04-20T01:01:10.000000;2016-04-20T01:01:10.714910;a7135942-1012-4e77-81d6-ec91ba9a372b;8.98;20.42936267;SELL
2016-04-20T01:01:10.000000;2016-04-20T01:01:10.799911;2ba53355-7763-4e0b-ab79-133d9ee0f4a2;8.98;1.500056;SELL
2016-04-20T01:01:10.000000;2016-04-20T01:01:10.961946;f00ab775-1446-42ee-a39a-7d8e3f26cb99;8.98;3.2948348;SELL
2016-04-20T01:01:10.000000;2016-04-20T01:01:10.982986;7cdad56f-fee6-4d54-89e2-506771100c55;8.98;3.22785905;SELL
2016-04-20T01:01:10.000000;2016-04-20T01:01:10.998935;98b5d013-865a-483c-bbc4-206a823a93ac;8.98;21.99104659;SELL
2016-04-20T01:01:11.000000;2016-04-20T01:01:11.303963;f1b09e08-60da-4f36-9f10-328853fcd8f6;8.98;3.29483494;SELL
2016-04-20T01:01:11.000000;2016-04-20T01:01:11.957032;fec5be3a-442e-4303-bd71-85504af92028;8.98;3.29483494;SELL
2016-04-20T01:01:12.000000;2016-04-20T01:01:12.971142;e5ac237d-ee89-43ac-ba3d-af160b6cba36;8.98;21.92401212;SELL
2016-04-20T01:01:12.000000;2016-04-20T01:01:12.999147;2c4505f0-a500-48e4-bc90-6f4decb54e51;8.98;14.36552166;SELL
2016-04-20T01:01:12.000000;2016-04-20T01:01:13.042174;d44b5f78-8c23-406a-8844-ca3ee04cbc6e;8.98;3.2168031;SELL
2016-04-20T01:01:13.000000;2016-04-20T01:01:13.953323;4b4fd0d8-afc0-425a-9982-bfddb29fd0ed;8.98;14.34387721;SELL
2016-04-20T01:01:13.000000;2016-04-20T01:01:13.957310;8934a9ce-6407-4a03-9b67-e844826a5a02;8.98;27.00092286;SELL
2016-04-20T01:01:13.000000;2016-04-20T01:01:13.980292;81d08246-8e8e-4eec-90e1-044b549f7370;8.98;27.00092286;SELL
2016-04-20T01:01:13.000000;2016-04-20T01:01:13.988597;d3f15619-12bc-4289-9b8e-750528f1a616;8.98;26.99131245;SELL
2016-04-20T01:01:13.000000;2016-04-20T01:01:14.341351;01aa100f-53fb-4efd-8e21-c415d8f85990;8.98;26.99131245;SELL
2016-04-20T01:01:16.000000;2016-04-20T01:01:16.836528;457d1636-7b8f-4e5e-8863-44cd57733556;8.98;0.52354;SELL
2016-04-20T01:01:25.000000;2016-04-20T01:01:25.445383;0a434da4-e1ad-4d59-957d-0d98d88e018b;8.98;8.3855;SELL
2016-04-20T01:01:36.000000;2016-04-20T01:01:36.135463;5d9c5eac-7850-4699-b064-87a0bfdcaa15;8.98;15.07242251;SELL
2016-04-20T01:01:36.000000;2016-04-20T01:01:36.226509;20e24202-3c13-4114-8d63-cf1d74a9a06c;8.98;4.707951;SELL
2016-04-20T01:01:42.000000;2016-04-20T01:01:42.506081;7e8a9af0-a371-4d40-9333-7331eb5343b6;8.9802;40.10050251;BUY
2016-04-20T01:01:42.000000;2016-04-20T01:01:42.519107;0d15d8f8-1659-453b-afcf-a902b7032ddb;8.9802;43.2;BUY
2016-04-20T01:01:42.000000;2016-04-20T01:01:42.533086;7277f848-cb32-4a2b-bf49-c058566f24dc;8.9802;10.826656;BUY
2016-04-20T01:01:46.000000;2016-04-20T01:01:46.632512;f55524b9-9311-42bb-bb10-bfae28aa05b5;8.9802;23.12705524;SELL
2016-04-20T01:02:06.000000;2016-04-20T01:02:06.839518;68bc0065-4e88-4219-a5e1-1fa48ef49a88;8.9802;21.94595808;SELL
2016-04-20T01:02:06.000000;2016-04-20T01:02:06.871563;fcb5fe69-d841-4037-ac4c-a5fba93378b9;8.9802;1.87563931;SELL
2016-04-20T01:02:06.000000;2016-04-20T01:02:07.003545;b5094d2b-98c3-4c5b-999b-832fefee268e;8.9802;4.945822;SELL
2016-04-20T01:02:07.000000;2016-04-20T01:02:07.042559;81bf9ffb-6d7c-4e93-bae8-c4d9a8015050;8.9802;3.29483494;SELL
2016-04-20T01:02:07.000000;2016-04-20T01:02:07.173565;4702bba9-2e0a-4e6d-a907-89cd2be5a487;8.9802;21.94595808;SELL
2016-04-20T01:02:07.000000;2016-04-20T01:02:07.224566;2a9fa2ff-aa49-4373-9c56-4ac04a2176a7;8.9802;0.40319831;SELL
2016-04-20T01:02:09.000000;2016-04-20T01:02:09.076758;8d23f1c9-fee2-4e94-ba77-70ec08d4e68d;8.9397;1.50005048;SELL
2016-04-20T01:02:11.000000;2016-04-20T01:02:11.613997;536caf73-2ea2-4d1e-b0e7-7ec168f5d9cb;8.9397;0.17796095;SELL
2016-04-20T01:02:11.000000;2016-04-20T01:02:11.711007;2779e537-18a7-48b3-b4b7-52ff9a0cf891;8.9397;0.36623346;SELL
2016-04-20T01:02:11.000000;2016-04-20T01:02:11.729015;2a755da9-2871-4664-8ab4-18a319a79c09;8.9397;21.52638917;SELL
2016-04-20T01:02:11.000000;2016-04-20T01:02:12.075047;bfc187dc-a644-43d0-b8b4-124ae3f08d7e;8.9397;2.8077899;SELL
2016-04-20T01:02:11.000000;2016-04-20T01:02:12.117061;22a39860-5382-4a83-a575-9fca93714077;8.9397;0.4031983;SELL
2016-04-20T01:02:11.000000;2016-04-20T01:02:12.148070;453a6ad4-0c84-404a-abeb-4f7553bbab8c;8.9397;26.99131245;SELL
2016-04-20T01:02:11.000000;2016-04-20T01:02:12.157106;69f0389e-bd20-4912-aff5-00354be4f979;8.9397;18.02914778;SELL
2016-04-20T01:02:11.000000;2016-04-20T01:02:12.187059;dc6d94f7-0e5b-4007-8975-29af644acbe7;8.9397;14.35823545;SELL
2016-04-20T01:02:12.000000;2016-04-20T01:02:12.226054;1e622ae5-be12-4608-9155-279c202b82f3;8.9397;0.1770996;SELL
2016-04-20T01:02:12.000000;2016-04-20T01:02:12.257073;9e518a66-7eb7-4364-a18c-3b2616be84f2;8.9397;0.17790192;SELL
2016-04-20T01:02:12.000000;2016-04-20T01:02:12.327130;6a565fb8-3421-4600-98aa-8889ecd0cfaa;8.9397;18.02914778;SELL
2016-04-20T01:02:12.000000;2016-04-20T01:02:12.346072;aa7d786c-cd40-43f9-897d-54728bd42673;8.9397;21.52638917;SELL
2016-04-20T01:02:12.000000;2016-04-20T01:02:12.365075;cabf96c4-2bb1-4c72-a6cb-bacd7e4158d9;8.9397;26.99131245;SELL
2016-04-20T01:02:12.000000;2016-04-20T01:02:12.395114;3cd8b77a-6dda-49cb-aa9e-b1cedbee0fd2;8.9397;2.8077899;SELL
2016-04-20T01:02:12.000000;2016-04-20T01:02:12.433083;ec6d399a-d637-45b6-9546-418d2f1e7c60;8.9397;0.4031983;SELL
2016-04-20T01:02:12.000000;2016-04-20T01:02:12.573131;2b8bb1e5-ddf7-4736-a173-6d9799f98bcd;8.9397;13.75478912;SELL
2016-04-20T01:02:12.000000;2016-04-20T01:02:12.657147;622bf402-a1d3-4ff6-8253-c02ba540536e;8.9397;3.22002312;SELL
2016-04-20T01:02:12.000000;2016-04-20T01:02:12.823128;876cc114-1988-4993-bf0a-5a49ca4afbb1;8.9397;3.22002312;SELL
2016-04-20T01:02:14.000000;2016-04-20T01:02:14.680365;78707984-1272-4048-a1a2-c25ebcea1b42;8.9397;0.4031983;SELL
2016-04-20T01:02:17.000000;2016-04-20T01:02:17.298571;2670f5b6-94f0-4733-b52a-7c5d8f192d1d;8.9397;21.31748412;SELL
2016-04-20T01:02:17.000000;2016-04-20T01:02:17.363570;e0d78bcb-e57f-4706-9ed0-58007dd12404;8.9397;2.8077899;SELL
2016-04-20T01:02:17.000000;2016-04-20T01:02:17.463586;60e8f6fa-dd2b-4d6d-87c9-9f10198f9edd;8.9397;13.96758293;SELL
2016-04-20T01:02:20.000000;2016-04-20T01:02:20.472916;551d56fe-8753-475a-bc77-6cc03d336121;8.9899;21.52638917;BUY
2016-04-20T01:02:20.000000;2016-04-20T01:02:20.494903;b65642f7-4ff2-4e3b-8287-49b50b8610a8;8.99;4.92661555;BUY
2016-04-20T01:02:20.000000;2016-04-20T01:02:20.510887;653abb62-85e1-49a5-afcc-78c513b54607;8.99;0.10503312;BUY
2016-04-20T01:02:20.000000;2016-04-20T01:02:20.534920;8098d400-27b7-4d42-af55-29c84dc112c1;8.99;12.495064;BUY
2016-04-20T01:02:20.000000;2016-04-20T01:02:20.554909;21d1ba72-7a3c-4687-a501-d0a5abce68f5;8.99;3.96750899;BUY
2016-04-20T01:02:20.000000;2016-04-20T01:02:20.833923;ca74edb8-a304-40ad-b54e-fb61aacefe2b;8.99;9.8931256;SELL
2016-04-20T01:02:20.000000;2016-04-20T01:02:20.838955;ae992f30-2846-47b2-b32f-6f23055840e7;8.99;1.29040769;SELL
2016-04-20T01:02:20.000000;2016-04-20T01:02:20.853936;142af830-c00e-4312-9b6e-aa8867a6310a;8.99;0.16831404;SELL
2016-04-20T01:02:21.000000;2016-04-20T01:02:21.748015;9f0954b2-3e1b-4153-8e84-0ab2baf3c39a;8.99;1.29011467;SELL
2016-04-20T01:02:22.000000;2016-04-20T01:02:22.310068;89b2be7a-9b01-4140-b2b4-28a7e49fa57e;8.99;14.837498;SELL
2016-04-20T01:02:22.000000;2016-04-20T01:02:22.330090;91fc0b72-c6f5-473c-a4d1-319cce7d29a6;8.99;0.886522;SELL
2016-04-20T01:02:23.000000;2016-04-20T01:02:23.264185;7ebf90ed-57ff-4616-8f48-ab96a1e040a1;8.99;1.13615324;SELL
2016-04-20T01:02:24.000000;2016-04-20T01:02:24.694323;1aa6d20d-03be-4870-9536-f8c41b0ffe94;8.99;9.89087917;SELL
2016-04-20T01:02:24.000000;2016-04-20T01:02:24.721362;0dd5a049-7c26-4365-a5c7-1b9dca979741;8.99;0.14821138;SELL
2016-04-20T01:02:24.000000;2016-04-20T01:02:25.232360;faabc402-3ac4-4b27-927e-39b4cfdefa60;8.99;1.13628726;SELL
2016-04-20T01:02:24.000000;2016-04-20T01:02:25.269393;5fe0eb38-342f-4a80-acd0-97c12c38a1b9;8.99;1.29140608;SELL
2016-04-20T01:02:24.000000;2016-04-20T01:02:25.333374;d5a7e840-4990-49b6-85e1-5a9514303410;8.99;0.16827583;SELL
2016-04-20T01:02:25.000000;2016-04-20T01:02:25.681448;cd2ed8d6-5456-4346-b428-f4f92823566b;8.99;0.68087959;SELL
2016-04-20T01:02:25.000000;2016-04-20T01:02:25.744426;3ae0c9fe-3995-43fd-98a8-a2a06af5841d;8.99;1.29941349;SELL
2016-04-20T01:02:26.000000;2016-04-20T01:02:26.662517;d6e8adb4-cbaa-4dad-8a5f-cd641d990391;8.99;8.765144;SELL
2016-04-20T01:02:28.000000;2016-04-20T01:02:28.412688;e8f21e66-53da-42e2-a58d-bbed5179fd93;8.99;6.4793146;SELL
2016-04-20T01:02:28.000000;2016-04-20T01:02:28.435692;5ec81acd-310c-4668-8859-c52b4a111394;8.99;0.1675018;SELL
2016-04-20T01:02:28.000000;2016-04-20T01:02:28.445712;07d3e192-13be-4709-bd13-efe3bdcc44c4;8.99;7.35593724;SELL
2016-04-20T01:02:28.000000;2016-04-20T01:02:28.469705;fb95c64b-6fd7-468f-927c-fdc9b345931d;8.99;1.13628726;SELL
2016-04-20T01:02:28.000000;2016-04-20T01:02:28.538693;f9ce1c23-59a8-488a-b837-9e9b6001fbe0;8.99;0.16827583;SELL
2016-04-20T01:02:28.000000;2016-04-20T01:02:28.610700;855f57bc-ca45-4d41-b7c1-a1bad9b56ac8;8.99;5.22007684;SELL
2016-04-20T01:02:29.000000;2016-04-20T01:02:29.636813;8e5059ac-caf9-4454-8f01-d247dbaea185;8.99;1.29140608;SELL
2016-04-20T01:02:29.000000;2016-04-20T01:02:29.720817;37ccae33-fea9-4df9-89cc-4c7fd47c825f;8.99;3.51749511;SELL
2016-04-20T01:02:29.000000;2016-04-20T01:02:29.805818;f0c0fc18-6d78-4c8f-bd5b-99c7a834fd34;8.99;10.48832463;SELL
2016-04-20T01:02:30.000000;2016-04-20T01:02:30.152846;2a070c2c-9cf1-47c7-a607-a6abdd6e65bb;8.99;0.68087959;SELL
2016-04-20T01:02:30.000000;2016-04-20T01:02:30.229895;0f4494d1-554b-4bb8-8cca-a62116b6a40b;8.99;3.51841527;SELL
2016-04-20T01:02:30.000000;2016-04-20T01:02:30.383884;b11dbb7e-238a-4eb0-9c41-ce6b2eed0985;8.9998;10.48832463;BUY
2016-04-20T01:02:30.000000;2016-04-20T01:02:30.388906;5650192e-680f-43dd-a0de-176aec026823;8.9998;3.51749511;BUY
2016-04-20T01:02:30.000000;2016-04-20T01:02:30.441907;721d0e63-99e0-4557-a75d-f3b7e586c322;8.9999;3.52101613;SELL
2016-04-20T01:02:30.000000;2016-04-20T01:02:30.710915;27336698-773b-462d-b080-57f5d050401e;8.9999;3.51841527;SELL
2016-04-20T01:02:30.000000;2016-04-20T01:02:30.789924;e65ee791-2c5d-4ede-bdb6-a056a65d4dbb;8.9999;3.51749511;SELL
2016-04-20T01:02:30.000000;2016-04-20T01:02:30.841916;d83b573a-6644-4c60-a6f2-3a0274be0181;8.9999;8.8578054;SELL
2016-04-20T01:02:31.000000;2016-04-20T01:02:31.136951;7241bd4e-56a1-4f2f-a93d-0fd65111a31e;8.9999;1.248498;SELL
2016-04-20T01:02:33.000000;2016-04-20T01:02:33.884236;98cf64da-582d-4540-9c02-4677cfed27cb;8.9999;10.49882345;SELL
2016-04-20T01:02:34.000000;2016-04-20T01:02:34.228267;c223930c-a548-406d-b110-6ff9ca9b6234;8.9999;10.517549;SELL
2016-04-20T01:02:34.000000;2016-04-20T01:02:34.706312;40cbf5a4-355f-49f2-aa9f-0624f3d20594;8.9999;7.62796967;SELL
2016-04-20T01:02:34.000000;2016-04-20T01:02:34.748312;1c00d962-7151-414f-9a67-7645df5835d2;8.9999;0.99495257;SELL
2016-04-20T01:02:34.000000;2016-04-20T01:02:35.007349;6d6d5402-5fce-4424-8f76-b7105429107f;8.9999;0.12977642;SELL
2016-04-20T01:02:35.000000;2016-04-20T01:02:35.232374;c0700efd-c45a-4e8f-ab52-255a0e333dfc;8.9999;2.51332161;SELL
2016-04-20T01:02:35.000000;2016-04-20T01:02:35.328404;f5757f0b-2fd1-411d-be0c-fd3e5ee3cb39;8.9999;4.94390049;SELL
2016-04-20T01:02:35.000000;2016-04-20T01:02:35.509395;174a87d6-7ca1-4f50-9a72-fff155adfd78;8.9999;0.32782456;SELL
2016-04-20T01:02:35.000000;2016-04-20T01:02:35.598442;512643bf-4753-4db3-b68e-9f6af535e436;8.9999;0.64485658;SELL
2016-04-20T01:02:35.000000;2016-04-20T01:02:35.636405;6df70f3e-b837-4e01-a313-3bdbdd150e5c;8.9999;2.51332161;SELL
2016-04-20T01:02:36.000000;2016-04-20T01:02:36.432492;496150c3-662e-4d5a-8b28-c7828834ea0a;8.9999;10.48832424;SELL
2016-04-20T01:02:37.000000;2016-04-20T01:02:37.379581;3a22ba9c-5dc3-403b-ab15-3523efea6eb9;8.9999;2.51055645;SELL
2016-04-20T01:02:37.000000;2016-04-20T01:02:37.402597;1728c338-1bae-464d-9fe4-9c994785a030;8.9999;0.4570976;SELL
2016-04-20T01:02:37.000000;2016-04-20T01:02:37.411599;4046793f-b38e-4f6a-8b3f-6a09e998473d;8.9999;15.11595757;SELL
2016-04-20T01:02:37.000000;2016-04-20T01:02:37.416597;cd858aca-7c0c-496c-b9ce-9090814ae2a4;8.9999;1.97164663;SELL
2016-04-20T01:02:37.000000;2016-04-20T01:02:37.521603;f57cfd7f-45f3-412d-a136-cc602ce88c7e;8.9999;0.32815271;SELL
2016-04-20T01:02:37.000000;2016-04-20T01:02:37.708628;827edfdd-b2ab-4857-ab9b-9bfda2ffbb4d;8.9999;0.15811383;SELL
2016-04-20T01:02:37.000000;2016-04-20T01:02:37.726625;951e0fc5-4a28-42a1-adef-f196b440c551;8.9999;1.21220603;SELL
2016-04-20T01:02:37.000000;2016-04-20T01:02:37.769628;4a5cb0d6-e7eb-440a-90df-e73bf6c6aa92;8.9999;0.32745406;SELL
2016-04-20T01:02:37.000000;2016-04-20T01:02:38.139690;6910c65c-23f1-447d-aa4d-18c3403367b8;8.9999;9.29357963;SELL
2016-04-20T01:02:37.000000;2016-04-20T01:02:38.335674;779e6157-b2c0-4737-b6c1-ad1618e7d8b8;8.9999;1.97362025;SELL
2016-04-20T01:02:37.000000;2016-04-20T01:02:38.400682;5dc4f584-1350-4699-b78e-4b751450d2d6;8.9999;2.51306952;SELL
2016-04-20T01:02:37.000000;2016-04-20T01:02:38.418724;1ea7a241-4f86-41b5-893f-1628c29bb5a3;8.9999;0.32815271;SELL
2016-04-20T01:02:37.000000;2016-04-20T01:02:38.423696;6428eb59-983c-4bc8-8e85-259e9cc2ef14;8.9999;1.497041;SELL
2016-04-20T01:02:37.000000;2016-04-20T01:02:38.460689;beb05053-57e3-4ead-b3dd-5c0155841896;8.9999;1.97164663;SELL
2016-04-20T01:02:37.000000;2016-04-20T01:02:38.465712;4122fecb-b169-4435-b64a-49958cb19314;8.9999;14.50260435;SELL
2016-04-20T01:02:38.000000;2016-04-20T01:02:38.612700;76b07d41-db10-4ff5-92c1-917263f66ffc;8.9999;0.32781466;SELL
2016-04-20T01:02:38.000000;2016-04-20T01:02:38.628415;d97356a7-4a48-49a2-9a16-c3f9daad23e8;8.9999;0.32778184;SELL
2016-04-20T01:02:38.000000;2016-04-20T01:02:38.897788;61c7c25c-69a8-4635-b37c-3969d01ff3c3;8.9999;0.09206421;SELL
2016-04-20T01:02:39.000000;2016-04-20T01:02:40.051850;8fcd4b6c-a5b0-42a1-90f0-9acd5be18c9c;8.9999;0.45861157;SELL
2016-04-20T01:02:39.000000;2016-04-20T01:02:40.076882;5f302744-7f4a-4646-a611-716ff3fd1b68;8.9999;2.15738952;SELL
2016-04-20T01:02:39.000000;2016-04-20T01:02:40.203897;fa0f6762-d283-4d16-88ad-69bbc06afc9f;8.9999;0.45810709;SELL
2016-04-20T01:02:39.000000;2016-04-20T01:02:40.231876;af89b7c9-cc7a-4bbc-93f7-e5780f1a6d33;8.9999;0.32828599;SELL
2016-04-20T01:02:39.000000;2016-04-20T01:02:40.265909;5fc62724-37c8-4aff-83b9-cc124553c995;8.9999;0.32751989;SELL
2016-04-20T01:02:39.000000;2016-04-20T01:02:40.427878;57fb55d5-5a26-45a5-8765-57d594bf1c6c;8.9999;4.172258;SELL
2016-04-20T01:02:39.000000;2016-04-20T01:02:40.461922;ef83df5f-3d92-4a9b-84e8-b05b96e6bdbc;8.9999;10.104248;SELL
2016-04-20T01:02:39.000000;2016-04-20T01:02:40.530896;033fadc1-a467-409c-bb85-0d504dd1b914;8.9999;1.97144924;SELL
2016-04-20T01:02:40.000000;2016-04-20T01:02:40.641941;da2cea0d-9d8a-4c19-8b75-35c376bac827;8.9999;0.32742127;SELL
2016-04-20T01:02:40.000000;2016-04-20T01:02:40.692934;992134c5-b29b-43e5-b5bb-62b494bfddcb;8.9999;0.24965545;SELL
2016-04-20T01:02:40.000000;2016-04-20T01:02:40.777920;39a22dce-fdc7-49ea-a63e-125f038a38c8;8.9999;0.45861157;SELL
2016-04-20T01:02:42.000000;2016-04-20T01:02:42.555077;e0b69854-179f-4031-8392-56bb13e33273;8.9999;27.05548516;SELL
2016-04-20T01:02:42.000000;2016-04-20T01:02:42.858116;034bc26a-104c-4270-a372-94052577c8ff;8.9999;1.01833152;SELL
2016-04-20T01:02:42.000000;2016-04-20T01:02:42.899144;727c5f87-7137-4a7e-8d13-40c38f839102;8.9999;0.65530292;SELL
2016-04-20T01:02:42.000000;2016-04-20T01:02:42.994154;3aeecfb3-08a9-47bd-ab52-07cef366afdc;8.9999;0.91726945;SELL
2016-04-20T01:02:43.000000;2016-04-20T01:02:43.186189;5663d190-01c1-4e75-895b-9925b225c878;8.9999;2.51270302;SELL
2016-04-20T01:02:43.000000;2016-04-20T01:02:43.267169;07cd5f1f-045e-4cd9-8c7f-e457a215f1e2;8.9999;0.32818714;SELL
2016-04-20T01:02:43.000000;2016-04-20T01:02:43.289169;ba83634f-9299-45e6-8219-575ac76f32ba;8.9999;2.15738943;SELL
2016-04-20T01:02:43.000000;2016-04-20T01:02:43.503194;4cb957ac-e930-463b-b120-f8ce55ff9fce;8.9999;0.45863472;SELL
2016-04-20T01:02:44.000000;2016-04-20T01:02:44.180288;a4643614-8298-4110-9f19-384815b9f4f7;8.9999;2.13169477;SELL
2016-04-20T01:02:46.000000;2016-04-20T01:02:47.095547;792b4b03-937d-4bb9-9acf-c417970a94fa;8.9999;1.091271;SELL
2016-04-20T01:02:48.000000;2016-04-20T01:02:48.829736;1c6608b8-6f49-41ee-b49f-3e036941f404;8.9999;5.66929855;SELL
2016-04-20T01:02:48.000000;2016-04-20T01:02:48.858722;ce49d81f-1946-49ac-8ab1-be0c220214d6;8.9999;10.206673;SELL
2016-04-20T01:02:52.000000;2016-04-20T01:02:52.174065;a9f0f847-ed4b-479f-8a6c-5c651200ddf1;8.9999;1.52963769;SELL
2016-04-20T01:02:52.000000;2016-04-20T01:02:52.420087;51476057-96e2-44fd-a56f-ea4c9946e771;8.9999;0.19951793;SELL
2016-04-20T01:02:52.000000;2016-04-20T01:02:52.844133;d208f745-d889-4060-be8a-56a70c467f78;8.9999;0.27435;SELL
2016-04-20T01:02:53.000000;2016-04-20T01:02:53.149150;24a2b998-830d-48c0-9b4a-ef371331d8f3;8.9999;1.52963744;SELL
2016-04-20T01:02:54.000000;2016-04-20T01:02:54.496486;082c3c55-274a-44a2-b90d-5a9956777f82;8.9999;1.52963744;SELL
2016-04-20T01:02:54.000000;2016-04-20T01:02:54.523298;484b65b1-20ed-4f3d-a53b-f55fe124eb62;8.9999;1.52967231;SELL
2016-04-20T01:02:55.000000;2016-04-20T01:02:55.788628;dd44fdac-7227-4d88-b2c0-44b7eb5ee9cf;8.9999;0.71489344;SELL
2016-04-20T01:02:55.000000;2016-04-20T01:02:55.864418;7d056615-38c4-42fe-9713-21ebeea93494;8.9999;5.48084976;SELL
2016-04-20T01:02:55.000000;2016-04-20T01:02:55.951443;5cc48e8b-7896-41cc-8f4a-8cfd410e0e0d;8.9999;1.08986978;SELL
2016-04-20T01:02:56.000000;2016-04-20T01:02:56.053463;090fcb1d-91c3-4ec9-8ddd-88d68815ccde;8.9999;0.14215693;SELL
2016-04-20T01:02:56.000000;2016-04-20T01:02:56.074489;9280f2db-7b7e-48c2-84bd-26371a7f1943;8.9999;8.35566837;SELL
2016-04-20T01:02:56.000000;2016-04-20T01:02:56.743562;1d360fad-dc0f-47bf-8137-cd87990edf12;8.9999;13.90496386;SELL
2016-04-20T01:02:56.000000;2016-04-20T01:02:56.765509;5073647a-ecef-4d65-95ce-769c53481843;8.9999;6.1957427;SELL
2016-04-20T01:02:56.000000;2016-04-20T01:02:56.891545;cb20ac45-4bc9-43b5-b447-071462a561ac;8.9999;14.56597754;SELL
2016-04-20T01:02:56.000000;2016-04-20T01:02:56.928530;9be6b650-1a38-4421-b1d6-475d9bef3377;8.9999;1.81369094;SELL
2016-04-20T01:02:57.000000;2016-04-20T01:02:57.524635;33b40ff8-945c-4e91-90ca-348c1d0e0b2f;8.9999;13.91888275;SELL
2016-04-20T01:02:57.000000;2016-04-20T01:02:57.709635;cc623a7f-8570-41a6-9320-b116e367564d;8.9999;2.842834;SELL
2016-04-20T01:02:57.000000;2016-04-20T01:02:57.745615;c7231e02-7297-486a-b611-592b254a4af1;8.9999;13.13570797;SELL
2016-04-20T01:02:57.000000;2016-04-20T01:02:57.762618;b23405ba-ed51-4ee6-8599-e3823213b5da;8.9999;3.55004325;SELL
2016-04-20T01:02:58.000000;2016-04-20T01:02:58.524712;8b6cb548-281e-4878-9c6d-f7ff31592b5f;8.9999;6.19588393;SELL
2016-04-20T01:02:58.000000;2016-04-20T01:02:58.550687;a5de778f-09ef-4a22-96f1-637c258ac8e6;8.9999;1.36349293;SELL
2016-04-20T01:02:58.000000;2016-04-20T01:02:58.582706;adafa0a6-c9a3-44b1-9611-0052a557332d;8.9999;10.4534458;SELL
2016-04-20T01:02:59.000000;2016-04-20T01:02:59.413772;5be8114c-c64c-46de-8f40-0e37bc49b6db;8.9999;8.3640324;SELL
2016-04-20T01:02:59.000000;2016-04-20T01:02:59.459774;2f2617f3-b749-4c30-a202-cae296024aee;8.9999;1.36485779;SELL
2016-04-20T01:03:04.000000;2016-04-20T01:03:04.152274;0353d520-3a0f-4f5e-8723-32c6e469c4c0;8.9999;0.41069843;SELL
2016-04-20T01:03:04.000000;2016-04-20T01:03:04.173282;29c913b0-dc01-47a9-8e03-c9cc7047376d;8.9999;6.20208602;SELL
2016-04-20T01:03:05.000000;2016-04-20T01:03:05.212363;2b7cf1ef-b9e9-4981-9b3d-57dd53012121;8.9999;18.76141675;SELL
2016-04-20T01:03:05.000000;2016-04-20T01:03:05.288382;e1418239-0726-45ea-adea-20d914be531b;8.9999;2.44714168;SELL
2016-04-20T01:03:05.000000;2016-04-20T01:03:05.311377;8c753f0a-4b28-45cb-a93b-867065ff4220;8.9999;0.31919228;SELL
2016-04-20T01:03:05.000000;2016-04-20T01:03:05.688420;a4991a40-dfbe-49f0-a5d0-2dbab1c191f4;8.9999;12.84352215;SELL
2016-04-20T01:03:06.000000;2016-04-20T01:03:06.532485;99c15def-87ea-4c1b-951e-7d8d52b6d321;8.9999;3.14868802;SELL
2016-04-20T01:03:06.000000;2016-04-20T01:03:06.878526;56d7cce0-c3af-46e0-9d92-aeaf672a4858;8.9999;0.21141363;SELL
2016-04-20T01:03:07.000000;2016-04-20T01:03:07.928641;a1f504ca-9a24-44e8-b74f-36f888d37925;8.9999;1.62083787;SELL
2016-04-20T01:03:08.000000;2016-04-20T01:03:08.594712;d9e43e51-6168-4fb8-b8ff-393e7c42124a;8.9999;8.3640324;SELL
2016-04-20T01:03:08.000000;2016-04-20T01:03:08.695699;af68cfec-f1e3-4743-a6a7-6fd82b9bfcc7;8.9999;2.200328;SELL
2016-04-20T01:03:08.000000;2016-04-20T01:03:08.716721;b2fc2da7-6138-4e60-b908-ab9ac7fb13fe;8.9999;6.20208554;SELL
2016-04-20T01:03:09.000000;2016-04-20T01:03:09.653839;9ad73b12-c9cb-452f-b9dc-d1446cf9b9ae;8.9999;1.62083763;SELL
2016-04-20T01:03:09.000000;2016-04-20T01:03:09.836447;75c97c7c-0b0e-40ab-be15-e30e43e911b5;8.9999;7.46390971;SELL
2016-04-20T01:03:09.000000;2016-04-20T01:03:09.862830;9e1c2c32-3c25-406f-9339-c7745a139e78;8.9999;6.20829383;SELL
2016-04-20T01:03:10.000000;2016-04-20T01:03:10.203902;4114acbc-c769-474e-95ad-267969c83ef6;8.9999;7.46390971;SELL
2016-04-20T01:03:10.000000;2016-04-20T01:03:10.239871;a5d7ff62-7c91-4e5a-b3aa-69d556f28147;8.9999;1.36485779;SELL
2016-04-20T01:03:10.000000;2016-04-20T01:03:10.268858;e96384c6-bf60-4789-ba04-f8b245333056;8.9999;1.62246033;SELL
2016-04-20T01:03:10.000000;2016-04-20T01:03:10.275906;65cdddea-3706-4ca7-839e-bb3e93f350b7;8.9999;1.62246009;SELL
2016-04-20T01:03:10.000000;2016-04-20T01:03:10.942929;db4b0b0a-a33c-4d49-bbae-3372f46b84ed;8.9999;2.44714126;SELL
2016-04-20T01:03:11.000000;2016-04-20T01:03:11.216972;7a19a6ae-638d-4c29-8541-c2b6ce7edba5;8.9999;1.36485777;SELL
2016-04-20T01:03:11.000000;2016-04-20T01:03:11.233976;d281979a-c65b-4ed0-a7b8-a57b010ff9a8;8.9999;6.20829383;SELL
2016-04-20T01:03:11.000000;2016-04-20T01:03:11.338997;88608d16-f853-4413-b436-a0d114c16043;8.9999;6.20180282;SELL
2016-04-20T01:03:11.000000;2016-04-20T01:03:11.447023;a9188d4a-5023-4d75-a511-f664bf778b0c;8.9999;1.62245963;SELL
2016-04-20T01:03:11.000000;2016-04-20T01:03:11.697015;d463c98e-55db-4564-9fd5-94fc5e071167;8.9999;2.44959127;SELL
2016-04-20T01:03:11.000000;2016-04-20T01:03:11.706013;55571e3c-da68-48ca-b303-e2d4746e6891;8.9999;6.20801083;SELL
2016-04-20T01:03:11.000000;2016-04-20T01:03:11.894082;2789fa35-8e94-4178-8fbe-d2ff8bd8a611;8.9999;1.32916288;SELL
2016-04-20T01:03:11.000000;2016-04-20T01:03:11.966033;35ba6c53-039b-4b7d-b85e-751bffa08406;8.9999;6.20208554;SELL
2016-04-20T01:03:11.000000;2016-04-20T01:03:12.026038;44b69d9e-9995-44e3-b6dd-b390f0ce678d;8.9999;1.36622399;SELL
2016-04-20T01:03:12.000000;2016-04-20T01:03:12.702111;aa007ace-9647-4768-9d1a-419b4abfd712;8.9999;10.19442325;SELL
2016-04-20T01:03:12.000000;2016-04-20T01:03:12.750102;b03798d9-c079-4040-83e2-adccf5a334f2;8.9999;26.81508051;SELL
2016-04-20T01:03:12.000000;2016-04-20T01:03:12.750102;eb06094f-a140-472a-ac5d-11583587be39;8.9999;0.60778678;SELL
2016-04-20T01:03:13.000000;2016-04-20T01:03:13.082158;3e3d8fcb-71cd-419d-a286-0425ca8a8613;8.9999;18.76569328;SELL
2016-04-20T01:03:13.000000;2016-04-20T01:03:13.346194;3f9f3b2c-48e6-43ed-a803-524b2e361bf2;9.0;0.3;BUY
2016-04-20T01:03:15.000000;2016-04-20T01:03:15.219399;b969809f-80de-4dbd-9744-df305bc1292d;9.0;15.978542;SELL
2016-04-20T01:03:15.000000;2016-04-20T01:03:15.291379;839b6a7f-d96b-4dcd-a99e-eb0c5d97ae49;9.0;6.77137643;SELL
2016-04-20T01:03:15.000000;2016-04-20T01:03:15.499414;c2a6ce87-206b-43a4-a188-13a8c5a92da7;9.0;26.94092075;SELL
2016-04-20T01:03:18.000000;2016-04-20T01:03:18.820712;5b4a2a6b-5d9f-488e-95d5-2855b83c9d10;9.0;3.071452;SELL
2016-04-20T01:03:26.000000;2016-04-20T01:03:26.323523;95272686-16b9-4278-8e91-a18e343bf948;9.0;15.058673;SELL
2016-04-20T01:03:27.000000;2016-04-20T01:03:27.292828;2b9d02d1-8f1c-4053-9290-5937e3c3cda2;9.0;25.53258445;SELL
2016-04-20T01:03:29.000000;2016-04-20T01:03:29.045746;4af4f5e0-7682-47b1-a0c2-cabb5f18443b;9.0;0.24665104;SELL
2016-04-20T01:03:29.000000;2016-04-20T01:03:29.090800;05fc9eda-004a-4cbf-afd6-af3e7ceb181e;9.0;1.89099394;SELL
2016-04-20T01:03:31.000000;2016-04-20T01:03:31.985079;38818a2d-b2d8-4031-ae0a-708891195568;9.0;10.50966162;BUY
2016-04-20T01:03:31.000000;2016-04-20T01:03:31.991041;8c920132-0bf4-4c7e-8344-0235a3dad35a;9.0;1.37082572;BUY
2016-04-20T01:03:32.000000;2016-04-20T01:03:32.184707;6addee52-8c2a-4de0-aab0-8e409f5350ec;9.047;0.18733888;SELL
2016-04-20T01:03:35.000000;2016-04-20T01:03:35.363367;a76f825a-8be2-417c-8e11-fddee284d8ee;9.047;0.12937616;SELL
2016-04-20T01:03:35.000000;2016-04-20T01:03:35.972451;a5616fb6-0389-4ac8-89c4-aeb4b221effa;9.047;1.43626364;SELL
2016-04-20T01:03:35.000000;2016-04-20T01:03:35.988444;3300b8e8-b2af-4985-95d2-ae37b43228c7;9.047;7.60443944;SELL
2016-04-20T01:03:35.000000;2016-04-20T01:03:36.075487;74c9c612-65af-42cf-95cf-db5dce7fe94e;9.047;0.99188314;SELL
2016-04-20T01:03:35.000000;2016-04-20T01:03:36.165456;c299e35e-b610-4612-a208-c0f090948b17;9.047;7.60443944;SELL
2016-04-20T01:03:35.000000;2016-04-20T01:03:36.173488;651f59b7-4458-4a71-8779-e42df6e41776;9.047;1.43626364;SELL
2016-04-20T01:03:37.000000;2016-04-20T01:03:37.085555;0ff9558c-bd3a-450b-8eb3-3b672abc2bfd;9.047;1.37082572;SELL
2016-04-20T01:03:37.000000;2016-04-20T01:03:37.108550;ea9c89a2-03f4-4dff-b628-1a34845b67ef;9.047;0.24689794;SELL
2016-04-20T01:03:37.000000;2016-04-20T01:03:37.119589;92c02620-2510-4eea-bd8d-f48f60e674ac;9.047;1.88116958;SELL
2016-04-20T01:03:37.000000;2016-04-20T01:03:37.154550;15833f1f-1852-44f1-bfad-eb0afda2be71;9.047;10.50966162;SELL
2016-04-20T01:03:37.000000;2016-04-20T01:03:37.212670;ebd8aaf7-0531-4645-b143-84dcdb3ae5da;9.047;44.1374131;SELL
2016-04-20T01:03:37.000000;2016-04-20T01:03:37.243554;86dea241-8323-4321-9ca1-b477bc712f84;9.047;0.24536966;SELL
2016-04-20T01:03:37.000000;2016-04-20T01:03:37.323607;8595255f-0563-49f4-b524-190ad5f30c66;9.047;1.43626364;SELL
2016-04-20T01:03:37.000000;2016-04-20T01:03:37.571587;fc9fd5a2-542b-412b-9942-bbd1a9cfaa67;9.047;5.75705389;SELL
2016-04-20T01:03:38.000000;2016-04-20T01:03:38.099656;36f4ff55-b689-46dd-b202-43ca780f05aa;9.047;7.61205149;SELL
2016-04-20T01:03:38.000000;2016-04-20T01:03:38.181663;01257cc6-df46-4c45-a6aa-877078d87340;9.047;0.99287602;SELL
2016-04-20T01:03:38.000000;2016-04-20T01:03:38.193670;a4477490-32a5-4fc4-98bc-3de65b8a00ad;9.047;10.5201818;SELL
2016-04-20T01:03:38.000000;2016-04-20T01:03:38.218704;78f720fb-8f76-4df0-b0d2-e2d88a174ea9;9.047;17.46245161;SELL
2016-04-20T01:03:38.000000;2016-04-20T01:03:38.219708;b785ae77-84c4-4691-a16b-6ab120eaf8f7;9.047;26.67496166;SELL
2016-04-20T01:03:38.000000;2016-04-20T01:03:38.701359;d93902be-91a9-488a-9b14-b1b784d80941;9.047;10.45506268;SELL
2016-04-20T01:03:38.000000;2016-04-20T01:03:38.705193;b15411f3-a107-4866-b68c-d15a1ca15fde;9.047;0.12950567;SELL
2016-04-20T01:03:38.000000;2016-04-20T01:03:38.736722;03bbc354-d594-4ddc-afb7-3b04e40c93ab;9.047;5.7628167;SELL
2016-04-20T01:03:38.000000;2016-04-20T01:03:38.738721;a48bfe5c-0d6d-4a2d-92c2-810b603ab03a;9.047;0.12870403;SELL
2016-04-20T01:03:39.000000;2016-04-20T01:03:39.411821;fb267f13-a38f-4002-9b92-94c2ff325673;9.047;23.89504958;SELL
2016-04-20T01:04:57.000000;2016-04-20T01:04:57.061555;c6214de5-650e-4321-bbef-0e95324f63e2;8.975;5.7628167;SELL
2016-04-20T01:05:00.000000;2016-04-20T01:05:00.933938;aa248922-7227-48b9-9ae6-67388219b430;8.9986;0.12950567;BUY
2016-04-20T01:05:00.000000;2016-04-20T01:05:00.949926;7076a1e7-08b5-4ac6-bade-18b1a7566729;8.9986;10.46552821;BUY
2016-04-20T01:05:00.000000;2016-04-20T01:05:00.969946;7b1b274f-c228-45cc-b89b-ac747f134b89;8.9987;3.033852;BUY
2016-04-20T01:05:00.000000;2016-04-20T01:05:00.985927;65ef477f-f121-4433-ae2f-1e58140aa001;8.9987;8.818829;BUY
2016-04-20T01:05:00.000000;2016-04-20T01:05:00.990939;36d4b982-3393-4312-956a-41d96732ee10;8.999;1.097794;BUY
2016-04-20T01:05:00.000000;2016-04-20T01:05:00.999950;6060c3f8-b019-4dea-adec-1c975c0e4a44;8.999;0.919869;BUY
2016-04-20T01:05:00.000000;2016-04-20T01:05:01.001965;9861e731-2b17-4bae-90ad-2be05bb31cd0;9.0082;0.19557701;BUY
2016-04-20T01:05:00.000000;2016-04-20T01:05:01.015964;cf045844-2947-4da5-ab76-700cbb74434f;9.0082;0.19577278;BUY
2016-04-20T01:05:00.000000;2016-04-20T01:05:01.020954;10356b51-180e-45f3-a500-4226b662c0de;9.0082;17.50042786;BUY
2016-04-20T01:05:00.000000;2016-04-20T01:05:01.026949;b8216afe-63cd-4053-b4e9-176686c4b11f;9.0082;5.75705389;BUY
2016-04-20T01:05:00.000000;2016-04-20T01:05:01.027933;f8143349-5fd8-48be-9bdb-1a55d2994e88;9.0089;13.932731;BUY
2016-04-20T01:05:00.000000;2016-04-20T01:05:01.048950;9669fe57-c649-461e-865c-ef5c1fda58d0;9.046;18.135;BUY
2016-04-20T01:05:00.000000;2016-04-20T01:05:01.069473;2a1b7315-9d5a-46d3-8924-3a65c1a8a02c;9.047;4.47177054;BUY
2016-04-20T01:05:00.000000;2016-04-20T01:05:01.074950;91caee9c-cb83-4d18-a8de-fdcc324fa157;9.047;10.46385815;BUY
2016-04-20T01:05:00.000000;2016-04-20T01:05:01.075966;cb27232a-c15b-4d27-a248-926f0b2c9b04;9.047;17.37786098;BUY
2016-04-20T01:05:00.000000;2016-04-20T01:05:01.082343;082e4162-948a-4757-92ae-6925e1429532;9.047;26.55565122;BUY
2016-04-20T01:05:00.000000;2016-04-20T01:05:01.096951;288e2f18-c43c-4c37-8faf-0f17cd05df37;9.047;0.24103308;BUY
2016-04-20T01:05:02.000000;2016-04-20T01:05:02.715113;4f8b955f-ae1c-4e37-8319-b3b7561b1415;9.047;1.84610996;SELL
2016-04-20T01:05:02.000000;2016-04-20T01:05:02.763163;31f5b244-f455-4663-9389-9d5a70fe30a2;9.047;14.15350977;SELL
2016-04-20T01:05:02.000000;2016-04-20T01:05:02.807155;6f331066-642e-4b4a-842d-e5323bcf0d47;9.047;0.24079695;SELL
2016-04-20T01:05:03.000000;2016-04-20T01:05:03.685253;655ae72f-2826-43c6-bd36-6bc682f9f306;9.047;0.12938864;SELL
2016-04-20T01:05:03.000000;2016-04-20T01:05:03.716235;5cfe622e-7d07-47e0-bf2d-eec2cdf510b2;9.047;0.12870403;SELL
2016-04-20T01:05:03.000000;2016-04-20T01:05:03.753212;c6422bd9-b991-4063-a677-25d7076b1603;9.047;2.13820197;SELL
2016-04-20T01:05:03.000000;2016-04-20T01:05:03.777220;f6404b95-1659-4530-945e-acc1d35b2efa;9.047;16.39288391;SELL
2016-04-20T01:05:03.000000;2016-04-20T01:05:03.869224;66d13b10-944f-4818-915f-091be480dd62;9.047;0.27889582;SELL
2016-04-20T01:05:04.000000;2016-04-20T01:05:04.355262;bbea9a10-9574-4887-ba73-652a5add59a5;9.047;16.39288352;SELL
2016-04-20T01:05:04.000000;2016-04-20T01:05:04.410281;60b35f65-99cc-4d47-9101-b84d5c8b32c8;9.047;2.13820171;SELL
2016-04-20T01:05:04.000000;2016-04-20T01:05:04.881343;687cab35-9e91-42a9-8be6-cddcdc0971bf;9.047;0.12870403;SELL
2016-04-20T01:05:05.000000;2016-04-20T01:05:05.439373;80771ae2-35dc-4907-b97d-8f19ac2aaa02;9.047;16.39288391;SELL
2016-04-20T01:05:06.000000;2016-04-20T01:05:06.198460;1a65a9cd-c538-4bb6-aa5d-472cfa964192;9.047;2.13820197;SELL
2016-04-20T01:05:06.000000;2016-04-20T01:05:06.376481;beacaeb9-0555-4072-9a51-1705eb2c214d;9.047;44.0916;SELL
2016-04-20T01:05:07.000000;2016-04-20T01:05:07.135575;c017e3eb-bd05-420c-9444-33990f4f2c4b;9.047;2.13820197;SELL
2016-04-20T01:05:07.000000;2016-04-20T01:05:07.341567;56d07353-e79d-47ad-8120-1f66346ccd1c;9.047;0.27917499;SELL
2016-04-20T01:05:07.000000;2016-04-20T01:05:07.343566;dc292ab3-6df5-4e91-a5e8-6a525e37fe2a;9.047;16.4092932;SELL
2016-04-20T01:05:07.000000;2016-04-20T01:05:07.443581;e9183063-7b70-4e26-bc2f-dc0a881268b1;9.047;2.14034231;SELL
2016-04-20T01:05:07.000000;2016-04-20T01:05:07.724600;3bba80a5-f89f-401d-9145-d5a619f1c376;9.047;2.14034231;SELL
2016-04-20T01:05:07.000000;2016-04-20T01:05:07.770610;36663464-8ccd-4a2e-a90f-b993c389aa78;9.047;3.50574099;SELL
2016-04-20T01:05:07.000000;2016-04-20T01:05:07.869641;85d40699-8de1-42fb-8b3a-25ce33653a51;9.047;16.4092932;SELL
2016-04-20T01:05:07.000000;2016-04-20T01:05:07.906631;dea8ec98-12c5-4263-bcf3-2e7b0ae5a47e;9.047;0.45727056;SELL
2016-04-20T01:05:08.000000;2016-04-20T01:05:08.059656;a7cba154-4600-4eab-b25b-eb11e33e8282;9.047;16.4092932;SELL
2016-04-20T01:05:08.000000;2016-04-20T01:05:08.515689;e03dc98f-b6fe-4ccb-bbee-22ca6d2873f0;9.047;2.14034231;SELL
2016-04-20T01:05:09.000000;2016-04-20T01:05:09.250778;6eaa485a-acee-4853-8ebb-2394af0b5b64;9.047;16.4092932;SELL
2016-04-20T01:05:09.000000;2016-04-20T01:05:09.541834;2732ddf7-f1a8-46d2-94ea-6ec4c679ed06;9.047;11.61;SELL
2016-04-20T01:05:09.000000;2016-04-20T01:05:09.822827;1d30c596-cfa3-400e-b324-af72770aa3b0;9.047;2.79102218;SELL
2016-04-20T01:05:44.000000;2016-04-20T01:05:44.161251;c7808936-3828-4339-8292-93bb36ebaf30;8.9509;0.16427027;SELL
2016-04-20T01:05:56.000000;2016-04-20T01:05:56.961526;55b0ff46-4816-4ca6-9d7d-bfcbd33ad5c9;8.9806;1.923003;SELL
2016-04-20T01:06:12.000000;2016-04-20T01:06:12.084069;2a425460-c049-4448-8e52-14672760b1c7;8.9793;2.622203;SELL
2016-04-20T01:06:18.000000;2016-04-20T01:06:18.527702;2eb59c77-9ea0-443b-a25b-11d84000d97d;8.8816;11.20031069;SELL
2016-04-20T01:06:18.000000;2016-04-20T01:06:18.940726;5c9536ab-c3b2-4357-8127-7aaf1f6883de;8.882;89.73482009;SELL
2016-04-20T01:06:22.000000;2016-04-20T01:06:22.421079;219e7781-21cb-4401-91bd-828029084acd;8.972;7.298317;SELL
2016-04-20T01:06:29.000000;2016-04-20T01:06:29.411780;b7fbaa11-2d94-4d08-af11-3c79b2310590;8.9563;9.94066896;SELL
2016-04-20T01:06:30.000000;2016-04-20T01:06:30.065850;29049f95-71d9-431c-bdda-44666689b1bf;8.9563;14.45185261;SELL
2016-04-20T01:06:30.000000;2016-04-20T01:06:30.073855;b25f2b39-d29e-4f45-8c25-8ddee817a9ef;8.9563;1.88502425;SELL
2016-04-20T01:06:30.000000;2016-04-20T01:06:30.839915;991af6b0-b178-4f4c-9222-26f66e16a173;8.9563;12.01531717;SELL
2016-04-20T01:06:30.000000;2016-04-20T01:06:30.966951;f287bad3-8997-4acd-adcf-f9730443d2d8;8.9563;1.8151305;SELL
2016-04-20T01:06:30.000000;2016-04-20T01:06:31.029938;c15b9fa9-a840-4965-9b9c-acb14476356a;8.9563;1.56721528;SELL
2016-04-20T01:06:31.000000;2016-04-20T01:06:31.526982;0acfbc89-9ee1-4b3d-ab75-356feb1219b7;8.9563;1.56721523;SELL
2016-04-20T01:06:31.000000;2016-04-20T01:06:31.539002;b2928583-6bc5-4356-90a6-f9a198824bf4;8.9563;12.01531679;SELL
2016-04-20T01:06:31.000000;2016-04-20T01:06:31.556022;cb15881a-a576-4fd0-9b68-79efc25835e4;8.9563;1.56878406;SELL
2016-04-20T01:06:32.000000;2016-04-20T01:06:32.690102;92337693-60b9-48b4-af83-aab03ceaf1e2;8.9563;12.02734441;SELL
2016-04-20T01:06:34.000000;2016-04-20T01:06:34.773320;3330c3d6-8890-4005-bfd8-df3c3ac05627;8.9563;12.02734451;SELL
2016-04-20T01:06:39.000000;2016-04-20T01:06:39.946840;7d27edba-81ae-4121-8e18-31b6a69587f0;8.9715;14.40102218;BUY
2016-04-20T01:06:39.000000;2016-04-20T01:06:39.957835;1974d670-49a9-4ddd-a557-bc4be1cda1a5;8.9715;2.25885254;BUY
2016-04-20T01:06:39.000000;2016-04-20T01:06:39.966848;9b9e1cec-44d3-4d50-a42e-d40f92afc300;8.9715;5.51926659;BUY
2016-04-20T01:06:39.000000;2016-04-20T01:06:39.968821;7685c535-c14d-4af6-8bff-c821c4f3ea92;8.9715;12.01531717;BUY
2016-04-20T01:06:39.000000;2016-04-20T01:06:39.983867;fd13a5cd-f162-4278-92b8-d96fc207ccaa;8.9715;1.343287;BUY
2016-04-20T01:06:39.000000;2016-04-20T01:06:39.985844;d839e45e-7888-4b77-8361-5c9786739ba7;8.9715;17.31786947;BUY
2016-04-20T01:06:39.000000;2016-04-20T01:06:39.992846;1e494ba7-d7aa-4e13-b79f-c00edbabf29e;8.9715;2.622203;BUY
2016-04-20T01:06:39.000000;2016-04-20T01:06:39.994841;94a8f391-3bb9-45a1-bb91-1fd530e01997;8.9715;7.298317;BUY
2016-04-20T01:06:40.000000;2016-04-20T01:06:40.899933;94f73f4b-f03d-4f86-9073-7363da2f909c;8.9716;2.25885254;SELL
2016-04-20T01:06:40.000000;2016-04-20T01:06:40.912945;87b4f712-204f-4b8e-9cbe-3e04be243791;8.9716;1.343287;SELL
2016-04-20T01:06:41.000000;2016-04-20T01:06:41.174959;6947ffd3-0cb6-46b3-8a52-4d54695e2df0;8.9716;12.01531717;SELL
2016-04-20T01:06:41.000000;2016-04-20T01:06:41.497994;fb2fb0f1-9a17-43d3-b9e6-3b6ce50f01ec;8.9716;2.42019974;SELL
2016-04-20T01:06:41.000000;2016-04-20T01:06:41.519006;92203352-0646-41a9-a697-8d7de6e7bbd2;8.9716;18.55486463;SELL
2016-04-20T01:06:41.000000;2016-04-20T01:06:41.710136;e1fd78de-bd5f-49b6-aedb-4558dea1edd7;8.9716;1.23821938;SELL
2016-04-20T01:06:41.000000;2016-04-20T01:06:41.749051;99ece9b4-f0fe-4c24-8949-6912931fbce5;8.9716;9.49301523;SELL
2016-04-20T01:06:42.000000;2016-04-20T01:06:42.119081;a17d6ceb-4d4d-443b-b761-a92c24ade738;8.9716;7.37558917;SELL
2016-04-20T01:06:42.000000;2016-04-20T01:06:42.126082;01c3afc2-aef7-4564-89e8-45484caf8395;8.9716;0.96203321;SELL
2016-04-20T01:06:42.000000;2016-04-20T01:06:42.464109;1baedf0a-fd36-4505-854c-947a0159878e;8.9717;1.014;SELL
2016-04-20T01:06:42.000000;2016-04-20T01:06:42.477091;b17e4721-dca3-44eb-a27b-d4e7ed510658;8.9716;22.59931265;SELL
2016-04-20T01:06:42.000000;2016-04-20T01:06:42.713175;5d2d6641-ac96-4c17-9f69-b3e6eabcdcaa;8.9716;3.0799973;SELL
2016-04-20T01:06:43.000000;2016-04-20T01:06:43.899294;c3629fca-bf96-42d3-b589-bc0907b705ff;8.9716;1.23089973;SELL
2016-04-20T01:06:43.000000;2016-04-20T01:06:43.958269;302fa7a7-588b-46f8-b1b1-222e0e9b8f99;8.9716;9.4368979;SELL
2016-04-20T01:06:44.000000;2016-04-20T01:06:44.655300;ad4b620b-d2ee-4e16-9026-449b8d62d134;8.9716;10.66779729;SELL
2016-04-20T01:06:44.000000;2016-04-20T01:06:44.975350;0af6bc54-8440-4838-b2bf-da37c1587bcd;8.9716;1.23213186;SELL
2016-04-20T01:06:45.000000;2016-04-20T01:06:45.527448;8c995c29-926a-4f72-a71d-8770236198d6;8.9716;9.4368979;SELL
2016-04-20T01:06:45.000000;2016-04-20T01:06:45.548390;f70b262c-c1e6-4164-b435-a667f2a80f11;8.9716;1.23089973;SELL
2016-04-20T01:06:45.000000;2016-04-20T01:06:45.786414;5c216636-4c69-4b8f-b160-75f7803ed018;8.9716;0.72728225;SELL
2016-04-20T01:06:46.000000;2016-04-20T01:06:46.079441;ecfd67bc-024a-4f82-9114-a825d8e4e70b;8.9716;1.23213186;SELL
2016-04-20T01:06:46.000000;2016-04-20T01:06:46.108447;e46b3ffb-54ed-4473-9b59-8cfae90f4812;8.9716;18.8525231;SELL
2016-04-20T01:06:46.000000;2016-04-20T01:06:46.120446;aeac663a-dedb-4d4c-94e9-faf3ec23b600;8.9716;2.45902475;SELL
2016-04-20T01:06:46.000000;2016-04-20T01:06:46.778549;2ad7ee61-372e-4ba2-a2a2-82c6712e8ef0;8.9716;1.23213165;SELL
2016-04-20T01:06:46.000000;2016-04-20T01:06:46.811518;fd32d76c-43bd-4c6d-95a0-adfdd9ea3ec2;8.9716;42.31437717;SELL
2016-04-20T01:06:47.000000;2016-04-20T01:06:47.176558;662fc2b3-b8d1-4028-9450-4d20c74cc794;8.9716;5.88709124;SELL
2016-04-20T01:06:47.000000;2016-04-20T01:06:47.228558;5707f1f3-0dbf-4a22-b077-4355a7061e49;8.9716;0.76788147;SELL
2016-04-20T01:06:47.000000;2016-04-20T01:06:47.249144;c01fea32-c4f0-4925-bcac-848e26b4f23b;8.9716;1.23213186;SELL
2016-04-20T01:06:47.000000;2016-04-20T01:06:47.668613;d4dd42c7-2543-4c04-b0a2-1b5dcfae2fa8;8.9716;1.23218784;SELL
2016-04-20T01:06:47.000000;2016-04-20T01:06:47.715611;bf5c8e03-c837-4638-9af7-1636275092a6;8.9716;0.72800986;SELL
2016-04-20T01:06:47.000000;2016-04-20T01:06:47.721605;cea5b01f-d8a4-40e6-8023-598f1e804e37;8.9716;25.01546928;SELL
2016-04-20T01:06:47.000000;2016-04-20T01:06:47.910708;e3a18869-7e17-49c8-a5b2-59e42d353594;8.9716;3.26288728;SELL
2016-04-20T01:06:47.000000;2016-04-20T01:06:47.974638;6f7e2271-8475-4766-8784-8a8a9215fe17;8.9716;0.72801026;SELL
2016-04-20T01:06:47.000000;2016-04-20T01:06:48.159659;c8b84621-7206-4ef1-a7e5-0a60d05892dc;8.9716;0.76865012;SELL
2016-04-20T01:06:48.000000;2016-04-20T01:06:48.187874;fb311ea8-f357-4bb7-a48d-8a1a14471182;8.9716;1.23230022;SELL
2016-04-20T01:06:48.000000;2016-04-20T01:06:48.224691;54bc6fec-5a88-465d-b005-07a3566f9756;8.9716;5.88709116;SELL
2016-04-20T01:06:48.000000;2016-04-20T01:06:48.225658;710892da-dcac-4fdf-bff0-6a77bd96d085;8.9716;5.89298423;SELL
2016-04-20T01:06:49.000000;2016-04-20T01:06:49.763817;ceaee8c6-91f6-4194-ae0b-2b96640a3328;8.9716;2.84967337;SELL
2016-04-20T01:06:49.000000;2016-04-20T01:06:49.818855;303b3d7e-928e-4b3d-b0d6-7e488c1f20aa;8.9716;8.84621128;SELL
2016-04-20T01:06:49.000000;2016-04-20T01:06:49.880828;f1448aac-1e60-4e7d-b217-b8486aa9a3c3;8.9716;21.84749657;SELL
2016-04-20T01:06:49.000000;2016-04-20T01:06:49.977848;56d1e652-3968-49a3-a57b-0f8dc80de03d;8.9716;0.76877268;SELL
2016-04-20T01:06:49.000000;2016-04-20T01:06:50.027833;08eda1e6-566f-429c-9a8b-38c5d1c3e86f;8.9716;5.89298414;SELL
2016-04-20T01:06:50.000000;2016-04-20T01:06:50.690914;b4663bab-2ea5-44e5-b50a-bb9bf6ff976d;8.9782;21.84749657;BUY
2016-04-20T01:06:50.000000;2016-04-20T01:06:50.693947;60a25012-d02b-42ed-8f49-e968fb524343;8.9782;2.84967337;BUY
2016-04-20T01:06:50.000000;2016-04-20T01:06:50.720958;aa38ad10-655b-48bc-8a74-cf079ea2ca42;8.9782;8.84621128;BUY
2016-04-20T01:06:51.000000;2016-04-20T01:06:51.550991;0b32436c-6d6d-4a74-aa2f-1f64d0b2b6a3;8.9784;17.79926212;SELL
2016-04-20T01:06:51.000000;2016-04-20T01:06:51.560986;c0714e5c-426d-4481-9798-616fe4f092fb;8.9784;16.15755667;SELL
2016-04-20T01:06:51.000000;2016-04-20T01:06:51.615017;2a057961-b58b-4764-b025-8cf2bd19b362;8.9784;23.60845602;SELL
2016-04-20T01:06:51.000000;2016-04-20T01:06:51.817038;cc938ffd-3eee-4c34-9876-73b5b77e6044;8.9784;2.8525259;SELL
2016-04-20T01:06:51.000000;2016-04-20T01:06:51.963035;5c3ca7ab-9287-4dc1-96e5-49f130fb864f;8.9784;0.76865012;SELL
2016-04-20T01:06:51.000000;2016-04-20T01:06:52.035040;b2cf526c-531d-4ebf-b93f-dd4ee17a20c7;8.9784;24.18383462;SELL
2016-04-20T01:06:52.000000;2016-04-20T01:06:52.081079;07ff1e4e-21b5-4f5c-9ec7-218584d062e4;8.9784;25.70167462;SELL
2016-04-20T01:06:53.000000;2016-04-20T01:06:53.309164;e037fa90-95d1-4d0b-a146-c393252f9c4d;8.9784;7.808531;SELL
2016-04-20T01:06:54.000000;2016-04-20T01:06:54.119252;ba66ad0d-18dc-473b-a5c2-6b61b5419f68;8.9784;27.00573455;SELL
2016-04-20T01:06:54.000000;2016-04-20T01:06:54.135249;62245a85-af7b-4661-b868-75a6ef75c1fc;8.9784;26.82693335;SELL
2016-04-20T01:06:54.000000;2016-04-20T01:06:54.144256;308b5d29-e5ec-46eb-ba4f-2e3e00cd9a80;8.9784;4.41721969;SELL
2016-04-20T01:06:54.000000;2016-04-20T01:06:54.570299;0d58d2a5-80f6-429c-827d-8a14ac023830;8.9784;11.91086658;SELL
2016-04-20T01:06:56.000000;2016-04-20T01:06:56.408476;f4544f60-7825-4fa0-b1e5-868ae10730cc;8.9784;4.41721969;SELL
2016-04-20T01:06:56.000000;2016-04-20T01:06:56.867532;017aec16-2ced-42bf-adfc-2b9f2a7d7764;8.9784;11.91086658;SELL
2016-04-20T01:06:57.000000;2016-04-20T01:06:57.290560;7f245226-d39c-4e51-ba12-311d31a58698;8.9784;27.00573455;SELL
2016-04-20T01:07:01.000000;2016-04-20T01:07:01.478003;d48dff88-afd4-4bc5-9711-e112651f6873;8.9784;4.05942816;SELL
2016-04-20T01:07:02.000000;2016-04-20T01:07:02.444085;f1ca4327-35f5-47a0-88f1-533f3d16c61f;8.9784;0.5294906;SELL
2016-04-20T01:07:06.000000;2016-04-20T01:07:06.818514;c8d74fc9-be7c-4474-9c1c-9e0520735091;8.9784;17.90252478;SELL
2016-04-20T01:07:07.000000;2016-04-20T01:07:07.107579;93449b92-1f4b-4aed-ac3c-a3a161ff4c9e;8.9784;17.90252492;SELL
2016-04-20T01:07:07.000000;2016-04-20T01:07:07.225550;f1794732-874d-42c1-ad60-05154d88aeb9;8.9784;11.04786957;SELL
2016-04-20T01:07:09.000000;2016-04-20T01:07:09.717157;34b8ef75-b302-405b-8cbf-a519562953fd;8.9784;0.76032879;SELL
2016-04-20T01:07:09.000000;2016-04-20T01:07:09.753820;13af0549-ec5c-4a0b-aeb9-dbdfefb5dae5;8.9784;44.69043771;SELL
2016-04-20T01:07:09.000000;2016-04-20T01:07:09.811826;210441e1-7145-4953-93d3-0dcf34a3a92d;8.9784;5.82918757;SELL
2016-04-20T01:07:11.000000;2016-04-20T01:07:11.712044;2019c284-4777-4e77-a1cc-ad77f01cc912;8.9784;3.80601074;SELL
2016-04-20T01:07:11.000000;2016-04-20T01:07:11.726010;f9b814ee-1e63-4d72-b75d-b7951a9762be;8.9784;29.1794158;SELL
2016-04-20T01:07:11.000000;2016-04-20T01:07:11.840006;0bae4778-4625-4913-866a-cff6f3e3165c;8.9784;0.49643618;SELL
2016-04-20T01:07:12.000000;2016-04-20T01:07:12.578115;82961c43-d6f8-4d24-8480-933341d946ed;8.9784;1.98020331;SELL
2016-04-20T01:07:12.000000;2016-04-20T01:07:12.653112;7da158fd-7bc8-4574-a69e-603b0e8e6a90;8.9784;15.18155874;SELL
2016-04-20T01:07:14.000000;2016-04-20T01:07:14.404283;ebb38967-b817-4dc0-ab53-0c09539b7825;8.9784;25.39333995;SELL
2016-04-20T01:07:14.000000;2016-04-20T01:07:14.808313;5eefecc8-5ce2-4a58-be9f-9baaca388bb4;8.9784;3.31217477;SELL
2016-04-20T01:07:15.000000;2016-04-20T01:07:15.414383;eb7095bf-a45c-4d30-ade0-343894cd8363;8.9784;2.35116468;SELL
2016-04-20T01:07:15.000000;2016-04-20T01:07:15.416378;25b13e75-35da-467d-8967-59b3f6051fe5;8.9784;26.82825098;SELL
2016-04-20T01:07:15.000000;2016-04-20T01:07:15.491384;bd655040-b18f-42bf-8666-ffe145a6f084;8.9784;1.3293111;SELL
2016-04-20T01:07:15.000000;2016-04-20T01:07:15.505839;46ab271e-6577-4f91-9a20-72de4034cc4a;8.9784;30.0;SELL
2016-04-20T01:07:15.000000;2016-04-20T01:07:15.509407;b9c0d150-61aa-4bd2-9788-b8c26adec07d;8.9784;10.19138517;SELL
2016-04-20T01:07:16.000000;2016-04-20T01:07:16.208480;e0b7ca75-584a-4d05-8cef-0d9ae87b342e;8.9784;37.53826963;SELL
2016-04-20T01:07:16.000000;2016-04-20T01:07:16.347467;b69731dc-743f-4520-8002-bbf2fd9e6a19;8.9784;10.20158676;SELL
2016-04-20T01:07:16.000000;2016-04-20T01:07:16.409475;f2a1d8bc-d4ae-4057-b4d2-02186385c9c0;8.9784;4.89629618;SELL
2016-04-20T01:07:17.000000;2016-04-20T01:07:17.197573;2f8a3033-ae47-4afc-9105-78f38a161eb8;8.9784;3.14594672;SELL
2016-04-20T01:07:17.000000;2016-04-20T01:07:17.364610;6a0a8ec2-ecaa-47ff-8539-7ceec0051e02;8.9784;24.1200127;SELL
2016-04-20T01:07:18.000000;2016-04-20T01:07:18.145666;90c0795a-9ca9-4da8-a293-73f89f94bfd6;8.9784;16.187153;SELL
2016-04-20T01:07:18.000000;2016-04-20T01:07:19.011749;98f275ff-fa67-4693-8bc9-ceacc6fa7dac;8.9784;0.5962898;SELL
2016-04-20T01:07:18.000000;2016-04-20T01:07:19.044749;2a7b48db-7317-4d70-a3be-73e1385239b4;8.9784;35.04966098;SELL
2016-04-20T01:07:18.000000;2016-04-20T01:07:19.065736;83b055ef-8ce0-42f7-80a8-e2c5c7902089;8.9784;4.57155274;SELL
2016-04-20T01:07:20.000000;2016-04-20T01:07:20.799951;c3e6e81f-a6fd-40c4-908f-fcd4e78c24be;8.9784;22.56924068;SELL
2016-04-20T01:07:20.000000;2016-04-20T01:07:20.824912;e5c8d0f0-34dd-4c7d-bd88-93392b723676;8.9784;2.943814;SELL
2016-04-20T01:07:22.000000;2016-04-20T01:07:22.327093;888d14b1-6827-4f3c-b096-91866b3b344b;8.9784;7.50010633;SELL
2016-04-20T01:07:22.000000;2016-04-20T01:07:22.355532;b8df4ac4-e735-4fe1-be6e-5eb9ddcd5b86;8.9784;0.97827473;SELL
2016-04-20T01:07:22.000000;2016-04-20T01:07:22.412132;d59c71bd-0a54-4f2f-b294-5d7776b71e3f;8.9784;0.219991;SELL
2016-04-20T01:07:23.000000;2016-04-20T01:07:23.460190;39efb916-1127-4ddf-8d8d-c7f6b2c80571;8.9784;1.31412095;SELL
2016-04-20T01:07:23.000000;2016-04-20T01:07:23.596219;0623f670-eabf-44a9-9922-542b70ecf49f;8.9784;2.9438137;SELL
2016-04-20T01:07:23.000000;2016-04-20T01:07:23.712221;39ebd148-b71d-4cae-8f1c-31c15f1e599a;8.9784;2.9438137;SELL
2016-04-20T01:07:23.000000;2016-04-20T01:07:23.782232;d1822401-109f-495f-b3a0-861befbe5df8;8.9784;10.07492728;SELL
2016-04-20T01:07:24.000000;2016-04-20T01:07:24.031241;16e2e92c-ddc7-4740-9f67-e212e4ad2ac6;8.9784;1.95085669;SELL
2016-04-20T01:07:24.000000;2016-04-20T01:07:24.047237;e771050e-62be-4a58-9866-ad310168187e;8.9784;14.95656798;SELL
2016-04-20T01:07:26.000000;2016-04-20T01:07:26.048458;20720187-04ad-429d-81b2-20f1f4fb923e;8.9784;46.18433618;SELL
2016-04-20T01:07:26.000000;2016-04-20T01:07:26.068451;50a72042-2844-44ae-a229-815bbca75777;8.9784;16.92434902;SELL
2016-04-20T01:07:26.000000;2016-04-20T01:07:26.083439;c7f699a8-795f-4e9e-8243-430595f77e4a;8.9784;6.02404384;SELL
2016-04-20T01:07:26.000000;2016-04-20T01:07:26.092450;47affa2b-7541-4025-bad2-74046d556129;8.9784;1.95085641;SELL
2016-04-20T01:07:28.000000;2016-04-20T01:07:28.746700;62e4d23e-05b1-4b98-b5a3-9c07ce14671d;8.9784;2.53111896;SELL
2016-04-20T01:07:29.000000;2016-04-20T01:07:29.636811;02530ba4-2523-40bb-b27e-94b06a194296;8.9784;4.38731549;SELL
2016-04-20T01:07:29.000000;2016-04-20T01:07:29.684815;070e176f-ecac-472d-a227-7b22b7a61aa0;8.9784;33.63608544;SELL
2016-04-20T01:07:31.000000;2016-04-20T01:07:31.888078;0a0a76e0-c5e6-4d4b-83f9-8a355810b4ee;8.9784;16.68524225;SELL
2016-04-20T01:07:31.000000;2016-04-20T01:07:31.911040;cddc9f31-fa1f-43da-ba01-5cf2347bd635;8.9784;2.17633594;SELL
2016-04-20T01:07:31.000000;2016-04-20T01:07:31.983069;8b409b59-4cf8-467f-9451-7bcb01a20666;8.9784;19.40524532;SELL
