time_exchange;time_coinpai;guid;price;base_amount;taker_side
2016-04-23T00:04:44.000000;2016-04-23T00:04:44.132949;def18ddc-badf-420c-8452-fdc5ee1d0343;7.909;33.0;BUY
2016-04-23T00:07:54.000000;2016-04-23T00:07:54.518021;42466b9d-3a34-4c9b-b54c-cd7d65a059a6;7.9;6.55831568;SELL
2016-04-23T00:08:04.000000;2016-04-23T00:08:04.502005;95f1a8ee-8c2e-405c-bc73-dd4d4304cd78;7.9;6.55831568;SELL
2016-04-23T00:08:40.000000;2016-04-23T00:08:40.560609;8f27ec0f-92ac-4084-b496-de1e3089a4dc;7.909;33.1317;BUY
2016-04-23T00:08:40.000000;2016-04-23T00:08:40.566611;a6722381-e720-4331-b1a6-36a1cf9de738;7.91;4.90843073;BUY
2016-04-23T00:08:44.000000;2016-04-23T00:08:44.813013;55eed22a-6978-41ee-9f2d-f02b5127b684;7.91;1.95986927;SELL
2016-04-23T00:09:19.000000;2016-04-23T00:09:19.423180;65859601-2008-419b-a826-7cc02440e092;7.91;1.95986927;BUY
2016-04-23T00:09:27.000000;2016-04-23T00:09:28.009013;554771fc-dab5-481c-ae93-534d97654772;7.91;1.04013073;SELL
2016-04-23T00:10:05.000000;2016-04-23T00:10:05.625750;148ef69d-34ca-4dc1-8cf8-ce6420661860;7.9998;0.123946;BUY
2016-04-23T00:10:05.000000;2016-04-23T00:10:05.637810;913375e8-f357-47c8-a277-e654e61a057b;7.9998;0.123946;BUY
2016-04-23T00:10:05.000000;2016-04-23T00:10:05.638762;8413fe22-cd25-48eb-8c39-d6d9267c8bd7;7.9998;0.252108;BUY
2016-04-23T00:10:38.000000;2016-04-23T00:10:38.968091;51eaf66b-3ed9-4d59-b880-4adb1a5ca07e;7.999;5.0;BUY
2016-04-23T00:11:18.000000;2016-04-23T00:11:18.405049;98694659-a0d3-43db-9641-1b502d63c90f;7.999;0.5;BUY
2016-04-23T00:11:51.000000;2016-04-23T00:11:51.247329;0fc82896-4b97-435c-b6d0-f12658c985e5;7.9;3.3;SELL
2016-04-23T00:12:11.000000;2016-04-23T00:12:11.737376;0e6584e9-87f2-411a-a4e9-a993317e4266;7.9;4.5;SELL
2016-04-23T00:12:12.000000;2016-04-23T00:12:12.396444;8ade465d-53e0-4ac2-94f0-924da0de6340;7.95;1.0;SELL
2016-04-23T00:12:15.000000;2016-04-23T00:12:15.791811;b798a8c3-4fb9-4bb9-a9a8-413e67d9ffd3;7.95;1.0;BUY
2016-04-23T00:12:18.000000;2016-04-23T00:12:18.432050;85d31e8c-1206-41b4-ba98-5c6898241116;7.88;1.0;SELL
2016-04-23T00:12:19.000000;2016-04-23T00:12:19.837180;ddc6f215-35d5-4c99-80cc-88eb4f9a0995;7.88;5.7484937;SELL
2016-04-23T00:12:22.000000;2016-04-23T00:12:22.599481;32257818-7df2-43cb-9208-e386a9a058bd;7.88;3.2515063;SELL
2016-04-23T00:12:53.000000;2016-04-23T00:12:54.028607;53a88308-00f0-48fc-baab-aaed24ab5d49;7.88;2.4969874;BUY
2016-04-23T00:12:53.000000;2016-04-23T00:12:54.032615;7ec62b27-e665-4ed5-a49d-ed9dc0f53182;7.88;3.2515063;BUY
2016-04-23T00:14:29.000000;2016-04-23T00:14:29.984226;9b07816c-fa28-4fde-b556-2fade1152539;7.9489;0.5;BUY
2016-04-23T00:15:12.000000;2016-04-23T00:15:12.457451;76777377-76c2-441e-912a-3f44d9da0b50;7.9483;0.5;BUY
2016-04-23T00:15:33.000000;2016-04-23T00:15:33.731577;8da64d45-22d8-40df-bc36-c37ee7a5d023;7.9479;0.5;BUY
2016-04-23T00:16:14.000000;2016-04-23T00:16:14.396639;6d61ffd4-d8c4-4702-b4ec-fae2bfba8f7c;7.86;0.7212311;SELL
2016-04-23T00:16:17.000000;2016-04-23T00:16:17.041923;d621e18b-46f0-4d1d-ba63-49cd01393e2d;7.86;0.95495658;SELL
2016-04-23T00:18:51.000000;2016-04-23T00:18:51.062291;5b18c188-dfc9-4af1-a10b-49c0733b91c4;7.9457;0.5;BUY
2016-04-23T00:18:51.000000;2016-04-23T00:18:51.067321;285e0389-02eb-4fc5-96e5-7888b02f196a;7.9457;0.5;BUY
2016-04-23T00:18:55.000000;2016-04-23T00:18:55.379743;e7c8e9d6-58e3-4abd-9a49-80cad1a917c3;7.9457;1.0;BUY
2016-04-23T00:18:55.000000;2016-04-23T00:18:55.379743;7c7d12ab-65e8-43d4-a614-202e77927ec9;7.9457;4.0;BUY
2016-04-23T00:35:55.000000;2016-04-23T00:35:56.001958;45456ec6-d442-4396-b34a-3193bb054b98;7.841;1.0;SELL
2016-04-23T00:38:51.000000;2016-04-23T00:38:51.159470;d2c66431-fe01-4f46-96b6-be1e1e06bf8e;7.841;2.57991466;SELL
2016-04-23T00:38:51.000000;2016-04-23T00:38:51.185464;6719beb7-69b6-4849-b39f-845f58e022b5;7.841;19.77934575;SELL
2016-04-23T00:38:51.000000;2016-04-23T00:38:51.389488;9948e345-f2fe-4b82-a53c-02b30664022e;7.841;0.33651061;SELL
2016-04-23T00:38:51.000000;2016-04-23T00:38:52.045546;223fdd38-e48e-4d2a-b322-8662b460098e;7.841;4.45564727;SELL
2016-04-23T00:38:52.000000;2016-04-23T00:38:52.489583;d47eb3bc-76f8-4b89-b265-1aa81080f872;7.841;0.58117138;SELL
2016-04-23T00:38:52.000000;2016-04-23T00:38:52.776643;007eb44c-a82b-4c3b-b07a-804d519ec37d;7.841;0.33651061;SELL
2016-04-23T00:38:53.000000;2016-04-23T00:38:53.250672;0972e869-b735-4b61-8cd1-c8b5b2265375;7.841;4.45564727;SELL
2016-04-23T00:38:53.000000;2016-04-23T00:38:53.523728;655afd3d-a6da-4daa-969e-4f8ae94150fc;7.841;0.58117138;SELL
2016-04-23T00:38:53.000000;2016-04-23T00:38:53.587706;0cd7a8c9-ad75-4e46-8913-83933077641a;7.841;4.45564727;SELL
2016-04-23T00:46:37.000000;2016-04-23T00:46:37.949609;40ea4d72-0344-40ea-a271-fc215cc0c635;7.8407;2.54078283;SELL
2016-04-23T00:46:44.000000;2016-04-23T00:46:44.168225;9bc539bd-0ced-45af-b54c-89773290293f;7.84;3.62718318;SELL
2016-04-23T00:46:47.000000;2016-04-23T00:46:47.637594;92bcbf92-4639-4bb2-ad87-194624709edb;7.84;3.62718318;SELL
2016-04-23T00:46:50.000000;2016-04-23T00:46:51.056905;d39423dc-e1fd-46e5-b3df-608f19115325;7.84;3.62718318;SELL
2016-04-23T00:46:53.000000;2016-04-23T00:46:53.417134;6059d4e0-0a22-4983-8ed3-a7232670d699;7.84;3.67639869;SELL
2016-04-23T00:46:56.000000;2016-04-23T00:46:56.968530;9299ca4c-8743-40ef-ade0-9d3fd1cac342;7.84;3.67639869;SELL
2016-04-23T00:46:58.000000;2016-04-23T00:46:59.024703;7b4834da-60c2-4587-b56d-2c0492e7a76f;7.84;3.67639869;SELL
2016-04-23T00:47:02.000000;2016-04-23T00:47:02.471052;ab2719b9-4231-46ce-b5c3-6201859f6408;7.84;3.67639869;SELL
2016-04-23T00:47:05.000000;2016-04-23T00:47:05.351324;e368bf65-101b-4c36-901f-96020eba88b0;7.84;4.02090721;SELL
2016-04-23T00:47:09.000000;2016-04-23T00:47:09.413755;598dd67a-f586-4947-a1b5-a02fe6c24478;7.84;4.02090721;SELL
2016-04-23T00:47:13.000000;2016-04-23T00:47:13.860182;2650707e-166f-49f1-b739-ea4afce834f7;7.84;5.44815681;SELL
2016-04-23T00:47:15.000000;2016-04-23T00:47:15.197328;f594f677-c48b-4940-be8d-8d2556c5168c;7.84;1.499448;SELL
2016-04-23T00:47:15.000000;2016-04-23T00:47:16.048406;ead7a5fa-b7a9-4d93-8f49-2099a8e878d3;7.84;9.42343647;SELL
2016-04-23T00:47:16.000000;2016-04-23T00:47:16.348424;87c1c7f9-6bd1-4196-975f-9d379c5ef4ae;7.8406;2.54078283;BUY
2016-04-23T00:47:18.000000;2016-04-23T00:47:18.347643;dd434509-b973-4287-a306-1329f1c4f932;7.807;1.41032606;SELL
2016-04-23T00:47:18.000000;2016-04-23T00:47:18.540683;3b5ab918-dec6-4d57-8d21-0564ab688f12;7.807;1.41032606;SELL
2016-04-23T00:47:18.000000;2016-04-23T00:47:18.856707;6cb5c704-f1b1-4ea9-8753-5501489577be;7.807;1.41032606;SELL
2016-04-23T00:47:22.000000;2016-04-23T00:47:22.121070;7647c1f5-784b-4dda-8baf-a8b8d987d50f;7.807;1.49704792;SELL
2016-04-23T00:48:16.000000;2016-04-23T00:48:16.532441;3aacfd06-ce06-4f38-b6a1-e72d12bf6bec;7.8375;1.4970479;BUY
2016-04-23T00:48:16.000000;2016-04-23T00:48:16.533505;54e4a6c6-1089-42da-a5fd-99ce15488d03;7.8376;2.53824205;BUY
2016-04-23T00:48:16.000000;2016-04-23T00:48:16.544443;dea6eecc-fab1-4197-b438-f041e56da718;7.84;5.44815681;BUY
2016-04-23T00:48:16.000000;2016-04-23T00:48:16.564458;99609044-60eb-42ad-8ea3-f0c1fd84b3da;7.84;5.44815681;BUY
2016-04-23T00:48:16.000000;2016-04-23T00:48:16.564458;f5a93153-746f-49fd-91c8-256b89d3912f;7.8407;2.54078283;BUY
2016-04-23T00:48:23.000000;2016-04-23T00:48:23.827251;457160fa-53b1-4647-b22c-b9467bdeef01;7.8373;1.4970479;BUY
2016-04-23T00:48:37.000000;2016-04-23T00:48:37.866613;3e2d112c-2d6b-40b3-8d3d-9560a15bc144;7.8368;1.4970479;BUY
2016-04-23T00:51:45.000000;2016-04-23T00:51:45.677369;66bbd1a1-3c29-4d88-bcf8-c817f35dd49a;7.865;22.54245971;SELL
2016-04-23T00:51:45.000000;2016-04-23T00:51:45.691421;12d4d933-37a9-426a-8187-ed47e3d0e856;7.865;1.4970479;SELL
2016-04-23T00:51:45.000000;2016-04-23T00:51:45.702380;5469568c-2e32-4be4-a630-b0ae51080ae9;7.865;2.94032083;SELL
2016-04-23T00:51:46.000000;2016-04-23T00:51:46.534462;68fe0aaa-f75c-446e-bd92-cf643867e48b;7.865;0.92447921;SELL
2016-04-23T00:51:46.000000;2016-04-23T00:51:46.560485;b12ac4c4-d832-4125-a869-431376d508db;7.865;7.08767395;SELL
2016-04-23T00:51:49.000000;2016-04-23T00:51:49.767777;72470477-c77f-49a3-8b11-93e9ece2364c;7.865;0.9923387;SELL
2016-04-23T00:51:51.000000;2016-04-23T00:51:51.287937;333fbda9-7dc6-4b95-8ec2-6c6c0d354a27;7.9108;51.54403861;SELL
2016-04-23T00:51:52.000000;2016-04-23T00:51:52.390028;29b187ab-ba11-46a6-9bea-974df0fff821;7.9108;6.10549816;SELL
2016-04-23T00:51:52.000000;2016-04-23T00:51:52.536053;6d1deca3-99a0-4e18-a585-d84ac7f94c40;7.9108;0.59676067;SELL
2016-04-23T00:51:53.000000;2016-04-23T00:51:53.418143;7a141e62-b0f2-42c7-81ab-6ff3388613d0;7.9108;4.051965;SELL
2016-04-23T00:51:53.000000;2016-04-23T00:51:54.014203;1a15abdf-5707-41b6-add9-255666413dd1;7.9108;50.175228;SELL
2016-04-23T00:51:54.000000;2016-04-23T00:51:54.446245;af1f4756-f15e-4975-bebe-18a20f34a3fb;7.9108;0.22604393;SELL
2016-04-23T00:51:54.000000;2016-04-23T00:51:54.528278;868909d5-cfbc-42fe-8347-19bb2d229cf8;7.9108;1.057875;SELL
2016-04-23T00:51:54.000000;2016-04-23T00:51:54.541241;60ec4202-8fb8-4800-8a6c-43c2c68d550f;7.9108;1.7330035;SELL
2016-04-23T00:51:54.000000;2016-04-23T00:51:54.912294;54e0da5d-8d9e-4247-9a30-b90894c90fc1;7.9108;83.121465;SELL
2016-04-23T00:51:56.000000;2016-04-23T00:51:56.639477;1fd39e48-fb0d-4411-b40d-cdb36e26d94e;7.9108;17.10693886;SELL
2016-04-23T00:51:57.000000;2016-04-23T00:51:57.819571;d6c8872a-05a7-4c8f-b764-9ccac6e81ce6;7.9108;1.520145;SELL
2016-04-23T00:51:57.000000;2016-04-23T00:51:57.953816;bd659b5f-b61e-4d8a-a5f1-daefdef2a64b;7.9108;1.959042;SELL
2016-04-23T00:51:58.000000;2016-04-23T00:51:59.103718;eea62a43-f518-4b2d-b55c-e90f2e521b3d;7.9108;0.20040568;SELL
2016-04-23T00:51:59.000000;2016-04-23T00:51:59.291713;4d6907ee-ee73-45c9-8548-d9879177f09f;7.9108;1.53644356;SELL
2016-04-23T00:52:00.000000;2016-04-23T00:52:00.603849;5f6db535-e0ec-4650-b9bc-a95bf631b1ab;7.9275;0.19916681;SELL
2016-04-23T00:52:00.000000;2016-04-23T00:52:00.911892;3e5ddb51-e447-4e66-87a3-2be2409c878c;7.9275;45.4;SELL
2016-04-23T00:52:00.000000;2016-04-23T00:52:01.018913;f128c932-de0c-4592-98c3-fb016b113987;7.9275;0.1807541;SELL
2016-04-23T00:52:00.000000;2016-04-23T00:52:01.045899;18908660-c3dd-4430-adc4-8470b3582191;7.9275;1.38578147;SELL
2016-04-23T00:52:01.000000;2016-04-23T00:52:01.291926;31a0ad18-b96c-41e0-8129-30ae6145f205;7.9275;17.15643517;SELL
2016-04-23T00:52:01.000000;2016-04-23T00:52:01.527953;5b87b863-5184-4c95-bad7-ba7593a3cdbd;7.9275;122.89880482;SELL
2016-04-23T00:52:01.000000;2016-04-23T00:52:01.854055;fb7be1c3-9260-45e6-9ac1-e41281a5c636;7.9275;2.07299841;SELL
2016-04-23T00:52:01.000000;2016-04-23T00:52:01.857987;ce1ccba8-e459-4e97-b205-a666bac16cf3;7.9275;0.2703911;SELL
2016-04-23T00:52:02.000000;2016-04-23T00:52:02.175019;2ace669e-7e2b-43a9-869a-1cef24bf1f2f;7.9275;98.31728512;SELL
2016-04-23T00:53:30.000000;2016-04-23T00:53:30.433843;80538832-aad0-4a04-959e-00d3bf6d5337;7.9084;1.3784395;BUY
2016-04-23T00:53:30.000000;2016-04-23T00:53:30.443840;4c1b22b9-0266-43b6-8689-cc463bff410c;7.9085;0.21982331;BUY
2016-04-23T00:53:30.000000;2016-04-23T00:53:30.448836;1cb26883-2a86-4b1b-941b-87571145f87b;7.9085;0.14550795;BUY
2016-04-23T00:53:30.000000;2016-04-23T00:53:30.474851;757720d5-e00e-496c-83e9-908ca9ba64ba;7.9085;1.1155609;BUY
2016-04-23T00:53:30.000000;2016-04-23T00:53:30.475841;4f110c7b-9b41-4734-8d0d-4a25897d8a34;7.9085;1.68531206;BUY
2016-04-23T00:53:30.000000;2016-04-23T00:53:30.475841;02103867-128d-4570-957c-4169155df7fa;7.9089;6.17029527;BUY
2016-04-23T00:53:30.000000;2016-04-23T00:53:30.537851;d34eee3a-a808-48d8-8267-9c06f9c8ccb6;7.9089;1.03522975;SELL
2016-04-23T00:53:30.000000;2016-04-23T00:53:30.871883;55042df6-b0d0-46d1-a9da-9aeae72ec63e;7.9089;0.12711472;SELL
2016-04-23T00:53:30.000000;2016-04-23T00:53:30.904895;fbe01e23-c19c-4b39-9182-4892561828b6;7.9089;0.14550795;SELL
2016-04-23T00:53:30.000000;2016-04-23T00:53:30.918883;bce04624-e7be-424d-bf86-8391156ee0ab;7.9089;0.21982331;SELL
2016-04-23T00:53:30.000000;2016-04-23T00:53:30.953883;92ffd333-5329-401a-91a5-48f2c386e247;7.9089;1.1155609;SELL
2016-04-23T00:53:30.000000;2016-04-23T00:53:30.991890;9bbff310-f2fb-4eec-88ef-913e3342c2a6;7.9089;51.63569748;SELL
2016-04-23T00:53:31.000000;2016-04-23T00:53:31.138901;a1b73272-27fe-4479-9a3c-dd84ad83bf38;7.9089;1.68531206;SELL
2016-04-23T00:53:31.000000;2016-04-23T00:53:31.423969;766a1600-b125-411e-abdd-ee9cf3ffa307;7.9089;1.92780048;SELL
2016-04-23T00:53:31.000000;2016-04-23T00:53:31.646004;b64e4430-5306-4500-9912-905df67ec15d;7.9089;58.11668837;SELL
2016-04-23T00:53:31.000000;2016-04-23T00:53:31.777986;0b8b010e-7c2f-478d-9797-fa35ec7110c6;7.9089;1.54473979;SELL
2016-04-23T00:53:33.000000;2016-04-23T00:53:33.486132;02528e67-818f-47d1-bdf8-a6a07dac0749;7.9089;1.07447226;SELL
2016-04-23T00:53:33.000000;2016-04-23T00:53:33.666167;716094d1-02ef-4afd-93f2-4c5fd5749434;7.9089;1.5883503;SELL
2016-04-23T00:53:33.000000;2016-04-23T00:53:33.702274;0f31ca1a-336c-4764-a2f9-f8555ee1b502;7.9089;0.20717613;SELL
2016-04-23T00:53:34.000000;2016-04-23T00:53:35.015302;fb239d57-3ea2-4860-abd9-8c9f9d921e60;7.9089;1.23858965;SELL
2016-04-23T00:53:34.000000;2016-04-23T00:53:35.066306;2f26b2ad-f001-437d-b301-ee1776b50e69;7.9089;0.16155517;SELL
2016-04-23T00:53:35.000000;2016-04-23T00:53:35.560358;3a0c62c2-3c0c-47c2-bbd9-0f2d84d95b5d;7.9089;1.48103671;SELL
2016-04-23T00:53:35.000000;2016-04-23T00:53:35.605369;cfacd418-a066-44a4-b3f2-8a098c37c1db;7.9089;0.1931787;SELL
2016-04-23T00:53:36.000000;2016-04-23T00:53:36.404444;02ae3877-d64c-4790-a4c5-e6ed746fcf34;7.9089;0.15746737;SELL
2016-04-23T00:53:36.000000;2016-04-23T00:53:36.417442;c15f6e2c-1d3f-45ef-a9f9-3fadfeaa27e5;7.9089;1.20724984;SELL
2016-04-23T00:53:36.000000;2016-04-23T00:53:36.601471;67acfb14-10ac-4ae8-a7be-5f0de04af72b;7.9089;0.771975;SELL
2016-04-23T00:53:36.000000;2016-04-23T00:53:36.898484;9151bd9b-85d5-4332-9007-a64591fc195c;7.9089;0.13233316;SELL
2016-04-23T00:53:36.000000;2016-04-23T00:53:36.903501;4fe40d15-9619-4805-8e6e-92a87944faaf;7.9089;1.48103671;SELL
2016-04-23T00:53:36.000000;2016-04-23T00:53:37.090493;5e3785de-d0fd-44f4-a889-bfffd9a5c140;7.9089;0.1931787;SELL
2016-04-23T00:53:37.000000;2016-04-23T00:53:37.154573;608badc6-b046-4869-9ed0-e767cd8e86c2;7.9089;0.74656134;SELL
2016-04-23T00:53:37.000000;2016-04-23T00:53:37.256576;629b147f-d2dd-4c78-ae6b-30f240eed737;7.9089;3.3853887;SELL
2016-04-23T00:53:37.000000;2016-04-23T00:53:38.046600;82ccb1ab-b563-4b87-a27f-fc34585610c1;7.9089;52.279658;SELL
2016-04-23T00:53:38.000000;2016-04-23T00:53:39.034703;d22f5308-1a90-4be2-8618-6981ea0dbcc2;7.9089;0.902715;SELL
2016-04-23T00:53:39.000000;2016-04-23T00:53:39.330738;5d424832-3264-4d45-9b48-2dcdad7c2ca4;7.9089;0.1931787;SELL
2016-04-23T00:53:39.000000;2016-04-23T00:53:39.359751;7ea00b6d-9b18-474a-a19f-22d2dc656b55;7.9089;9.59790176;SELL
2016-04-23T00:53:41.000000;2016-04-23T00:53:42.093038;a50ec974-0146-4bf8-81a6-cfafa078ee05;7.8197;1.0958937;SELL
2016-04-23T00:53:42.000000;2016-04-23T00:53:42.364057;b7560b9d-4c0b-4bee-ab84-b095fabc9ef6;7.8197;1.0958937;SELL
2016-04-23T00:54:32.000000;2016-04-23T00:54:32.524048;8a4d9d7d-0fa0-4460-97b9-fed7c09d6df7;7.8951;0.1403277;SELL
2016-04-23T00:54:33.000000;2016-04-23T00:54:33.202085;3d5c2877-157b-43f5-a120-14c0c37d0715;7.8951;0.82471202;SELL
2016-04-23T00:54:33.000000;2016-04-23T00:54:33.229088;88ec7131-e2f0-4fde-98d7-5c8eb9f3245a;7.8951;0.10757113;SELL
2016-04-23T00:54:37.000000;2016-04-23T00:54:37.912562;79e70669-402d-49ef-99df-09291a5302ff;7.8951;0.1145179;BUY
2016-04-23T00:54:37.000000;2016-04-23T00:54:37.922597;3a0113d1-07fc-45ad-bfe8-094c4e04c7fa;7.8951;0.87797054;BUY
2016-04-23T00:54:37.000000;2016-04-23T00:54:38.009557;4e7f5ed0-0a84-457e-b60b-bbc7645b6bf7;7.8951;6.76522621;BUY
2016-04-23T00:54:37.000000;2016-04-23T00:54:38.017600;7b8757d0-f918-4536-847d-a31ddfeb5e30;7.9064;1.07584574;BUY
2016-04-23T00:54:38.000000;2016-04-23T00:54:38.290628;a39e21ac-5351-4089-a814-6425981a2566;7.9065;4.38866929;SELL
2016-04-23T00:54:38.000000;2016-04-23T00:54:38.570656;23460c94-c99c-498e-abc0-5f0553af5bb5;7.9065;5.02295886;SELL
2016-04-23T00:54:38.000000;2016-04-23T00:54:38.574621;c326b3d5-d015-47bd-903c-a87d20d681bb;7.9065;0.65516855;SELL
2016-04-23T00:54:38.000000;2016-04-23T00:54:38.588617;5b87e978-1cb0-4de1-bb0d-ed35efa1f2f3;7.9065;0.57243512;SELL
2016-04-23T00:54:38.000000;2016-04-23T00:54:38.606653;9dd3ed42-0b99-4b1a-88c2-68dd3adf983b;7.9065;1.07584574;SELL
2016-04-23T00:54:38.000000;2016-04-23T00:54:38.772638;374784af-01de-499d-b877-6324bb35fc36;7.9065;40.54348444;SELL
2016-04-23T00:54:39.000000;2016-04-23T00:54:39.186670;3da9e03f-1da5-408c-be4c-889ab98c7b0a;7.9065;0.82471202;SELL
2016-04-23T00:54:39.000000;2016-04-23T00:54:39.191686;bae23edc-e86c-44cb-9697-5dc71894c11b;7.9065;4.40676968;SELL
2016-04-23T00:54:39.000000;2016-04-23T00:54:39.221702;1daa27c1-b79c-45e7-9ccd-f80d0bff8b81;7.9065;1.07584574;SELL
2016-04-23T00:54:39.000000;2016-04-23T00:54:40.130812;86a3d8cb-6fa7-4aec-b8ca-53128d8285ff;7.9065;40.54348444;SELL
2016-04-23T00:54:39.000000;2016-04-23T00:54:40.138779;fdc105a7-8187-45f8-9a89-a8e3c399d3b4;7.9065;0.82471202;SELL
2016-04-23T00:54:40.000000;2016-04-23T00:54:40.474142;7b7a47ec-6a3b-4693-b01b-636ff85780d5;7.9065;9.75258469;SELL
2016-04-23T00:54:44.000000;2016-04-23T00:54:44.408194;1c7b4a27-3c65-4448-8737-109c439d7ab7;7.9065;9.19042894;SELL
2016-04-23T00:54:44.000000;2016-04-23T00:54:44.612225;d5cc8963-26ff-4636-aa61-35ee77d8a166;7.9065;52.39370908;SELL
2016-04-23T00:54:50.000000;2016-04-23T00:54:50.153801;d84bc5d1-de03-4aaf-8e29-413a11f6c255;7.9028;6.44757017;SELL
2016-04-23T00:54:50.000000;2016-04-23T00:54:50.413808;c54d0050-7bbc-47e3-b4c8-43d133ba3980;7.9028;0.27497128;SELL
2016-04-23T00:54:50.000000;2016-04-23T00:54:50.751833;ff383e64-233d-468f-85b0-1eb34acdd2aa;7.9028;1.0087353;SELL
2016-04-23T00:54:50.000000;2016-04-23T00:54:50.763841;1428772e-887f-4c05-8c40-1bf192fa9135;7.9028;0.13157417;SELL
2016-04-23T00:54:51.000000;2016-04-23T00:54:51.494900;62360128-a0ba-4da4-acfa-820939529ab4;7.9028;0.2562673;SELL
2016-04-23T00:54:51.000000;2016-04-23T00:54:51.840935;62113473-4ee6-4a58-9d22-6452936a06d0;7.9028;0.40395875;SELL
2016-04-23T00:54:52.000000;2016-04-23T00:54:52.560014;cc0f7322-c05f-4009-8050-f46e8cc8984f;7.9028;0.49837253;SELL
2016-04-23T00:54:52.000000;2016-04-23T00:54:52.646035;8d6eb044-b84a-43d0-abaf-0451683ca56b;7.9028;5.55891813;SELL
2016-04-23T00:54:52.000000;2016-04-23T00:54:52.705091;eae9966f-22e3-4d06-a07d-f7c919eefe25;7.9028;0.27134608;SELL
2016-04-23T00:54:53.000000;2016-04-23T00:54:53.578111;c6b8500a-5e51-4cb5-9a45-9c493ddbd067;7.9028;0.16068269;SELL
2016-04-23T00:54:53.000000;2016-04-23T00:54:53.643112;f372be34-c43e-4c4e-9194-8dd677268ad0;7.9028;0.27134608;SELL
2016-04-23T00:54:53.000000;2016-04-23T00:54:53.719122;1542a7d8-ecad-4793-a166-0ceb2398c725;7.9028;0.40395875;SELL
2016-04-23T00:54:55.000000;2016-04-23T00:54:55.637319;411c7c67-445c-4029-adb3-4ec39776d462;7.9028;4.6319518;SELL
2016-04-23T00:54:56.000000;2016-04-23T00:54:56.176385;8ed7fccb-01ba-4595-a919-b1a259239cd8;7.9028;0.27134608;SELL
2016-04-23T00:54:56.000000;2016-04-23T00:54:56.338386;f271e28e-b278-44f6-ac1a-3c6d5efd650c;7.9028;0.40395875;SELL
2016-04-23T00:54:56.000000;2016-04-23T00:54:56.554417;1a963ea3-0807-49a7-a922-f05de906e25c;7.9028;4.02975506;SELL
2016-04-23T00:55:34.000000;2016-04-23T00:55:34.439196;c536876e-61a0-45ee-b919-9b88d31f64ab;7.8849;0.93897034;SELL
2016-04-23T00:55:34.000000;2016-04-23T00:55:34.447204;9531a06e-dc8a-4495-81f4-86c382329cfe;7.8849;0.12247439;SELL
2016-04-23T00:55:38.000000;2016-04-23T00:55:38.559607;b93cdb7d-8f03-47dd-9366-6f4e9bd1fcdc;7.8849;0.12247439;BUY
2016-04-23T00:55:38.000000;2016-04-23T00:55:38.566637;5f550aab-898b-4610-ab54-c6161c35b088;7.8849;0.93897034;BUY
2016-04-23T00:55:38.000000;2016-04-23T00:55:38.575614;f3060b3b-fc62-4709-830b-bd66ef709e87;7.9018;0.93897034;BUY
2016-04-23T00:55:38.000000;2016-04-23T00:55:38.597623;99cb9968-bc75-4643-824a-0444b17ceddb;7.9018;0.12247439;BUY
2016-04-23T00:55:38.000000;2016-04-23T00:55:38.598615;8ea5ebe8-395b-43e1-87a3-68ce8468ae75;7.9019;0.40395875;BUY
2016-04-23T00:55:38.000000;2016-04-23T00:55:38.598615;da94c84e-d1d8-441c-b9f2-1750babb3943;7.9019;1.39005297;BUY
2016-04-23T00:55:38.000000;2016-04-23T00:55:38.711618;d5804e65-6cdd-40e6-bb62-e4a98ae003cf;7.9019;2.08031992;BUY
2016-04-23T00:55:38.000000;2016-04-23T00:55:38.727626;c91f94e0-244b-434e-87e6-b22b88815fdd;7.902;2.18959562;BUY
2016-04-23T00:55:38.000000;2016-04-23T00:55:38.732634;015b7a82-a260-41f1-a3a7-b4f8a271f855;7.902;23.57075851;BUY
2016-04-23T00:55:38.000000;2016-04-23T00:55:38.758624;7694b4b4-42e2-45af-9a09-87dfb6978830;7.9028;3.71252218;BUY
2016-04-23T00:55:38.000000;2016-04-23T00:55:38.758624;e2c1574c-13a1-4483-8b00-841f69e1a54d;7.9055;0.49837253;BUY
2016-04-23T00:55:38.000000;2016-04-23T00:55:38.767667;df060a69-b305-423f-b1ce-3e6433799939;7.9065;6.70618506;BUY
2016-04-23T00:56:32.000000;2016-04-23T00:56:32.965043;6915c2fd-da9a-4da2-a9dc-b140f4440cce;7.8892;2.6676748;SELL
2016-04-23T00:56:32.000000;2016-04-23T00:56:32.968081;35129559-e0ef-4735-80e3-5eb24bb737fc;7.8892;20.45217348;SELL
2016-04-23T00:56:32.000000;2016-04-23T00:56:32.976095;a9046465-09eb-4f93-b1fd-50226047df02;7.8892;0.93897034;SELL
2016-04-23T00:56:33.000000;2016-04-23T00:56:33.083067;07263cac-0092-4d53-a116-b634bfec727d;7.8892;0.15884287;SELL
2016-04-23T00:56:33.000000;2016-04-23T00:56:33.167099;449ab373-c56c-4337-ba0d-78c8c374914b;7.8892;1.21779533;SELL
2016-04-23T00:56:33.000000;2016-04-23T00:56:33.231126;1d39c378-c5b7-4563-b177-fd71a55628f0;7.8892;9.33643085;SELL
2016-04-23T00:56:33.000000;2016-04-23T00:56:33.283105;d83413a1-480a-4dd1-be59-0468192ce4eb;7.8892;0.12247439;SELL
2016-04-23T00:56:33.000000;2016-04-23T00:56:33.315080;8e7f5c2d-8ff1-46bc-b8c8-d7aaea4a5f79;7.8892;0.34795758;SELL
2016-04-23T00:56:33.000000;2016-04-23T00:56:33.718145;1a37e086-1e41-4e1c-9e4e-dbe2ca1af4ac;7.8892;20.48496254;SELL
2016-04-23T00:56:33.000000;2016-04-23T00:56:33.742126;52a41504-18f6-4c91-b4f5-e89b08f090a6;7.8892;1.15815828;SELL
2016-04-23T00:56:33.000000;2016-04-23T00:56:33.762146;1c161350-59d2-48b4-a6fe-02eabc355778;7.8892;0.15106412;SELL
2016-04-23T00:56:33.000000;2016-04-23T00:56:34.158172;5121bc53-92df-4617-be5f-a0028aa20205;7.8892;8.8792135;SELL
2016-04-23T00:56:34.000000;2016-04-23T00:56:34.461235;092c6ee5-983f-4510-8102-13b244435548;7.8892;8.16968788;SELL
2016-04-23T00:56:35.000000;2016-04-23T00:56:35.304278;44c1abd3-b3f7-40f3-91c1-8fb3cd766eb2;7.8892;8.18278558;SELL
2016-04-23T00:56:35.000000;2016-04-23T00:56:35.336320;f309135b-5d36-4560-be2e-0f5d001fc85b;7.8892;20.48496254;SELL
2016-04-23T00:56:36.000000;2016-04-23T00:56:36.671454;91db93e1-bc4c-421c-8310-37f3dde8c382;7.8892;8.89344872;SELL
2016-04-23T00:56:38.000000;2016-04-23T00:56:38.434616;dc9d9ad3-dd82-43fe-91e9-f1887389afe4;7.8892;3.45308;SELL
2016-04-23T00:56:39.000000;2016-04-23T00:56:39.969753;40e1c304-7431-4e05-9cab-a40921ab97a0;7.8892;5.44036856;SELL
2016-04-23T00:56:40.000000;2016-04-23T00:56:40.674827;7182ba0d-f0ec-4114-988f-788fa43bfc8c;7.8892;3.45308;SELL
2016-04-23T00:56:41.000000;2016-04-23T00:56:41.961990;ea765b72-e1b3-4630-988a-becb02999985;7.8892;5.44036856;SELL
2016-04-23T00:56:41.000000;2016-04-23T00:56:41.971949;f83a364b-2d16-4f83-960f-b5aa73aa7de3;7.8892;22.89439428;SELL
2016-04-23T00:56:42.000000;2016-04-23T00:56:42.658018;aac0df10-bfd2-4de8-804b-aaa6f2832664;7.8892;1.9874868;SELL
2016-04-23T00:56:42.000000;2016-04-23T00:56:42.731036;121f0804-b660-426b-b61d-6697ee538813;7.8892;3.45308;SELL
2016-04-23T00:56:42.000000;2016-04-23T00:56:42.895037;7f84bacb-b824-42d8-988c-cb01485ef980;7.8892;3.458616;SELL
2016-04-23T00:56:43.000000;2016-04-23T00:56:43.218071;a86e8703-2dc2-444b-8e86-8986c1e87699;7.8892;3.45308;SELL
2016-04-23T00:57:00.000000;2016-04-23T00:57:00.586816;593d55b5-dce8-42d9-8028-f83361e4ba59;7.9002;1.39005297;BUY
2016-04-23T00:57:00.000000;2016-04-23T00:57:00.600821;5a18d279-b2c0-423b-b857-831ca0722f45;7.9002;0.40395875;BUY
2016-04-23T00:57:01.000000;2016-04-23T00:57:01.860971;75122221-0bf1-4e53-b439-4c31dfb8ab34;7.9005;17.39488635;SELL
2016-04-23T00:57:12.000000;2016-04-23T00:57:12.899093;1e72051e-bcfc-4e4e-8b86-76e4a18c4cfe;7.9064;9.20265809;BUY
2016-04-23T00:57:13.000000;2016-04-23T00:57:13.248080;bc7e5fa2-be64-427a-ba46-992b73cb164a;7.9064;18.39027744;SELL
2016-04-23T00:57:13.000000;2016-04-23T00:57:13.276096;1732d5b6-cd6f-498c-a2dc-795d822a700d;7.9064;12.77372335;SELL
2016-04-23T00:57:14.000000;2016-04-23T00:57:14.351194;445191f0-1f58-4997-8a96-7b0de2d19112;7.9064;8.12606209;SELL
2016-04-23T00:57:15.000000;2016-04-23T00:57:15.609325;c7251e2f-f293-4583-adf4-290a7fe3f264;7.9064;18.396148;SELL
2016-04-23T00:57:15.000000;2016-04-23T00:57:15.773366;56c9bd05-53e5-4ae7-bbe3-2c509635b9f8;7.9064;0.34051561;SELL
2016-04-23T00:57:15.000000;2016-04-23T00:57:15.823347;a5ba4f76-d1db-4793-a86d-66a036b0c591;7.9064;2.6106197;SELL
2016-04-23T00:57:15.000000;2016-04-23T00:57:15.843357;96082cfe-7333-456b-89c2-c8f1f3243de7;7.9064;20.01475099;SELL
2016-04-23T00:57:15.000000;2016-04-23T00:57:15.942347;6cbafa24-13a7-42c8-bff8-b7b0e67bbcfc;7.9064;3.94975746;SELL
2016-04-23T00:57:15.000000;2016-04-23T00:57:15.955365;b0ea716e-4c2e-4022-8a83-67c2e3b54b2f;7.9064;0.51518576;SELL
2016-04-23T00:57:16.000000;2016-04-23T00:57:16.236411;4455d862-c0eb-41ae-ad20-b9d74d50a23f;7.9064;4.59626288;SELL
2016-04-23T00:57:18.000000;2016-04-23T00:57:18.295646;c29bbceb-8463-4798-9eb5-f0c870e1ad40;7.9065;1.81152814;BUY
2016-04-23T00:57:19.000000;2016-04-23T00:57:19.452713;616cdff6-f9e4-4d65-a0e4-a1f044d92f6f;7.9065;3.88615891;SELL
2016-04-23T00:57:24.000000;2016-04-23T00:57:24.567223;c80188ce-1a24-457d-bc48-2f22641d7c14;7.9065;2.90682316;SELL
2016-04-23T00:57:35.000000;2016-04-23T00:57:35.759344;070d3b70-d9e3-4cfb-99de-87dd63dfc421;7.9069;9.19042894;BUY
2016-04-23T00:57:48.000000;2016-04-23T00:57:48.768639;ab41bbb4-76d2-4933-a5ac-4ba8f4c2e16d;7.908;9.79108046;BUY
2016-04-23T00:57:48.000000;2016-04-23T00:57:48.799648;d5598d75-7cd8-419d-bc49-4d46b3369f2a;7.908;3.712718;BUY
2016-04-23T00:57:48.000000;2016-04-23T00:57:48.808669;f9e05a14-ba12-4d9c-8467-8d63af023b96;7.908;68.00923707;BUY
2016-04-23T00:57:48.000000;2016-04-23T00:57:48.830647;ab543ecd-7f9e-48fb-ae59-a8732bb765cc;7.9089;10.69379546;BUY
2016-04-23T00:57:48.000000;2016-04-23T00:57:48.831634;d3f21f9a-e955-4c01-a7ea-a58127e35303;7.91;35.57677;BUY
2016-04-23T00:57:48.000000;2016-04-23T00:57:48.831634;bcde720c-e77f-44d4-8276-68e98a1c7e7f;7.9275;0.59204265;BUY
2016-04-23T00:57:48.000000;2016-04-23T00:57:49.160713;449f1735-e655-4af8-a166-ff1f0135e6dc;7.9458;5.21523448;BUY
2016-04-23T00:57:48.000000;2016-04-23T00:57:49.187691;2981a300-9eb2-4418-a7de-2bf8301078df;7.9489;0.46909056;BUY
2016-04-23T00:57:48.000000;2016-04-23T00:57:49.192684;37f980c1-7079-46b8-a8c8-4c998865c8ac;7.9499;0.15165567;BUY
2016-04-23T00:57:48.000000;2016-04-23T00:57:49.219671;f4bd0715-6cb8-4246-b758-4ecf4d5677ac;7.95;1.0;BUY
2016-04-23T00:57:50.000000;2016-04-23T00:57:50.500807;3c10d363-da92-4b7a-9d61-73bb00b869a1;7.9694;35.2;SELL
2016-04-23T00:57:50.000000;2016-04-23T00:57:51.019867;e8d8ae2b-7b18-4b8f-8590-b2a701ce8c97;7.9694;18.27038672;SELL
2016-04-23T00:57:52.000000;2016-04-23T00:57:52.220976;1d86598b-5b17-43d1-8262-3d1556b96539;7.9694;4.82598844;SELL
2016-04-23T00:57:53.000000;2016-04-23T00:57:54.021154;40a78a0e-64da-41eb-a850-012882474edd;7.9694;0.00028949;SELL
2016-04-23T00:58:40.000000;2016-04-23T00:58:40.081772;ad66eb55-1648-441c-974a-1bd974b3610b;7.9133;13.46596848;SELL
2016-04-23T00:58:41.000000;2016-04-23T00:58:41.182883;83505d9c-8202-4ff3-8fed-bfe28f9be31e;7.9457;81.20376132;SELL
2016-04-23T00:58:41.000000;2016-04-23T00:58:41.665936;15193eba-c3b9-4590-bfcd-958f6ec896ea;7.9457;5.39960468;SELL
2016-04-23T00:58:49.000000;2016-04-23T00:58:49.550719;b4b1098f-66a4-4b91-ad72-67d81e58eb42;7.9132;23.25492891;BUY
2016-04-23T00:58:49.000000;2016-04-23T00:58:49.562725;e424caba-985e-4f64-af52-68ad5a8e2f89;7.9132;5.39960468;BUY
2016-04-23T00:58:49.000000;2016-04-23T00:58:49.573135;a7f28e81-ecbe-434b-b4bc-31d34e7df39d;7.9132;0.90410078;BUY
2016-04-23T00:58:49.000000;2016-04-23T00:58:49.658733;0688205d-f6d9-44d7-a949-15e0b83045a9;7.9133;6.16156386;BUY
2016-04-23T00:58:50.000000;2016-04-23T00:58:50.179785;82b782d2-0b94-4d22-bdca-f5f295f248ef;7.9133;5.39960468;SELL
2016-04-23T00:58:50.000000;2016-04-23T00:58:50.213792;a88fc6e6-b69c-4edd-8d1f-52d762cfb2a9;7.9133;23.25492891;SELL
2016-04-23T00:58:50.000000;2016-04-23T00:58:50.607807;dc0de913-2ef1-44ec-ad0c-31e6e735c7f9;7.9133;0.90410078;SELL
2016-04-23T00:58:51.000000;2016-04-23T00:58:51.989964;c976ce4c-1b4b-40cc-ba7f-ee1a27923f68;7.9133;23.25492891;SELL
2016-04-23T00:58:53.000000;2016-04-23T00:58:53.325096;b0a45df4-2648-4025-b289-eeec82a0de0f;7.9133;3.419328;SELL
2016-04-23T00:59:07.000000;2016-04-23T00:59:07.300493;df7a0772-6367-4932-9210-a91dcc409c02;7.9133;2.1444224;SELL
2016-04-23T00:59:52.000000;2016-04-23T00:59:52.280984;70201d2d-a14d-45a1-8b00-e1833539f1a3;7.914;2.52582997;SELL
2016-04-23T01:00:28.000000;2016-04-23T01:00:28.834630;1bc5825d-395f-478f-bd63-e0799f2e2213;7.9536;39.33480549;SELL
2016-04-23T01:00:28.000000;2016-04-23T01:00:29.048679;52a451c0-b0d3-4064-b831-86fc1eae8fcc;7.9536;0.00028451;SELL
2016-04-23T01:00:45.000000;2016-04-23T01:00:45.888381;ac353bdf-be19-43b4-8350-984200ef423e;7.942;54.98042233;SELL
2016-04-23T01:00:47.000000;2016-04-23T01:00:47.230484;c2b500f9-2f3b-4abc-9edf-640d965fd6ce;7.942;1.49533884;SELL
2016-04-23T01:00:48.000000;2016-04-23T01:00:48.302584;189ac461-7fcc-4713-98a7-7c388819a526;7.942;0.67069096;SELL
2016-04-23T01:00:48.000000;2016-04-23T01:00:48.370601;334db4c1-86b1-44c2-81d4-77237ea07a84;7.942;1.49705038;SELL
2016-04-23T01:00:48.000000;2016-04-23T01:00:48.398584;4503eb63-d8d5-4171-9d43-4701f7cc06d7;7.942;0.94820981;SELL
2016-04-23T01:00:48.000000;2016-04-23T01:00:48.442590;333b2117-f59a-4a49-99a0-86a9bffb474a;7.942;0.71819164;SELL
2016-04-23T01:00:48.000000;2016-04-23T01:00:48.862647;12a0e4cf-0ed7-4019-a25d-eb157187fed8;7.942;0.60532855;SELL
2016-04-23T01:00:48.000000;2016-04-23T01:00:48.902635;deaac651-4d90-4300-a9ef-a5fc2682efbe;7.942;5.14196397;SELL
2016-04-23T01:00:48.000000;2016-04-23T01:00:48.966645;13aba898-90c0-43cb-a975-c119bc6c4574;7.942;0.12367954;SELL
2016-04-23T01:00:48.000000;2016-04-23T01:00:48.983648;43aacfec-7303-4a4a-926e-e3050c2980cb;7.942;4.6408545;SELL
2016-04-23T01:00:50.000000;2016-04-23T01:00:50.586812;8443d598-6b45-4bf4-b1b2-d60af031fea2;7.942;0.60532855;SELL
2016-04-23T01:00:50.000000;2016-04-23T01:00:50.608808;9fb27e8c-179b-45a8-aaee-5a4b99b3b8f4;7.942;4.6408545;SELL
2016-04-23T01:00:50.000000;2016-04-23T01:00:50.744830;8bd84175-f6cd-4caf-b53a-04f917d00ff7;7.942;0.12367954;SELL
2016-04-23T01:00:50.000000;2016-04-23T01:00:50.777832;b15dd0dc-1639-4cd6-9ad4-3dc061b748d2;7.942;5.14196397;SELL
2016-04-23T01:00:52.000000;2016-04-23T01:00:52.341978;470d0891-4517-41fe-ad4b-0bb1ecc4261d;7.942;4.6408545;SELL
2016-04-23T01:00:52.000000;2016-04-23T01:00:52.852028;3174fa2f-ac5f-486b-a800-4844c299628a;7.942;2.97143036;SELL
2016-04-23T01:00:53.000000;2016-04-23T01:00:53.466108;e32de663-3b58-424a-8549-6f5391ec47d6;7.942;2.08681189;SELL
2016-04-23T01:00:54.000000;2016-04-23T01:00:54.625246;0f9687fd-8a30-4d41-ab04-903805fa2f4d;7.942;2.97143036;SELL
2016-04-23T01:00:55.000000;2016-04-23T01:00:55.563316;74b7971e-8817-4047-aa8d-e66fd1b3ba5e;7.942;0.60532855;SELL
2016-04-23T01:00:55.000000;2016-04-23T01:00:55.782369;b6eea764-7f17-4b03-8495-836b764ce476;7.942;22.78096605;SELL
2016-04-23T01:00:55.000000;2016-04-23T01:00:55.899384;a05b5b1e-d259-4439-ba3e-8f6c0cb27760;7.942;10.56435448;SELL
2016-04-23T01:00:59.000000;2016-04-23T01:00:59.807760;388349aa-fb47-4c35-82d0-4ed35400fe60;7.942;7.6143561;SELL
2016-04-23T01:01:07.000000;2016-04-23T01:01:07.193470;e31d7777-5006-4458-bd02-e70998f41d75;7.942;2.21706183;SELL
2016-04-23T01:01:15.000000;2016-04-23T01:01:15.228288;26cdb99f-afdd-4ab1-8c63-b6387d931e54;7.942;1.00321155;SELL
2016-04-23T01:01:16.000000;2016-04-23T01:01:16.783487;21cf2e19-6790-4626-9f48-c3fed665afa7;7.9529;5.10754847;BUY
2016-04-23T01:01:16.000000;2016-04-23T01:01:16.799427;4baf934e-0362-4a6f-892b-7c7b0b823960;7.953;21.83651778;BUY
2016-04-23T01:01:22.000000;2016-04-23T01:01:22.773033;716ef398-567d-449d-af62-02a6b446c5cb;7.9532;0.72097812;SELL
2016-04-23T01:01:23.000000;2016-04-23T01:01:23.195117;14e10ff7-3ab5-4a33-af34-3cd6e584299c;7.9532;51.2971929;SELL
2016-04-23T01:01:23.000000;2016-04-23T01:01:23.230072;8623f88c-4bbe-45d5-b360-397a10c90c52;7.9532;0.20180357;SELL
2016-04-23T01:01:24.000000;2016-04-23T01:01:24.062170;0cc84230-4b4a-456c-a0c8-79032d770cac;7.9694;0.13575821;SELL
2016-04-23T01:01:24.000000;2016-04-23T01:01:24.100178;dc2cd28f-eb38-467d-ad7a-dba123fc2c27;7.9694;1.04081292;SELL
2016-04-23T01:01:24.000000;2016-04-23T01:01:24.376186;9493ed96-e8d2-4609-8b58-f363fd3a1db2;7.9694;20.21731685;SELL
2016-04-23T01:01:24.000000;2016-04-23T01:01:24.390186;f9236c9b-f028-464b-8c11-78d7869e96eb;7.9694;15.1;SELL
2016-04-23T01:01:24.000000;2016-04-23T01:01:24.457201;ceebcd9b-019d-4ac1-9634-d206dea427b2;7.9694;0.70407933;SELL
2016-04-23T01:01:25.000000;2016-04-23T01:01:25.417288;036f855b-6e93-40f3-bd41-2b06ccf389fb;7.9694;1.65305582;SELL
2016-04-23T01:01:25.000000;2016-04-23T01:01:25.484313;2e6caab8-9553-4f6f-a8b7-2aa9c747ac05;7.9694;0.21561597;SELL
2016-04-23T01:01:25.000000;2016-04-23T01:01:25.693327;abb560f3-fe5b-4f9f-951c-70dafd73e92e;7.9694;41.01240121;SELL
2016-04-23T01:01:26.000000;2016-04-23T01:01:26.148361;df04dd7c-5a53-4d85-a5ae-5717c4efde10;7.9694;0.13559817;SELL
2016-04-23T01:01:26.000000;2016-04-23T01:01:26.212399;4da72f86-9c69-47ca-9d62-f6b8821e8784;7.9694;1.03958598;SELL
2016-04-23T01:01:26.000000;2016-04-23T01:01:26.872015;0f2b4c3e-338f-49bb-b677-0d3af060282e;7.9694;0.51286937;SELL
2016-04-23T01:01:26.000000;2016-04-23T01:01:27.112464;5796e7aa-bfad-4104-af2b-bfe736316ef7;7.9694;0.15739653;SELL
2016-04-23T01:01:27.000000;2016-04-23T01:01:27.377522;eaa4e92a-5383-4ed7-bf75-9c142894d79e;7.9694;20.13883305;SELL
2016-04-23T01:01:27.000000;2016-04-23T01:01:27.596528;2411eae7-97f5-4661-aa95-223c0b8c257a;7.9694;0.15572437;SELL
2016-04-23T01:01:28.000000;2016-04-23T01:01:29.012663;d3b1088c-6558-46a9-85dd-a0dbf9bf7ffc;7.9694;0.51286937;SELL
2016-04-23T01:01:29.000000;2016-04-23T01:01:29.159659;97e50333-cf5a-4b58-8eff-6258a0e45e4f;7.9694;0.15739653;SELL
2016-04-23T01:01:29.000000;2016-04-23T01:01:29.195675;ec7c54d8-643b-4c90-8f8a-c336f2b65437;7.9694;16.33442632;SELL
2016-04-23T01:02:09.000000;2016-04-23T01:02:09.555749;0d8bfa09-442a-4e5c-ba53-24a83dddb926;7.9149;1.221161;SELL
2016-04-23T01:02:20.000000;2016-04-23T01:02:20.814852;5a8598c4-9b04-490c-ada8-ff3c9923d964;7.9406;5.62309512;SELL
2016-04-23T01:02:20.000000;2016-04-23T01:02:20.855852;e1a685f2-3640-4559-8206-277d1b9c144c;7.9406;0.73344719;SELL
2016-04-23T01:02:20.000000;2016-04-23T01:02:21.062861;92313713-15dd-4639-8ba2-0e021523ad11;7.9406;2.07453783;SELL
2016-04-23T01:02:21.000000;2016-04-23T01:02:21.918935;a49ec5ce-f1ed-4ef8-b6aa-91a7062d6322;7.9406;0.64816615;SELL
2016-04-23T01:02:22.000000;2016-04-23T01:02:22.712026;90942bfc-5a34-4996-b48d-e49d9d02c8e0;7.9406;0.73344719;SELL
2016-04-23T01:02:27.000000;2016-04-23T01:02:27.979583;c0451b15-94cc-4700-be32-9254d2683232;7.9442;1.29064407;SELL
2016-04-23T01:02:29.000000;2016-04-23T01:02:29.329699;9621d627-99bd-4988-9efb-442cede5c129;7.9442;1.1815092;SELL
2016-04-23T01:02:32.000000;2016-04-23T01:02:32.396018;29a2570f-fac3-4314-838c-613dceb1e3bb;7.9473;0.16292857;SELL
2016-04-23T01:02:47.000000;2016-04-23T01:02:47.312476;9c111ae9-814c-4cde-9e44-5138d38ec43a;7.9485;0.1541099;SELL
2016-04-23T01:02:48.000000;2016-04-23T01:02:48.172577;9292d69b-8d78-4954-8d83-7fa20c002982;7.9485;0.1541099;SELL
2016-04-23T01:02:48.000000;2016-04-23T01:02:49.096676;a21eefae-e89b-4524-9283-814973e89223;7.9485;0.15437845;SELL
2016-04-23T01:02:50.000000;2016-04-23T01:02:50.927853;a1d15330-730b-4ef9-aa6f-f2e0543397a1;7.9485;0.1541099;SELL
2016-04-23T01:02:52.000000;2016-04-23T01:02:52.289996;f7439aec-fa46-449e-9210-9ab0f3af733d;7.9485;0.1541099;SELL
2016-04-23T01:02:52.000000;2016-04-23T01:02:52.968089;03f48f28-6480-4076-b580-c39697268f9b;7.9485;0.15437845;SELL
2016-04-23T01:02:54.000000;2016-04-23T01:02:54.387223;cde15a11-c851-4b52-8d35-ff008824ca1e;7.9485;0.2881185;SELL
2016-04-23T01:02:54.000000;2016-04-23T01:02:54.951242;434ec49a-0b65-46f1-b537-724e5a3662db;7.9485;0.1541099;SELL
2016-04-23T01:02:54.000000;2016-04-23T01:02:55.083283;e4412bee-3755-47fa-8a51-c17026edbef0;7.9485;0.42239567;SELL
2016-04-23T01:02:56.000000;2016-04-23T01:02:56.055395;04983395-0bf7-49ba-a10b-ccc335a28f25;7.9485;0.1541099;SELL
2016-04-23T01:02:56.000000;2016-04-23T01:02:56.272371;cf029a1d-d29b-4970-9394-ff41e9fd8fab;7.9485;0.18140795;SELL
2016-04-23T01:02:57.000000;2016-04-23T01:02:57.100496;43e85caf-dc58-420b-8b48-2dfff23316eb;7.9603;0.26578374;SELL
2016-04-23T01:02:57.000000;2016-04-23T01:02:57.177508;721f3194-14b5-464f-9406-6dcca95091c5;7.9603;45.99833393;SELL
2016-04-23T01:02:57.000000;2016-04-23T01:02:58.009549;871153db-9652-4b98-b8b3-94de5315293f;7.9659;0.19241349;SELL
2016-04-23T01:02:58.000000;2016-04-23T01:02:58.524635;7f98ac96-7164-40f9-9bc6-833f09e18cd2;7.9659;1.26255897;SELL
2016-04-23T01:02:58.000000;2016-04-23T01:02:58.751649;4f16ab32-2672-4c34-bc94-d2ad5b5d6a5d;7.9659;0.00028554;SELL
2016-04-23T01:02:58.000000;2016-04-23T01:02:58.764670;6c72d87c-0417-4b31-a609-57b83996d4e3;7.9603;11.09245038;SELL
2016-04-23T01:02:58.000000;2016-04-23T01:02:58.856633;c1ef0664-5e6a-4e55-85f0-0f672cb1583b;7.9603;0.25975816;SELL
2016-04-23T01:02:59.000000;2016-04-23T01:02:59.474720;abf3a3d1-1422-4405-972d-3ff96b030af9;7.9603;33.67270058;SELL
2016-04-23T01:02:59.000000;2016-04-23T01:02:59.883733;1c33c66f-b042-496c-b163-d10b6b764da7;7.9603;0.19772842;SELL
2016-04-23T01:03:00.000000;2016-04-23T01:03:00.396793;f216db43-9b68-4715-b59a-5612bac617f0;7.9603;0.20520337;SELL
2016-04-23T01:03:00.000000;2016-04-23T01:03:00.509834;77f55c5c-e75d-4005-ae80-c32e7d76d341;7.9603;12.35529534;SELL
2016-04-23T01:03:01.000000;2016-04-23T01:03:01.145873;da43752f-9dd3-4055-8037-0ca6a8f5ba44;7.9603;12.36406937;SELL
2016-04-23T01:03:01.000000;2016-04-23T01:03:01.329891;477d116c-cfa4-47dc-ad4e-499f159230a8;7.9603;0.1767544;SELL
2016-04-23T01:03:01.000000;2016-04-23T01:03:02.046964;cff83d25-7a99-4ce0-878b-c8fa547cb11e;7.9603;16.19550423;SELL
2016-04-23T01:03:02.000000;2016-04-23T01:03:02.681025;26071282-6b26-4332-ad51-6572a0300bb9;7.9603;0.00029208;SELL
2016-04-23T01:03:25.000000;2016-04-23T01:03:25.169267;037b8d08-adcf-434d-a1d3-61e97c8a11fe;7.9659;1.2067067;BUY
2016-04-23T01:03:25.000000;2016-04-23T01:03:25.176283;e051991d-15e9-47f4-b937-4e502b4b50b5;7.9659;0.26803949;BUY
2016-04-23T01:03:25.000000;2016-04-23T01:03:25.185279;0f122aab-d353-47d4-b74c-8e7b5c29c828;7.9659;0.29205621;BUY
2016-04-23T01:03:25.000000;2016-04-23T01:03:25.207305;93789e51-b70d-4b3f-8b0e-2cf40e4a2382;7.966;10.56656658;BUY
2016-04-23T01:03:25.000000;2016-04-23T01:03:25.787330;cd703d77-1115-4acb-bce5-794a02ade33a;7.9694;0.7489244;SELL
2016-04-23T01:03:25.000000;2016-04-23T01:03:25.987360;45cccb8b-1fa6-4aad-82ac-8b321b63c5e4;7.9694;1.5159179;SELL
2016-04-23T01:03:26.000000;2016-04-23T01:03:26.129372;2d7d102f-efca-4ecf-a817-8c30c9ab3add;7.9694;46.06582723;SELL
2016-04-23T01:03:26.000000;2016-04-23T01:03:26.206410;e2871c29-b9db-4d72-9780-d642bd564af1;7.9694;0.6200659;SELL
2016-04-23T01:03:26.000000;2016-04-23T01:03:26.699464;932c94ef-b83a-4338-a4a3-91df846e3f52;7.9694;2.52330414;SELL
2016-04-23T01:03:26.000000;2016-04-23T01:03:26.804423;1bc63758-1d75-4fb2-9dd6-72f5fa0b4700;7.9694;0.6200659;SELL
2016-04-23T01:03:27.000000;2016-04-23T01:03:27.320482;5153e632-33da-4a4c-b7dd-d5cb76d6a84f;7.9694;12.36484931;SELL
2016-04-23T01:03:28.000000;2016-04-23T01:03:28.500609;f297b55b-7472-4582-87f9-a81ead1d9ecf;7.9694;0.730866;SELL
2016-04-23T01:03:28.000000;2016-04-23T01:03:28.521640;16b73c76-e46a-46ab-bd47-0ea5dcefe267;7.9694;0.6187608;SELL
2016-04-23T01:04:29.000000;2016-04-23T01:04:29.680731;02fe69b2-c99a-45ff-820c-d44ad5b7cd6c;7.9522;0.16551145;SELL
2016-04-23T01:04:29.000000;2016-04-23T01:04:29.795725;f4f61fa2-0ed1-4f16-86a4-4da8cb9265c8;7.9522;2.19452442;SELL
2016-04-23T01:04:29.000000;2016-04-23T01:04:29.805760;2b96f463-33a6-4b8d-a33c-8910870c6114;7.9522;3.60022106;SELL
2016-04-23T01:04:32.000000;2016-04-23T01:04:32.534036;af3a6c70-fb78-4c0a-9602-9a1e625edcf6;7.9522;0.92891918;SELL
2016-04-23T01:04:33.000000;2016-04-23T01:04:33.574146;f875ebde-29c6-4339-8c11-00f3ffdb1a05;7.9522;0.29948962;SELL
2016-04-23T01:04:33.000000;2016-04-23T01:04:33.807175;262c00a3-90f8-4d5e-9504-a9b6eefe5af3;7.9522;2.29608705;SELL
2016-04-23T01:04:34.000000;2016-04-23T01:04:34.895281;cca0257d-9115-41f5-b604-c55390fd47eb;7.9522;1.61079462;SELL
2016-04-23T01:04:35.000000;2016-04-23T01:04:35.308333;c96d1ab6-3d4b-4f1e-9166-99c34794172d;7.9522;0.29948962;SELL
2016-04-23T01:04:35.000000;2016-04-23T01:04:35.635374;761480f7-8283-45d9-ad66-6ca49f2f4175;7.9522;1.01113624;SELL
2016-04-23T01:04:36.000000;2016-04-23T01:04:36.354420;7abaacf9-992f-400a-8a25-6b0bb825f056;7.9522;1.61337706;SELL
2016-04-23T01:04:36.000000;2016-04-23T01:04:36.744427;d758f884-0b78-4c74-adb8-29bd9f2ca655;7.9522;1.61079462;SELL
2016-04-23T01:04:37.000000;2016-04-23T01:04:37.447498;d2a88647-bacf-4519-8865-69a2cc274f65;7.9522;2.29976815;SELL
2016-04-23T01:04:39.000000;2016-04-23T01:04:40.025759;9fb18b80-d19c-4969-a4e5-c23f5cd44609;7.9522;0.15470122;SELL
2016-04-23T01:04:39.000000;2016-04-23T01:04:40.085764;b8598be7-c404-47b4-a98f-c7825813b9c1;7.9522;1.61079462;SELL
2016-04-23T01:04:40.000000;2016-04-23T01:04:40.163765;68d5d918-8ea2-4fc1-a7b5-91cc5041c7b5;7.9522;1.18604263;SELL
2016-04-23T01:04:40.000000;2016-04-23T01:04:40.490800;266ba5d1-81c3-4aa8-b3f0-31296d54877c;7.9522;2.29976815;SELL
2016-04-23T01:04:41.000000;2016-04-23T01:04:41.353897;6a565e2c-cf91-4032-bbab-17718d54c034;7.9522;0.6290428;SELL
2016-04-23T01:04:41.000000;2016-04-23T01:04:41.363903;22591ed0-4687-48b5-95da-994229320b95;7.9522;4.82266144;SELL
2016-04-23T01:04:41.000000;2016-04-23T01:04:41.433904;b559acaf-0c52-41c2-a4e1-90fbe42ee179;7.9522;0.15470122;SELL
2016-04-23T01:04:41.000000;2016-04-23T01:04:41.639930;79396ace-8ecf-44f2-a008-c1cbb7cec5f5;7.9522;3.38430129;SELL
2016-04-23T01:04:42.000000;2016-04-23T01:04:42.156961;001f4f45-8ce1-478a-a4cf-1dbc15355360;7.9522;0.4414306;SELL
2016-04-23T01:04:42.000000;2016-04-23T01:04:42.587018;44f4f3dd-3a41-4a39-b629-80dc72d4fe97;7.9522;0.18488226;SELL
2016-04-23T01:04:42.000000;2016-04-23T01:04:42.605008;aa5ddec6-bae2-4a9d-a71c-17c8ca5d2519;7.9522;1.41743067;SELL
2016-04-23T01:04:42.000000;2016-04-23T01:04:42.848037;f621ba00-bdf2-4efc-97b6-4e9b40d8e680;7.9522;3.30084949;SELL
2016-04-23T01:04:42.000000;2016-04-23T01:04:42.998046;78059497-dd7a-41df-9944-3040658b8670;7.9522;0.43054558;SELL
2016-04-23T01:04:43.000000;2016-04-23T01:04:43.800124;6132e34b-36e6-4a12-a9b4-b0ac42f90c85;7.9522;3.72252625;SELL
2016-04-23T01:04:43.000000;2016-04-23T01:04:43.995171;74af924f-8960-4759-b017-bda2da981d15;7.9522;0.4855469;SELL
2016-04-23T01:04:45.000000;2016-04-23T01:04:45.814350;7d677922-580c-45c6-a06c-74ae7cf47388;7.9501;1.56287265;SELL
2016-04-23T01:04:45.000000;2016-04-23T01:04:45.937388;f2d7022a-4d8d-4f6d-b673-d32820df5338;7.9501;0.20385296;SELL
2016-04-23T01:04:46.000000;2016-04-23T01:04:46.317417;e7132517-4c54-4f31-a01f-0eaa1bab02e8;7.9501;1.4760555;SELL
2016-04-23T01:04:46.000000;2016-04-23T01:04:46.351470;e214e27a-efb9-43f6-a427-ecd4ab146e2b;7.9501;0.2224307;SELL
2016-04-23T01:04:46.000000;2016-04-23T01:04:46.367393;57fb3fd8-fea5-4b28-a90c-4bd8a96b8156;7.9501;1.70530209;SELL
2016-04-23T01:04:46.000000;2016-04-23T01:04:46.456399;705a0ed0-605a-4434-9f8d-9dec9f9c0bb9;7.9501;1.21318472;SELL
2016-04-23T01:04:46.000000;2016-04-23T01:04:46.478403;d6ed0ca2-acb3-487e-b0b8-29e8ff73aa3f;7.9501;0.15824149;SELL
2016-04-23T01:04:46.000000;2016-04-23T01:04:46.798451;ed27c441-6207-422c-9f6b-1c04771f92ad;7.9501;0.63097519;SELL
2016-04-23T01:04:46.000000;2016-04-23T01:04:46.907449;c2543ae2-2967-40d2-a845-4cfee70afd41;7.9501;0.19252898;SELL
2016-04-23T01:04:47.000000;2016-04-23T01:04:48.123561;edbdeecb-e1f0-4ead-9925-bf2624f5fcd2;7.9501;1.05057405;SELL
2016-04-23T01:04:48.000000;2016-04-23T01:04:48.567599;382c35eb-f2c8-44a2-b765-cf4cbad9ba17;7.9501;1.21318472;SELL
2016-04-23T01:04:48.000000;2016-04-23T01:04:48.575612;91238145-5f50-4766-a0b1-48b761cba728;7.9501;0.49085997;SELL
2016-04-23T01:04:48.000000;2016-04-23T01:04:49.007679;03fc1115-287b-4f6f-9ea4-6e76ee33f307;7.9501;2.12300983;SELL
2016-04-23T01:04:48.000000;2016-04-23T01:04:49.021662;60baecba-c211-4227-b774-2075ca27dab8;7.9501;0.69761178;SELL
2016-04-23T01:04:49.000000;2016-04-23T01:04:49.552711;97d334d6-f437-4688-a6db-5157199d7353;7.9501;2.63911677;SELL
2016-04-23T01:04:50.000000;2016-04-23T01:04:50.751822;9ccf32d1-556b-4a59-b0fb-ababefe25dc8;7.9501;1.42862555;SELL
2016-04-23T01:04:50.000000;2016-04-23T01:04:50.888850;296f1cbc-4591-43a7-9540-7771025f9ebf;7.9501;0.18634246;SELL
2016-04-23T01:04:50.000000;2016-04-23T01:04:50.932897;0b0f3a97-cf92-4630-9b88-b9fc1d0d5929;7.9501;0.23154637;SELL
2016-04-23T01:04:52.000000;2016-04-23T01:04:52.037972;3a17b7eb-9018-4564-92f9-dfa3adb80430;7.9501;1.16975354;SELL
2016-04-23T01:04:52.000000;2016-04-23T01:04:52.971046;4e3c2aa0-3e90-4570-a850-5a49e1ce11b4;7.9501;0.7178971;SELL
2016-04-23T01:04:53.000000;2016-04-23T01:04:53.054077;58ab854d-df89-4a62-bc14-d4b00d14ae55;7.9501;0.89289389;SELL
2016-04-23T01:04:54.000000;2016-04-23T01:04:54.418197;1f58a2b6-4123-4ecb-a8d4-6de6e650f17a;7.9501;1.42862555;SELL
2016-04-23T01:04:54.000000;2016-04-23T01:04:54.434209;ac86386a-96ef-4a47-8d8d-f313eedb7a04;7.9501;0.18634246;SELL
2016-04-23T01:04:54.000000;2016-04-23T01:04:54.515239;6cdaa66a-52ab-4353-8dae-3851e91b02fa;7.9501;0.99608919;SELL
2016-04-23T01:04:54.000000;2016-04-23T01:04:54.535221;b9f2632e-1c0d-41a1-a48b-becd54f17008;7.9501;0.11647012;SELL
2016-04-23T01:04:54.000000;2016-04-23T01:04:54.564196;26160257-8746-430f-8a91-f752d64ba1bf;7.9501;0.89293757;SELL
2016-04-23T01:04:54.000000;2016-04-23T01:04:54.861238;8a94bda5-17b0-4e14-8cbd-29fdfac0ebde;7.9501;0.7178971;SELL
2016-04-23T01:04:55.000000;2016-04-23T01:04:55.295296;ce997d08-36f4-4e1f-bbc9-244ebce9bdac;7.9501;0.5285883;SELL
2016-04-23T01:04:55.000000;2016-04-23T01:04:55.530362;23691747-73d5-4588-a03d-82b732985788;7.9501;0.18634246;SELL
2016-04-23T01:04:55.000000;2016-04-23T01:04:55.533314;a3d9e864-8501-40c0-95ab-349938a129a8;7.9501;1.42862555;SELL
2016-04-23T01:04:55.000000;2016-04-23T01:04:55.879888;baf6be04-2d58-43f0-b026-51977e7df9f0;7.9501;1.42738093;SELL
2016-04-23T01:04:56.000000;2016-04-23T01:04:56.463389;3da169da-1e4a-41ae-9700-417d0d0aaac7;7.9501;0.71904804;SELL
2016-04-23T01:04:57.000000;2016-04-23T01:04:57.529515;2749cc9b-1a67-446b-829d-2ff2eba9b920;7.9501;1.72397778;SELL
2016-04-23T01:04:58.000000;2016-04-23T01:04:58.541608;494e6095-6cc9-40d1-907b-3e40730ef747;7.9501;0.57420064;SELL
2016-04-23T01:05:19.000000;2016-04-23T01:05:19.797719;6ad62853-6c95-4898-87df-64fc0438f20a;7.9479;1.26892114;BUY
2016-04-23T01:05:19.000000;2016-04-23T01:05:19.801732;8064cdd3-53f9-459b-83ba-3f05889a02b6;7.9479;0.67285853;BUY
2016-04-23T01:05:19.000000;2016-04-23T01:05:19.804723;c64af7b4-bf16-4dff-8aa5-69d5ee9ae1a9;7.9479;0.58524097;BUY
2016-04-23T01:05:35.000000;2016-04-23T01:05:35.144285;b5cdd16d-8502-419d-9171-951d67cff3f9;7.945;25.8871;BUY
2016-04-23T01:05:35.000000;2016-04-23T01:05:35.168286;fa991681-86f4-4ecc-a77c-58899cd237bd;7.945;5.246286;BUY
2016-04-23T01:05:59.000000;2016-04-23T01:05:59.409702;2dff938e-1b91-4eb3-a2c6-9b022d1baa81;7.9442;0.70800771;BUY
2016-04-23T01:05:59.000000;2016-04-23T01:05:59.421726;a11484ff-2deb-4e63-9542-ea4d60880a44;7.9442;2.04222647;BUY
2016-04-23T01:05:59.000000;2016-04-23T01:05:59.427686;8f8904ae-0e83-43ab-b84f-22649eca2d7f;7.9447;0.41255827;BUY
2016-04-23T01:05:59.000000;2016-04-23T01:05:59.452717;7d2d1ec0-a7a3-4ea5-bed5-c04e9f4a4ac9;7.9448;3.394889;BUY
2016-04-23T01:05:59.000000;2016-04-23T01:05:59.452717;3fce123c-f0c3-4b63-ae90-7eaa55c420d3;7.945;9.008101;BUY
2016-04-23T01:05:59.000000;2016-04-23T01:05:59.452717;536b9787-3514-4856-b8d5-0837e0c7c216;7.9453;2.5219666;BUY
2016-04-23T01:05:59.000000;2016-04-23T01:05:59.483719;e35fd095-6fde-4a10-9441-2b85e1b5b674;7.969;0.636949;BUY
2016-04-23T01:05:59.000000;2016-04-23T01:05:59.724727;8e48eeb3-0bcb-4167-9a9a-21fd4f6c2e3b;7.9694;47.43402881;SELL
2016-04-23T01:05:59.000000;2016-04-23T01:05:59.968750;0cac4c37-09e0-4819-beba-340d0d3358d7;7.9694;1.38627466;SELL
2016-04-23T01:06:00.000000;2016-04-23T01:06:00.418823;59538d4b-32c2-48d7-821a-3392748acf7e;7.9694;10.84515448;SELL
2016-04-23T01:06:04.000000;2016-04-23T01:06:04.285190;9eb11dd9-b388-4d58-8c0f-3a210f40c074;7.9437;2.07681068;SELL
2016-04-23T01:10:32.000000;2016-04-23T01:10:32.563769;f99942be-d992-4447-957f-e87189d3abe7;7.9391;0.275747;SELL
2016-04-23T01:10:42.000000;2016-04-23T01:10:42.053730;2b743001-4194-4e39-9ccf-2eaf61d837de;7.9407;1.184018;SELL
2016-04-23T01:13:38.000000;2016-04-23T01:13:38.263346;afa3e400-1638-481e-91a1-05a1c9f441f9;7.9485;0.22471;SELL
2016-04-23T01:13:42.000000;2016-04-23T01:13:42.955793;945495f6-46ed-4893-9695-491caca39e03;7.9489;0.276067;BUY
2016-04-23T01:14:36.000000;2016-04-23T01:14:36.337151;a8c6810e-15ce-4fa2-bb9d-9d4a460b40dc;7.9298;0.127397;SELL
2016-04-23T01:14:42.000000;2016-04-23T01:14:42.469754;84e7f9a2-a4dd-48d0-af00-509ac0c7def8;7.929;0.102611;BUY
2016-04-23T01:23:10.000000;2016-04-23T01:23:10.484546;70a881cf-d6a7-4701-8ba9-009de0b44968;7.8407;2.5552314;SELL
2016-04-23T01:25:55.000000;2016-04-23T01:25:55.650285;93d1b98a-7029-44c5-97cc-63bf34831cb0;7.88;0.64825353;SELL
2016-04-23T01:25:57.000000;2016-04-23T01:25:57.636499;981e1c9b-3217-4697-8174-0cd6d48db8e3;7.88;0.64825353;SELL
2016-04-23T01:26:19.000000;2016-04-23T01:26:19.247681;a8dce070-df6f-483b-81e3-45676c7c7bf7;7.89;1.184018;SELL
2016-04-23T01:26:19.000000;2016-04-23T01:26:19.382707;3cf72449-1414-4a87-a8d8-b401cc7e816f;7.89;40.51942951;SELL
2016-04-23T01:26:24.000000;2016-04-23T01:26:24.866248;8a433e09-0df8-4800-96f9-0d494c5ac08b;7.89;6.58119396;SELL
2016-04-23T01:26:26.000000;2016-04-23T01:26:26.192342;a5141549-06a0-4907-9020-2df6b5f61ac2;7.89;6.58119396;SELL
2016-04-23T01:28:32.000000;2016-04-23T01:28:32.665041;81d3fd5c-1a17-4d73-9f84-67b1fbbfc02c;7.9;1.184018;SELL
2016-04-23T01:28:32.000000;2016-04-23T01:28:32.673032;47321581-57b0-4dd2-bdd6-5b87ae7ad9ea;7.9;1.184018;SELL
2016-04-23T01:29:18.000000;2016-04-23T01:29:18.117561;e994da01-2d3a-4179-aece-2c74d9750f52;7.9;2.11837334;SELL
2016-04-23T01:30:27.000000;2016-04-23T01:30:27.869523;f2636c8e-af5a-48ea-9b0e-3940f98dd6a5;7.9;1.26405949;SELL
2016-04-23T01:39:18.000000;2016-04-23T01:39:18.464604;7ef54fcb-23fc-4338-9b7c-3c25fada5248;7.909;2.6;BUY
2016-04-23T01:42:44.000000;2016-04-23T01:42:44.590623;1c4388ea-aaf0-4455-846b-ff1acf00fee8;7.91;36.0463;BUY
2016-04-23T01:45:22.000000;2016-04-23T01:45:22.736429;773e0a25-9312-42e7-ba26-4166cf6aa9c9;7.9109;1.184018;BUY
2016-04-23T01:45:22.000000;2016-04-23T01:45:22.744466;b29b74ac-b3f9-4987-b5c3-c85415e45a90;7.9109;1.184018;BUY
2016-04-23T01:45:22.000000;2016-04-23T01:45:22.767443;f232381f-bdb4-450a-9893-cf49c4346ec6;7.9109;1.184018;BUY
2016-04-23T01:45:27.000000;2016-04-23T01:45:27.107454;76d286da-9932-4676-898b-5664fffd9c80;7.9125;1.184018;BUY
2016-04-23T01:45:27.000000;2016-04-23T01:45:27.116874;d122ea20-1bf0-4300-ae52-8decf17f666c;7.9125;1.184018;BUY
2016-04-23T01:45:27.000000;2016-04-23T01:45:27.200871;6fa1c47a-b72b-4255-bb1e-738b65f75614;7.9125;1.184018;BUY
2016-04-23T01:45:35.000000;2016-04-23T01:45:35.363697;b9cc670b-6407-4a6d-ba13-aeb5f1f53d20;7.91;13.9537;SELL
2016-04-23T01:45:35.000000;2016-04-23T01:45:35.372704;eeb5d9fb-75fe-44fb-91ad-7a84c137275e;7.851;26.0463;SELL
2016-04-23T01:50:50.000000;2016-04-23T01:50:50.704228;e502e74e-25ce-4c54-9bd6-c060ad2b2456;7.915;27.88071976;BUY
2016-04-23T01:57:07.000000;2016-04-23T01:57:07.910537;f26d143d-5efa-4b37-b0a9-67d1261f2266;7.9;0.2;SELL
2016-04-23T01:58:15.000000;2016-04-23T01:58:15.205232;ba1b5597-5e9e-43ad-997b-d7236f8fd54c;7.89;0.79;BUY
2016-04-23T01:58:23.000000;2016-04-23T01:58:23.741113;5f294dd5-bd28-4f4c-9700-b0a8ea1073a4;7.89;2.4297;BUY
2016-04-23T02:43:35.000000;2016-04-23T02:43:35.610567;f23ba8e8-e279-4aa7-a5cf-56f45dc7f62a;7.86;1.0;SELL
2016-04-23T02:52:30.000000;2016-04-23T02:52:30.385024;afac70e3-a22e-45ed-a8b1-ea6717195086;7.837;0.97151485;SELL
2016-04-23T02:52:33.000000;2016-04-23T02:52:33.189340;883d7f9c-6cce-4936-972c-1bd9f11f1282;7.837;0.97151485;SELL
2016-04-23T02:55:09.000000;2016-04-23T02:55:09.197225;bd6c2749-777e-405b-914d-51c2d6cdfd6f;7.837;0.69838135;SELL
2016-04-23T03:01:24.000000;2016-04-23T03:01:24.323698;fa63916a-fdd3-4d6f-801e-55504bfcb43c;7.858;6.3629;BUY
2016-04-23T03:03:17.000000;2016-04-23T03:03:17.262024;2d992f23-9d90-4067-b3a4-c45e66f65910;7.858;64.74;BUY
2016-04-23T03:03:18.000000;2016-04-23T03:03:18.199100;8187eaae-0e71-4f8b-895b-1db8864bae07;7.86;1.0;BUY
2016-04-23T03:03:25.000000;2016-04-23T03:03:25.876865;214b68a8-dfec-4a9a-852b-1cc980d8810d;7.86;40.72091962;SELL
2016-04-23T03:12:20.000000;2016-04-23T03:12:20.156057;dba013a0-153c-4605-b2a4-938de8ed6a94;7.8607;0.84324538;SELL
2016-04-23T03:16:31.000000;2016-04-23T03:16:31.463193;252d6db6-fa5d-4e42-8e1f-9ef1e246adc7;7.8621;1.70100615;SELL
2016-04-23T03:18:01.000000;2016-04-23T03:18:01.938616;7671ceb6-1f33-4ef0-88ee-9f6bfbea577a;7.8621;1.70100615;BUY
2016-04-23T03:18:01.000000;2016-04-23T03:18:01.949261;2fc76768-6097-41da-818f-9dde0fe96de0;7.8808;1.234889;BUY
2016-04-23T03:20:45.000000;2016-04-23T03:20:45.214559;35cfcb4a-1cf5-4804-b29d-25ec086a813c;7.9222;0.1;SELL
2016-04-23T03:21:37.000000;2016-04-23T03:21:37.860837;f249c8aa-8bb8-4576-aeed-ed925b79b485;7.862;0.84315334;SELL
2016-04-23T03:21:39.000000;2016-04-23T03:21:39.097977;288497d7-ae02-4720-887c-73e8297fc640;7.862;0.84315334;SELL
2016-04-23T03:53:21.000000;2016-04-23T03:53:22.073698;b3049bbd-6fd9-4d80-8c79-aa6acff3ba74;7.9183;0.1;BUY
2016-04-23T03:53:21.000000;2016-04-23T03:53:22.074678;2d788898-1302-4694-bb27-e92db3c690e6;7.9183;0.1;BUY
2016-04-23T03:53:21.000000;2016-04-23T03:53:22.084676;0de7df5d-7440-4062-af5f-3dd3f72f530d;7.9184;1.04409653;BUY
2016-04-23T03:53:24.000000;2016-04-23T03:53:24.839939;0171256c-6888-4048-9541-babffa8cf79d;7.9184;1.13846694;BUY
2016-04-23T04:00:34.000000;2016-04-23T04:00:34.936222;3ccfbebc-3451-46aa-a486-f740ff8c472a;7.918;0.97;SELL
2016-04-23T04:00:38.000000;2016-04-23T04:00:38.711266;621a8c65-cf4d-47a1-8afc-707c2ba806f2;7.895;0.97;SELL
2016-04-23T04:00:38.000000;2016-04-23T04:00:38.731276;5bbf9cc1-3e0e-4a55-ba1e-fd1bc994a100;7.895;0.97;SELL
2016-04-23T04:00:40.000000;2016-04-23T04:00:40.532453;8b4d5a28-6ef4-4109-a9e4-9446dbc4a802;7.9183;0.97;BUY
2016-04-23T04:00:40.000000;2016-04-23T04:00:40.539457;9fc889fb-ea7d-477e-aef0-f99d529c57f2;7.9184;0.8;BUY
2016-04-23T04:00:41.000000;2016-04-23T04:00:41.556558;1edec29a-3d18-49f0-a980-606d06df062b;7.9184;0.44409653;BUY
2016-04-23T04:00:41.000000;2016-04-23T04:00:41.572560;b579d22e-af0a-4684-9894-1798bc9ef616;7.9192;0.22471;BUY
2016-04-23T04:00:41.000000;2016-04-23T04:00:41.589562;6463aca3-520d-4369-a6ae-c4e732993a02;7.92;0.3;BUY
2016-04-23T04:00:42.000000;2016-04-23T04:00:42.646685;a54bb371-04a8-46c4-a073-a789fdb4ff68;7.92;0.80119347;SELL
2016-04-23T04:00:43.000000;2016-04-23T04:00:43.099696;ae20d61d-25cc-46ff-9768-f0ae6fad33b8;7.92;0.80119347;SELL
2016-04-23T04:00:43.000000;2016-04-23T04:00:43.580755;71a4a7a5-195d-4f17-a0fe-72bb1964963b;7.92;0.80119347;SELL
2016-04-23T04:00:45.000000;2016-04-23T04:00:45.608962;07099006-3660-49bc-a878-8a2087fb741e;7.918;2.21;SELL
2016-04-23T04:00:46.000000;2016-04-23T04:00:46.452043;5c4226f9-974a-43d8-a7de-aa74fdccdda7;7.897;0.80119347;SELL
2016-04-23T04:00:46.000000;2016-04-23T04:00:46.726071;7c5bbe63-1084-4197-b0e9-e3f9e1e1d689;7.897;0.80119347;SELL
2016-04-23T04:00:47.000000;2016-04-23T04:00:47.457148;11d45094-1e46-4455-9b09-fcd31243d2ea;7.897;2.21;SELL
2016-04-23T04:00:47.000000;2016-04-23T04:00:47.597188;012b3099-f93f-4779-b998-df2ac72cd191;7.897;2.21;SELL
2016-04-23T04:00:48.000000;2016-04-23T04:00:48.291232;81b749fa-5a75-44f2-a354-24269a78f11f;7.897;0.80119347;SELL
2016-04-23T04:01:13.000000;2016-04-23T04:01:13.830777;4a86449d-d9c3-4437-b2b9-07b12bb4bcf3;7.906;33.77900577;SELL
2016-04-23T04:01:13.000000;2016-04-23T04:01:13.842812;1931eeb7-1682-497a-b6b0-583d7cc96775;7.906;0.80119347;SELL
2016-04-23T04:01:16.000000;2016-04-23T04:01:16.630093;ef77613f-2a35-40b7-ab3e-bb949f792372;7.907;2.21;SELL
2016-04-23T04:02:37.000000;2016-04-23T04:02:37.647164;3524a000-dfc1-4742-9bd1-2d1cc8f6a905;7.91;10.0;BUY
2016-04-23T04:02:51.000000;2016-04-23T04:02:51.255519;da7e9b3f-d7a6-425e-9a37-03e90aab7cf7;7.92;10.0;BUY
2016-04-23T04:05:45.000000;2016-04-23T04:05:45.973000;44f72210-314d-4f6f-b20b-2d79af31767c;7.9299;0.63872;BUY
2016-04-23T04:05:45.000000;2016-04-23T04:05:45.980984;e3f1d95a-ddd2-439f-b499-0af1dc7fa81b;7.9299;0.21379653;BUY
2016-04-23T04:05:45.000000;2016-04-23T04:05:45.992014;b86fcbcb-cf85-468e-8cb0-6255f3e9e3eb;7.93;9.99748347;BUY
2016-04-23T04:05:47.000000;2016-04-23T04:05:47.283127;4e2c60cc-b169-4c1f-8200-0c178365e184;7.93;0.00251653;BUY
2016-04-23T04:06:03.000000;2016-04-23T04:06:03.560776;8de62349-12b6-48a7-9d57-944fd34024ae;7.93;0.16748347;SELL
2016-04-23T04:10:05.000000;2016-04-23T04:10:05.915643;87ce8040-7b83-4dab-8579-7ede8bb48263;7.929;2.37;SELL
2016-04-23T04:10:05.000000;2016-04-23T04:10:05.920629;dbbeafe2-c9c9-4e01-bfc0-d7c9638367cb;7.929;0.0042238;SELL
2016-04-23T04:10:12.000000;2016-04-23T04:10:12.490233;f7a80887-0a08-40ba-a1ba-ac08ae940c28;7.93;10.0;BUY
2016-04-23T04:10:20.000000;2016-04-23T04:10:20.272019;7a4a56b7-3755-4c5b-bb9f-970a0a04e242;7.93;10.0;SELL
2016-04-23T04:12:10.000000;2016-04-23T04:12:10.853080;2f87ec44-713e-4573-933e-d17dd72f6c42;7.94;10.0;BUY
2016-04-23T04:12:10.000000;2016-04-23T04:12:10.875071;106ba99d-9da9-4998-b12c-e58159ef7262;7.94;10.0;BUY
2016-04-23T04:14:05.000000;2016-04-23T04:14:05.705563;a615fa8b-24cf-4cd0-9e62-809018c89b44;7.95;9.25;BUY
2016-04-23T04:14:10.000000;2016-04-23T04:14:10.351055;c8d6b0be-08f3-43f4-92ed-7bdcee180b87;7.95;0.75;BUY
2016-04-23T04:14:10.000000;2016-04-23T04:14:10.367038;5296e719-5803-40b4-bb16-f28056e82d2b;7.95;10.0;BUY
2016-04-23T04:18:19.000000;2016-04-23T04:18:19.522939;afd96c23-d941-4601-b385-902a90a6a473;7.96;10.0;BUY
2016-04-23T04:18:19.000000;2016-04-23T04:18:19.542994;b051915b-0bf4-440e-b938-4f67caa1de96;7.96;10.0;BUY
2016-04-23T04:29:09.000000;2016-04-23T04:29:09.229356;27bff1fe-754d-42fe-bea5-f30bfc556926;7.967;0.56203187;SELL
2016-04-23T04:29:30.000000;2016-04-23T04:29:30.558492;09c1c6f0-8e90-42ad-b087-cb2effda0d28;7.97;5.3501109;BUY
2016-04-23T04:29:57.000000;2016-04-23T04:29:57.548194;7d832b6d-28e1-4d1a-b967-be8b274eab08;7.97;0.56202483;BUY
2016-04-23T04:37:51.000000;2016-04-23T04:37:51.170855;17757221-1b58-41d2-ab05-a6e482dc433c;7.97;2.7323;BUY
2016-04-23T05:02:19.000000;2016-04-23T05:02:20.049871;eaebb993-bed8-48b5-a025-00928ed98975;7.929;2.3657762;SELL
2016-04-23T05:10:02.000000;2016-04-23T05:10:02.041067;c44f4285-61d6-4e7b-9082-3b1c8251599b;7.891;3.8;SELL
2016-04-23T05:10:02.000000;2016-04-23T05:10:02.049067;70990c52-7d5a-4ff5-9e85-7f4eeba49f6b;7.89;3.03;SELL
2016-04-23T05:10:05.000000;2016-04-23T05:10:05.128361;0cae2717-9d55-4e27-a5b3-b34c4156f695;7.89;199.17;BUY
2016-04-23T05:35:49.000000;2016-04-23T05:35:49.829638;753e70a9-dd6e-43c5-8633-f3644ede8eab;7.93;6.95;BUY
2016-04-23T05:35:50.000000;2016-04-23T05:35:50.705729;c06b5d99-02e2-403f-91c5-4605f241bf00;7.93;3.05;BUY
2016-04-23T05:40:17.000000;2016-04-23T05:40:17.360385;ef3f1011-bf96-424b-bcde-b910fc48845c;7.92;30.0;SELL
2016-04-23T05:40:17.000000;2016-04-23T05:40:17.377384;48b2b8aa-0fcc-495a-ad5a-e51463748e79;7.92;30.0;SELL
2016-04-23T05:40:18.000000;2016-04-23T05:40:18.137469;8c85204e-f4e4-4f3f-a76c-010c3bcb6576;7.92;30.0;SELL
2016-04-23T05:40:28.000000;2016-04-23T05:40:28.584177;5418a898-73b8-40ba-9d1a-0818b906057c;7.916;30.0;SELL
2016-04-23T05:41:12.000000;2016-04-23T05:41:12.924614;4c5422f3-68b9-4d0e-a33e-9beb56ef28a6;7.938;3.8;BUY
2016-04-23T05:41:12.000000;2016-04-23T05:41:13.010624;4d0fd33f-4899-44ff-ab9e-773886a536b4;7.939;93.9574;BUY
2016-04-23T05:41:12.000000;2016-04-23T05:41:13.026595;01b2385d-c4da-42c9-b9d1-93634a56689e;7.94;6.2026;BUY
2016-04-23T05:41:14.000000;2016-04-23T05:41:14.266719;1af16ef4-9f08-4d2f-bad4-8c338e8856d3;7.94;3.7974;BUY
2016-04-23T05:45:22.000000;2016-04-23T05:45:22.057504;a9eafb18-6844-4f59-a0fa-d8622f8a7602;7.95;10.0;BUY
2016-04-23T05:45:22.000000;2016-04-23T05:45:22.067515;4ed52646-2406-43a4-858f-8a9b8ddfd3a6;7.95;10.0;BUY
2016-04-23T05:47:03.000000;2016-04-23T05:47:03.125628;f8096f9a-03ab-4e94-8219-603bcdb03710;7.954;3.41;SELL
2016-04-23T05:47:03.000000;2016-04-23T05:47:03.140621;882915ec-a6d4-4c0e-a505-0830b6997148;7.954;3.41;SELL
2016-04-23T05:47:03.000000;2016-04-23T05:47:03.149618;e8416b10-180c-4816-a734-29c51164c67e;7.954;3.41;SELL
2016-04-23T05:47:03.000000;2016-04-23T05:47:03.172609;ebfd7b06-59db-4305-b3ab-46733c66cc7c;7.95;15.0;SELL
2016-04-23T05:47:14.000000;2016-04-23T05:47:14.911783;d6b2ea81-a21c-4215-bd6a-a58f775bbe33;7.95;24.77;BUY
2016-04-23T05:56:39.000000;2016-04-23T05:56:40.007987;f30068c1-8991-488a-ab56-38b1f9fcd05d;7.95;36.36;BUY
2016-04-23T06:01:51.000000;2016-04-23T06:01:51.162086;df3f1fdd-2cef-4cfe-9ac9-0ce10596207c;7.931;2.0;SELL
2016-04-23T06:08:10.000000;2016-04-23T06:08:10.913043;1d1b13c8-b908-4023-a47f-b8e6777e0b36;7.95;13.64;BUY
2016-04-23T06:08:10.000000;2016-04-23T06:08:10.914040;eb1e2ee6-214b-4203-aae2-e200b5fd356d;7.951;94.0277;BUY
2016-04-23T06:18:59.000000;2016-04-23T06:19:00.085785;21e6363e-9fca-49ac-9911-afbd08b2c222;7.96;20.0;BUY
2016-04-23T06:24:15.000000;2016-04-23T06:24:15.667317;b60f8d24-b7da-44b5-83b2-814a7280d15d;7.96;46.78;BUY
2016-04-23T06:24:18.000000;2016-04-23T06:24:19.024659;85d6aa8c-e990-45d1-a2f8-cc59f63ebe5b;7.96;3.22;BUY
2016-04-23T06:29:17.000000;2016-04-23T06:29:17.871164;60422277-840b-4b67-a88a-7ace07f9a678;7.9699;19.30275857;BUY
2016-04-23T06:29:17.000000;2016-04-23T06:29:17.872164;d9b43e8a-3aba-46ed-8a08-99b28e9c6e53;7.97;1.35556427;BUY
2016-04-23T06:29:17.000000;2016-04-23T06:29:17.873162;e927e511-9bb7-4162-a59b-2eb7d856051a;7.97;10.0;BUY
2016-04-23T06:29:17.000000;2016-04-23T06:29:17.877195;d0ea7a5a-9a69-4569-9b54-517fd5581f3a;7.97;30.0;BUY
2016-04-23T06:29:17.000000;2016-04-23T06:29:17.958176;59fa72bc-70b8-462c-b307-b333edfaa7e2;7.9747;3.41472;BUY
2016-04-23T06:29:17.000000;2016-04-23T06:29:17.959172;c7f86be3-4d64-4216-b0ca-4aa1dc6d4791;7.9999;0.25037321;BUY
2016-04-23T06:29:17.000000;2016-04-23T06:29:17.979186;f7722f4f-a77c-4cec-8c76-5f1b27d9cf3a;8.0;0.4880474;BUY
2016-04-23T06:29:17.000000;2016-04-23T06:29:17.979186;837d629c-6007-468e-8719-d6e23df70c18;8.0;0.41085027;BUY
2016-04-23T06:29:17.000000;2016-04-23T06:29:17.980179;cf4815c7-3907-4bb9-a1b0-3dcc43529032;8.0;4.77768628;BUY
2016-04-23T06:29:23.000000;2016-04-23T06:29:23.030686;41fc404f-25ee-4cfe-90f7-755655ec6a97;7.9999;9.34125377;BUY
2016-04-23T06:29:23.000000;2016-04-23T06:29:23.037687;736afa20-addf-4977-b06e-dc58b203779b;8.0;15.22231372;BUY
2016-04-23T06:29:23.000000;2016-04-23T06:29:23.058702;dc0b8fd4-c17d-4ac2-9a57-e2a891707e83;8.11;0.5;BUY
2016-04-23T06:29:23.000000;2016-04-23T06:29:23.058702;e2bbdc9a-64d5-49e4-a379-9a6a0ec1516a;8.1209;9.84069918;BUY
2016-04-23T06:29:23.000000;2016-04-23T06:29:23.068699;16f64506-b9f5-4f09-a95f-8ff2e9ca26c6;8.121;0.09573333;BUY
2016-04-23T06:29:27.000000;2016-04-23T06:29:28.085198;ea7305b2-2741-453b-b2f2-116c46e52186;8.119;5.65377998;BUY
2016-04-23T06:29:41.000000;2016-04-23T06:29:41.675567;0c0f9e9f-6f30-4c57-b8ce-7d7e24216d82;8.0;9.35622973;SELL
2016-04-23T06:29:52.000000;2016-04-23T06:29:52.790655;2e7215ba-8a75-4bef-90c5-f66b615c4d03;8.02;1.0;SELL
2016-04-23T06:29:52.000000;2016-04-23T06:29:52.800660;6b0db4c4-bc6d-4417-b80d-7d385d352fa8;8.0;0.64377027;SELL
2016-04-23T06:29:52.000000;2016-04-23T06:29:52.812667;a0872c11-e7ba-477f-8835-ed5008a8d522;8.0;0.5;SELL
2016-04-23T06:29:52.000000;2016-04-23T06:29:52.831671;54fe79e9-3ec2-485b-8d54-d93828a5dc88;7.94;0.5;SELL
2016-04-23T06:29:52.000000;2016-04-23T06:29:52.835674;04b136a7-4392-4228-bc4c-379383ef1023;7.933;22.26084739;SELL
2016-04-23T06:30:02.000000;2016-04-23T06:30:02.468624;01496833-0075-40e4-88c2-1d8c98006cd0;8.1069;22.91843903;BUY
2016-04-23T06:30:02.000000;2016-04-23T06:30:02.480623;7ddb0dd2-248d-49a7-bd50-4151b041c5f4;8.107;2.32116097;BUY
2016-04-23T06:30:03.000000;2016-04-23T06:30:03.250751;5c60dffd-5fc0-49cf-b134-f8440fd7c9b7;8.106;10.2143;BUY
2016-04-23T06:31:00.000000;2016-04-23T06:31:00.241445;96a6d20a-041d-419d-baed-1a820cca1854;8.06;15.0;BUY
2016-04-23T06:31:00.000000;2016-04-23T06:31:00.271413;935a6ad0-ace3-4622-b959-323ebd3ffe70;8.07;11.861;BUY
2016-04-23T06:31:02.000000;2016-04-23T06:31:02.197595;ea3a9755-1a95-4113-8fc9-fa5fa9047a13;8.07;9.0077;BUY
2016-04-23T06:31:58.000000;2016-04-23T06:31:58.237190;0ed33993-ccea-4523-82f6-f516e5f2327f;8.0679;22.98117022;BUY
2016-04-23T06:31:58.000000;2016-04-23T06:31:58.245211;2c013a7a-da62-45eb-995c-aba686ba054b;8.068;0.31072978;BUY
2016-04-23T06:32:00.000000;2016-04-23T06:32:00.371412;10ed6993-cce3-47e9-88b1-ddf5203c350f;8.067;9.36079999;BUY
2016-04-23T06:32:56.000000;2016-04-23T06:32:56.286003;db38b185-0f3f-4543-bd4d-8f1416c0f005;8.0489;23.01206881;BUY
2016-04-23T06:32:56.000000;2016-04-23T06:32:56.290008;96393c8e-3b86-4810-940c-c60559ece6d3;8.049;3.36393119;BUY
2016-04-23T06:32:58.000000;2016-04-23T06:32:58.325249;87168523-695b-40b3-b853-41cd733c84ba;8.0489;8.9532;BUY
2016-04-23T06:33:54.000000;2016-04-23T06:33:54.209793;26aa01c3-dac9-479e-84bc-c4aa583861a0;8.04;22.81287367;BUY
2016-04-23T06:33:56.000000;2016-04-23T06:33:56.198048;1b6a15e5-8bf1-498f-bef0-4abe323aa31e;8.0399;8.8160616;BUY
2016-04-23T06:55:16.000000;2016-04-23T06:55:16.316667;2be6ced5-043e-4f29-ba7d-15881f6b37e8;7.936;1.0;SELL
2016-04-23T06:55:36.000000;2016-04-23T06:55:36.223668;c2c61729-fdd3-4b9f-8efd-73fb7afd026f;8.028;1.0;BUY
2016-04-23T07:49:10.000000;2016-04-23T07:49:10.387111;3197c4c2-30e3-4d74-b139-6992b84ba97d;7.9871;1.708869;BUY
2016-04-23T07:49:10.000000;2016-04-23T07:49:10.390144;e44a0fd2-2109-434c-a328-c976e822acb1;7.9999;1.10122259;BUY
2016-04-23T07:49:10.000000;2016-04-23T07:49:10.393142;a7b9d823-899c-49a9-9a65-8556e74696df;8.0;2.18990841;BUY
2016-04-23T07:49:15.000000;2016-04-23T07:49:15.065589;e4f77995-4bf6-4f93-956b-9833e9f59825;8.0;7.81009159;BUY
2016-04-23T07:49:15.000000;2016-04-23T07:49:15.072572;203a6316-2764-4df7-b877-5051484776f6;8.03;2.18990841;BUY
2016-04-23T07:49:20.000000;2016-04-23T07:49:20.131107;dfc3db22-fb5b-4723-8de0-fad3c7fa079d;8.0299;3.0;BUY
2016-04-23T08:12:15.000000;2016-04-23T08:12:15.948652;25e6f2e3-7018-4ec2-b9e3-30b09819797b;7.9658;1.623632;BUY
2016-04-23T08:20:38.000000;2016-04-23T08:20:38.403889;7e3dbee6-8ba6-4f25-b27b-af4f5568ec03;7.97;11.98280658;SELL
2016-04-23T08:22:55.000000;2016-04-23T08:22:55.266600;bc61425a-8ebb-42d2-885f-5e134d624a31;7.97;4.02794009;SELL
2016-04-23T08:22:57.000000;2016-04-23T08:22:57.957874;85542eca-fdea-4d6f-8a2d-30abbfda8717;7.97;4.02794009;SELL
2016-04-23T08:29:42.000000;2016-04-23T08:29:42.067586;a836ae39-6b8f-42ee-8c4f-d2bd27af57a4;7.99;10.0;BUY
2016-04-23T08:29:42.000000;2016-04-23T08:29:42.076586;d41004e6-f6f6-4e1b-ade0-5984b11608fa;7.99;10.0;BUY
2016-04-23T08:31:48.000000;2016-04-23T08:31:48.948271;c0a8b6c6-f5fd-4694-a72e-d4917fc7c621;7.9978;0.1;BUY
2016-04-23T08:35:56.000000;2016-04-23T08:35:57.437113;67c4ab40-9a61-4e37-8b5b-6d7fee7c9b45;7.9978;0.56352343;BUY
2016-04-23T08:35:56.000000;2016-04-23T08:35:57.439132;53650734-9b12-47b5-a4db-a68d8c0188f4;7.9979;1.43647657;BUY
2016-04-23T08:41:56.000000;2016-04-23T08:41:56.937983;8be12e1b-5762-4c80-a180-bbccdb2f452a;7.99;4.0;BUY
2016-04-23T08:51:55.000000;2016-04-23T08:51:55.652843;08cbc755-e650-4cd7-a286-00016e5be612;7.98;10.0;SELL
2016-04-23T09:04:40.000000;2016-04-23T09:04:40.437915;7c59ebd4-4b2c-4ba2-bae3-964577cd6159;7.97;44.9;SELL
2016-04-23T09:10:17.000000;2016-04-23T09:10:17.447603;96389f6d-3241-4277-9deb-fb44707c117b;7.97;15.51106673;SELL
2016-04-23T09:10:17.000000;2016-04-23T09:10:17.585639;8a4cb9e1-6de8-4d16-bc2c-05f76d5b525b;7.97;13.1833256;SELL
2016-04-23T09:10:19.000000;2016-04-23T09:10:19.240808;cf483b67-cc6b-464a-af0d-89bdc24c3aa9;7.97;15.51106673;SELL
2016-04-23T09:13:27.000000;2016-04-23T09:13:27.050735;769c75a4-ccfc-4f43-bc39-9d5acb911932;7.97;5.0;SELL
2016-04-23T09:14:06.000000;2016-04-23T09:14:06.061656;72daa78b-f758-4fc8-a403-4758278550db;7.97;5.0;SELL
2016-04-23T09:19:32.000000;2016-04-23T09:19:33.014325;6fe34dc1-06f4-4fd7-833b-f6a51bbd0d9a;7.986;1.0;BUY
2016-04-23T09:31:50.000000;2016-04-23T09:31:50.545594;275ed6cf-900a-49ff-9205-d76ffdafb609;7.97;4.6722036;SELL
2016-04-23T09:31:52.000000;2016-04-23T09:31:52.188752;5d799c25-ab8d-446f-b807-7a7a876adb17;7.97;4.6722036;SELL
2016-04-23T09:31:53.000000;2016-04-23T09:31:53.502891;18c9320d-a28c-4d86-96b5-d0b58a49dabd;7.97;4.6722036;SELL
2016-04-23T09:33:00.000000;2016-04-23T09:33:00.443646;28e8c885-b795-4196-ae9a-78a653576801;7.97;6.30921131;SELL
2016-04-23T09:33:03.000000;2016-04-23T09:33:03.969920;fd220577-4ef8-4477-9163-a9659fa9d4b3;7.97;9.43210452;SELL
2016-04-23T09:33:04.000000;2016-04-23T09:33:04.631004;9bbb741c-3f45-4775-82d1-5a69630f5a8c;7.97;14.95366059;SELL
2016-04-23T09:33:05.000000;2016-04-23T09:33:05.301093;33cdb0ff-9337-49a0-9294-2df9507df10b;7.97;10.85393387;SELL
2016-04-23T09:33:05.000000;2016-04-23T09:33:05.527078;ef103061-2b1e-40e0-a007-093449a1e3c7;7.97;6.53831711;SELL
2016-04-23T09:33:05.000000;2016-04-23T09:33:05.553087;c6f69f61-bace-4a7a-99b9-4c434ae5516f;7.97;0.85282362;SELL
2016-04-23T09:33:05.000000;2016-04-23T09:33:05.604141;b985ad78-5ee3-4e61-9337-349e26fc7854;7.97;0.11123818;SELL
2016-04-23T09:33:05.000000;2016-04-23T09:33:05.693107;80816fac-7e4c-4909-8093-64efc357176f;7.97;44.17;SELL
2016-04-23T09:33:06.000000;2016-04-23T09:33:06.237155;dbe18be1-2344-4d52-bd46-a6e8d083f632;7.97;224.29;SELL
2016-04-23T09:33:06.000000;2016-04-23T09:33:06.484194;8364e235-c16b-4b51-99da-b222ade4100d;7.97;5.29811516;SELL
2016-04-23T09:33:06.000000;2016-04-23T09:33:06.534229;5972ffd1-ee7e-46eb-819d-aa036601b316;7.97;12.46872825;SELL
2016-04-23T09:33:06.000000;2016-04-23T09:33:06.648237;2ca52e13-6c70-498e-b7cc-32c3457e8302;7.97;2.57248622;SELL
2016-04-23T09:33:07.000000;2016-04-23T09:33:07.149247;f8751956-0dee-4f60-9c9d-2e9bb7d3471e;7.97;27.36499255;SELL
2016-04-23T09:33:07.000000;2016-04-23T09:33:07.149247;d27e3637-d4e9-4aab-b409-45d58b5afb8e;7.97;108.33500745;SELL
2016-04-23T09:33:07.000000;2016-04-23T09:33:07.851354;5c613aec-b2c1-493c-80a1-eff366098b4a;7.97;24.57554976;SELL
2016-04-23T09:33:08.000000;2016-04-23T09:33:08.130347;a015929b-6699-468c-a772-4ab0bc52034b;7.97;2.78483852;SELL
2016-04-23T09:33:08.000000;2016-04-23T09:33:08.272366;3547115e-f842-4705-b229-914a871747d7;7.97;64.30460427;SELL
2016-04-23T09:33:12.000000;2016-04-23T09:33:12.043730;fb9322e9-d1fa-4cb9-9eb2-2f1996fd740b;7.95;5.91987065;SELL
2016-04-23T09:33:12.000000;2016-04-23T09:33:12.389782;38bc6969-3619-4462-aae0-6609d4a863ad;7.95;5.04194614;SELL
2016-04-23T09:33:13.000000;2016-04-23T09:33:13.385926;5e5f43b7-1c1c-4344-8a45-dc58348b2017;7.95;5.91987065;SELL
2016-04-23T09:33:14.000000;2016-04-23T09:33:14.420987;de8fe4fe-f645-4fc4-aa5b-37d9297145f1;7.95;4.02097129;SELL
2016-04-23T09:33:14.000000;2016-04-23T09:33:14.737015;b6816b68-2bda-41a9-abd3-19a31cdbc30f;7.95;5.92936143;SELL
2016-04-23T09:33:14.000000;2016-04-23T09:33:14.740044;d9e0b1d1-11b4-4f42-bdca-eba00a63a545;7.95;0.82995315;SELL
2016-04-23T09:33:16.000000;2016-04-23T09:33:16.165159;ab9f6969-2398-45b7-8435-b7ad92474a9c;7.95;0.80883426;SELL
2016-04-23T09:36:43.000000;2016-04-23T09:36:43.552880;f3652ddf-5198-40d9-929d-b28b3e8668ab;7.88;0.3011003;SELL
2016-04-23T09:36:46.000000;2016-04-23T09:36:46.280184;89f9da6a-5595-494f-b1e8-891d874f30df;7.88;0.1028997;SELL
2016-04-23T09:36:55.000000;2016-04-23T09:36:55.895128;bf5157cc-fdfd-4104-88e8-abea6a2b7876;7.8488;6.34073391;SELL
2016-04-23T09:36:55.000000;2016-04-23T09:36:55.915230;e0d634c7-4ea1-48d1-a939-aa7a0b493825;7.847;93.65926609;SELL
2016-04-23T09:37:32.000000;2016-04-23T09:37:32.302753;a4895906-b5c7-4e2d-b523-b9804ba2c9d7;7.847;1.07398949;SELL
2016-04-23T09:37:42.000000;2016-04-23T09:37:42.205779;2bd0800d-b80b-4d2c-8869-fe0a25301acf;7.847;0.70886898;SELL
2016-04-23T09:37:42.000000;2016-04-23T09:37:42.876872;7ed07a0c-23e4-4094-96b3-325f4f38ca84;7.847;0.71000544;SELL
2016-04-23T09:37:43.000000;2016-04-23T09:37:43.137840;7caa1cb1-771b-4a77-9529-e3c80a5bdfa4;7.847;0.70886898;SELL
2016-04-23T09:37:44.000000;2016-04-23T09:37:44.489000;43e59fb4-617c-49f7-add4-b844ef0e9a8d;7.847;0.70992206;SELL
2016-04-23T09:37:46.000000;2016-04-23T09:37:49.571532;f80b514b-2b95-4e54-9caf-ba9442628f36;7.847;0.70939581;SELL
2016-04-23T09:37:50.000000;2016-04-23T09:37:50.622661;08464a30-a1b9-4d21-b264-abf59aad066c;7.847;2.00721381;SELL
2016-04-23T09:37:53.000000;2016-04-23T09:37:53.987941;c621ab71-da30-483f-ad1e-4ee2c7dcf2eb;7.847;0.70939581;SELL
2016-04-23T09:37:55.000000;2016-04-23T09:37:55.063049;108d52ed-bd08-4c64-a34e-60b60e263a30;7.847;3.22649912;SELL
2016-04-23T09:37:58.000000;2016-04-23T09:37:58.648395;8b4fbf04-6861-40a3-97df-8af3414bb415;7.847;3.08088697;SELL
2016-04-23T09:38:02.000000;2016-04-23T09:38:02.297780;6362eb33-a0cf-4b28-a087-c0234fabda4f;7.847;0.95952136;SELL
2016-04-23T09:38:07.000000;2016-04-23T09:38:07.070227;81aa51d4-6935-46b1-a00e-6bf55e837db6;7.847;4.0933499;SELL
2016-04-23T09:38:10.000000;2016-04-23T09:38:10.682602;f555999d-9b12-4bda-ac2d-f1574e0a93b5;7.847;2.28098813;SELL
2016-04-23T09:38:13.000000;2016-04-23T09:38:13.788926;1743ab92-669f-4dd5-9b09-3a54c86b479e;7.847;1.56793127;SELL
2016-04-23T09:38:17.000000;2016-04-23T09:38:17.553293;eaa6162f-5bf7-4841-9801-95ed84ef2c66;7.847;1.15885099;SELL
2016-04-23T09:38:19.000000;2016-04-23T09:38:19.828503;df10bffb-956c-4e30-aa3a-a3fa1ebb8038;7.847;3.22576101;SELL
2016-04-23T09:38:22.000000;2016-04-23T09:38:22.396792;d5dc3a17-ae84-4b87-a228-e8706eabc4f1;7.847;1.1811945;SELL
2016-04-23T09:38:25.000000;2016-04-23T09:38:25.885128;93a4cb60-e5b5-4ef9-b0df-6d386d78ce4f;7.847;3.22196435;SELL
2016-04-23T09:38:30.000000;2016-04-23T09:38:30.223557;da4593d9-5c41-4169-8676-5361b33fff27;7.847;1.53311201;SELL
2016-04-23T09:38:38.000000;2016-04-23T09:38:38.334368;894e19c1-7c4e-47bb-952f-037c4bb13931;7.847;1.56883897;SELL
2016-04-23T09:38:40.000000;2016-04-23T09:38:40.939618;d0c5ce87-7fc6-45eb-91ef-b747fb4900e8;7.847;1.34359;SELL
2016-04-23T09:40:58.000000;2016-04-23T09:40:58.680428;4e9ad3a6-b7e0-4b51-9b44-43ee61aea6c7;7.847;3.97402277;SELL
2016-04-23T09:41:02.000000;2016-04-23T09:41:02.821807;9f7c79f8-6877-4dfb-89d1-0ec7ae1459ec;7.847;4.90828318;SELL
2016-04-23T09:41:07.000000;2016-04-23T09:41:07.771398;20009e03-f6d2-4efd-bb0f-6436bb82bed2;7.847;4.95745478;SELL
2016-04-23T09:41:11.000000;2016-04-23T09:41:11.211647;a5db22ce-ef76-4887-865f-8525e3732b39;7.847;4.95745478;SELL
2016-04-23T09:41:15.000000;2016-04-23T09:41:15.430079;898c7bdf-e222-48ae-b595-ea3f1b38e63a;7.847;5.94088678;SELL
2016-04-23T09:41:24.000000;2016-04-23T09:41:24.441014;e9958199-09b0-4297-9927-fa437aef1c0f;7.847;0.82248266;SELL
2016-04-23T09:41:24.000000;2016-04-23T09:41:24.476990;c450ec3a-b150-4595-be33-3474bddbdd3e;7.847;5.0;SELL
2016-04-23T09:41:31.000000;2016-04-23T09:41:31.427679;81d6af1c-66ba-4979-9052-77ee2c17bc41;7.837;3.14283355;SELL
2016-04-23T09:41:36.000000;2016-04-23T09:41:36.745079;7f49c62a-0b5c-45e0-91e1-e39577d6fc70;7.837;3.14283355;SELL
2016-04-23T09:41:52.000000;2016-04-23T09:41:52.102601;bed47ffc-77ce-475f-9220-146f8110e622;7.837;3.24150938;SELL
2016-04-23T09:41:56.000000;2016-04-23T09:41:56.481040;0f8940e6-e4c4-4c48-bba0-3355aa6ff35d;7.837;3.24150938;SELL
2016-04-23T09:45:12.000000;2016-04-23T09:45:12.635640;b89689c8-b777-4296-ab71-d124268a537b;7.858;95.1944;BUY
2016-04-23T09:45:12.000000;2016-04-23T09:45:12.637638;e954bb29-1cfd-4524-9426-cab99423594c;7.86;3.200334;BUY
2016-04-23T09:45:41.000000;2016-04-23T09:45:41.720551;1b6fe33d-675b-41b6-920d-339d8bcea743;7.856;66.9154;BUY
2016-04-23T09:45:41.000000;2016-04-23T09:45:41.726556;200edebe-2293-4a52-96c0-7c62d1a194a6;7.8573;3.452356;BUY
2016-04-23T09:49:21.000000;2016-04-23T09:49:21.754535;b164b32a-622f-4b9e-a3a7-9173c0541030;7.86;29.632244;SELL
2016-04-23T09:49:21.000000;2016-04-23T09:49:21.760542;13d65265-600e-42e3-95c2-f611ac19a22c;7.82;40.98829537;SELL
2016-04-23T09:54:14.000000;2016-04-23T09:54:14.722830;15e3dfdf-4780-48be-984f-03f75cade8a0;7.8704;0.70686668;SELL
2016-04-23T09:54:15.000000;2016-04-23T09:54:15.107884;8c36da10-5db3-456b-b114-9283fe3acd21;7.8704;69.7;SELL
2016-04-23T09:54:16.000000;2016-04-23T09:54:16.878089;4fee4179-05d2-4446-a177-a18e422cd5a6;7.8704;0.59503217;SELL
2016-04-23T09:54:17.000000;2016-04-23T09:54:17.133271;90955a6a-4dcd-4c14-a3c0-f531898af9a4;7.8704;2.27991041;SELL
2016-04-23T09:54:19.000000;2016-04-23T09:54:19.461299;212a394c-102b-4f04-9251-c201fa3160f2;7.8704;46.7;SELL
2016-04-23T09:54:19.000000;2016-04-23T09:54:19.847363;f97bd341-f2ed-41d4-868d-b60ae10205df;7.8704;3.2316218;SELL
2016-04-23T09:54:22.000000;2016-04-23T09:54:22.565614;f94c6c0e-dfb6-4550-9d67-8739a305901f;7.8704;3.29827134;SELL
2016-04-23T09:54:25.000000;2016-04-23T09:54:25.243881;8c2a2934-7595-4a59-a3ab-d003a632385e;7.8704;3.29827134;SELL
2016-04-23T09:54:25.000000;2016-04-23T09:54:25.658925;4f92aa64-67d6-4949-a3a1-61fa7efe9c3d;7.8704;0.59450761;SELL
2016-04-23T09:54:26.000000;2016-04-23T09:54:26.696371;4c0652ce-7eb9-4b3e-af96-5c918dd2793d;7.8704;0.59450761;SELL
2016-04-23T09:54:26.000000;2016-04-23T09:54:26.801057;c4368752-f1f7-4aa2-871e-f5bef39a8ea6;7.8742;0.1982006;BUY
2016-04-23T09:54:26.000000;2016-04-23T09:54:26.808056;8dfa6148-5c14-4c8f-a300-023fc3f944b2;7.8743;6.35430311;BUY
2016-04-23T09:54:26.000000;2016-04-23T09:54:27.002072;dcd98846-7254-43db-9ba8-caf3b768c261;7.8743;3.29827134;SELL
2016-04-23T09:54:28.000000;2016-04-23T09:54:28.547234;7b2bcbf3-f6dc-4075-a9bb-8184de615b33;7.8743;0.59465443;SELL
2016-04-23T09:54:28.000000;2016-04-23T09:54:28.992274;fd947ff9-4f75-4b9a-8686-a3e1de7da7b2;7.8743;31.29;SELL
2016-04-23T09:54:29.000000;2016-04-23T09:54:29.712386;cdca2d72-55c3-4a3f-871c-4b0ac2a12b2f;7.8743;4.38629434;SELL
2016-04-23T09:54:29.000000;2016-04-23T09:54:29.771378;652815ef-2874-42e7-9520-29bb990b0c7a;7.8743;0.59465443;SELL
2016-04-23T09:54:31.000000;2016-04-23T09:54:31.873558;7065273e-3950-45ab-867c-fb0870650eaf;7.8743;0.66738477;SELL
2016-04-23T09:54:32.000000;2016-04-23T09:54:32.451599;fb2565f9-1a39-4ea5-8c87-46d59cb26a98;7.8743;4.38629434;SELL
2016-04-23T09:54:33.000000;2016-04-23T09:54:34.021783;55e7acc2-3d1d-4e4b-9cef-0c1096b070b8;7.8743;0.66738477;SELL
2016-04-23T09:54:34.000000;2016-04-23T09:54:34.408809;341c5a2a-fa53-4f42-9a61-e179f94cb07a;7.8743;0.66738477;SELL
2016-04-23T09:54:34.000000;2016-04-23T09:54:34.489805;0766da26-e6a5-49e1-b7cf-aab31626cc9e;7.8743;0.66845472;SELL
2016-04-23T09:54:35.000000;2016-04-23T09:54:35.762937;0b314890-428a-4fd6-a6c5-844620d399e7;7.8743;1.26176844;SELL
2016-04-23T09:54:36.000000;2016-04-23T09:54:37.063072;a34c561a-7a88-4c18-8e1e-7c8f4def5564;7.8743;0.66738477;SELL
2016-04-23T09:54:39.000000;2016-04-23T09:54:39.314306;474a31c2-e515-4429-956c-a23a6241043b;7.8743;20.96;SELL
2016-04-23T09:54:39.000000;2016-04-23T09:54:39.486320;ddd99123-b1fb-4f0f-b9e1-9dbac37b9551;7.8743;4.38629434;SELL
2016-04-23T09:54:39.000000;2016-04-23T09:54:39.650327;9c08a405-23e2-47ff-ad9a-2271dbf77c3c;7.8743;0.66698841;SELL
2016-04-23T09:54:41.000000;2016-04-23T09:54:41.067466;1eed474b-83bd-49b5-9271-0fd44c828270;7.875;3.452356;BUY
2016-04-23T09:54:42.000000;2016-04-23T09:54:42.407596;6aad29e9-48fa-4182-9250-433a75fa7a30;7.8757;0.66698841;SELL
2016-04-23T09:54:42.000000;2016-04-23T09:54:42.854681;1ce617f2-d6bf-4d19-8c4e-05db1a61d367;7.8757;1.39101496;SELL
2016-04-23T09:54:42.000000;2016-04-23T09:54:43.228693;a394e87c-91ed-4937-bd0d-cf6b1404d175;7.8757;0.66698841;SELL
2016-04-23T09:54:43.000000;2016-04-23T09:54:43.675744;9e7e487d-0b94-474b-8174-ffbaae9733fa;7.8757;0.16943098;SELL
2016-04-23T09:54:44.000000;2016-04-23T09:54:44.453847;545ec79c-3128-4970-ba07-8e35ea5116e1;7.8743;0.66698841;SELL
2016-04-23T09:54:45.000000;2016-04-23T09:54:45.943991;6574f056-035d-494b-8999-778c4da46470;7.8743;0.49862675;SELL
2016-04-23T09:54:47.000000;2016-04-23T09:54:47.948150;f4bd0044-a41e-4976-91bd-506e12bfee70;7.8743;0.68427949;SELL
2016-04-23T09:54:48.000000;2016-04-23T09:54:48.925257;8080ceda-597a-41bb-ba0a-bce0ee05bed1;7.8743;3.89889516;SELL
2016-04-23T09:54:49.000000;2016-04-23T09:54:49.459306;190de850-0ee3-4655-b325-185b2e914d6e;7.8743;14.04;SELL
2016-04-23T09:54:50.000000;2016-04-23T09:54:50.336415;dd21d554-1a17-461c-a923-f702b9cfb0af;7.8756;0.68427949;BUY
2016-04-23T09:54:50.000000;2016-04-23T09:54:50.346409;78afadb2-1cc6-44d9-bf02-33fbc735848a;7.8757;0.57525006;BUY
2016-04-23T09:54:50.000000;2016-04-23T09:54:50.359439;43fb6684-7c28-41b1-85e4-1764a6162765;7.921;2.06;BUY
2016-04-23T09:54:50.000000;2016-04-23T09:54:50.377409;3b8d5639-a8f1-48b6-bc89-3b3f2271ae1a;7.9229;2.78299329;BUY
2016-04-23T09:54:50.000000;2016-04-23T09:54:50.561442;6c77f624-96d6-4a2c-aac0-7c04c39abbd0;7.9231;20.13520831;SELL
2016-04-23T09:54:50.000000;2016-04-23T09:54:50.793451;48022c14-becd-4fe0-b06c-dcde30c86c7a;7.9231;50.4;SELL
2016-04-23T09:54:51.000000;2016-04-23T09:54:51.083711;6aae8335-21bc-4f98-aba1-e31caf88bb52;7.9231;51.61771351;SELL
2016-04-23T09:54:51.000000;2016-04-23T09:54:51.438502;91f6ade3-981a-4071-aebd-ff53c8250496;7.9231;1.21397232;SELL
2016-04-23T09:54:52.000000;2016-04-23T09:54:52.143614;9f9b5acb-0e9a-491a-b53a-7cb351461ea4;7.9231;1.92532988;SELL
2016-04-23T09:54:52.000000;2016-04-23T09:54:52.415595;674ab427-206c-4973-b3b7-36bde8827182;7.9231;1.08752033;SELL
2016-04-23T09:54:52.000000;2016-04-23T09:54:52.449605;aab193a8-035d-4085-ad6e-b119c50fad3d;7.9231;0.14185067;SELL
2016-04-23T09:54:52.000000;2016-04-23T09:54:52.680625;1f26acdf-6deb-40f9-847e-372f0afb2b47;7.9231;51.92834304;SELL
2016-04-23T09:54:52.000000;2016-04-23T09:54:52.710670;b0005431-4c80-42f2-9a83-f3e62f1e2e25;7.9231;0.2511299;SELL
2016-04-23T09:54:53.000000;2016-04-23T09:54:53.362701;457660b7-3cd8-409f-910b-fbfad01b27ae;7.9231;5.04381094;SELL
2016-04-23T09:54:53.000000;2016-04-23T09:54:53.628748;06c4fcdd-c69c-43bb-ab6f-9863a326c4c4;7.9231;0.68020785;SELL
2016-04-23T09:54:53.000000;2016-04-23T09:54:53.985761;4525a1e2-96d7-4a6e-a80f-fa1d030d0251;7.9231;0.27657069;SELL
2016-04-23T09:54:53.000000;2016-04-23T09:54:54.024781;dd60952c-3595-4240-9acc-bfafcb403e16;7.9231;2.77501248;SELL
2016-04-23T09:54:53.000000;2016-04-23T09:54:54.087781;3585478c-3b2b-40d6-8d85-931be67c3f82;7.9231;0.22789945;SELL
2016-04-23T09:54:54.000000;2016-04-23T09:54:54.256795;847696a6-7cb0-4c01-848c-cc7a212f6cce;7.9231;1.92532988;SELL
2016-04-23T09:54:55.000000;2016-04-23T09:54:55.590929;31af6a98-02aa-445b-b1c7-9383c302c4ae;7.9231;1.92532988;SELL
2016-04-23T09:54:55.000000;2016-04-23T09:54:55.936982;ec435009-f90f-4efe-965f-86d0d0d1aadf;7.9231;0.40461235;SELL
2016-04-23T09:54:55.000000;2016-04-23T09:54:55.982047;2009d9b3-bf85-4d7b-becf-c14548f5ac65;7.9231;0.22789945;SELL
2016-04-23T09:54:56.000000;2016-04-23T09:54:56.170997;46d4d19b-66f4-40ce-a06f-86f3bd219115;7.9231;90.10657973;SELL
2016-04-23T09:54:56.000000;2016-04-23T09:54:56.306559;36bd05ba-5890-4212-9faf-91330736d29d;7.9231;18.66617974;SELL
2016-04-23T09:54:56.000000;2016-04-23T09:54:56.823055;3d224b78-3ab6-457e-8c23-ae707a8ede1d;7.9231;0.22789945;SELL
2016-04-23T09:54:56.000000;2016-04-23T09:54:57.046080;c4bea10b-a25f-4713-8c73-8470fb512d25;7.9231;0.27701409;SELL
2016-04-23T09:54:57.000000;2016-04-23T09:54:57.140096;cc4ef8e9-a73a-4731-bcf5-7c2143192c83;7.9231;0.6801554;SELL
2016-04-23T09:54:58.000000;2016-04-23T09:54:58.663252;aaa17b66-a4c2-40bc-9d8c-12eb7b6f49df;7.9231;5.50139666;SELL
2016-04-23T09:54:59.000000;2016-04-23T09:55:00.106373;c6b793dd-2d40-4212-a1ba-c27084c2a68a;7.8764;0.84364885;SELL
2016-04-23T09:55:07.000000;2016-04-23T09:55:07.809156;42b9b060-110d-4d5a-86a3-ad325b69ca5f;7.8648;0.84364885;SELL
2016-04-23T09:55:07.000000;2016-04-23T09:55:07.856153;c41f3041-40d7-429c-9456-8b8e6cbf6357;7.8648;3.13611191;SELL
2016-04-23T09:55:45.000000;2016-04-23T09:55:45.512910;fe71ced6-1108-4aa6-8d83-50fdf32d9799;7.8759;0.46376625;BUY
2016-04-23T09:55:45.000000;2016-04-23T09:55:45.521924;812ac08e-8cd7-473d-97c1-613659334f74;7.8759;1.18710588;BUY
2016-04-23T09:55:45.000000;2016-04-23T09:55:45.525915;3d9250a3-0687-4936-87bd-e88a8f69b772;7.8759;0.46376625;BUY
2016-04-23T09:55:54.000000;2016-04-23T09:55:54.166397;76e369c5-cfc8-43f2-b02e-9fe5544bb77f;7.8759;3.436696;SELL
2016-04-23T09:55:54.000000;2016-04-23T09:55:54.908882;12a5b7d0-5f70-43df-b2c1-738f0e9bb843;7.8759;5.73019279;SELL
2016-04-23T09:55:57.000000;2016-04-23T09:55:58.057173;ccac1dab-9391-42de-94f6-d5feeb08cdcc;7.8759;0.78889563;SELL
2016-04-23T09:55:58.000000;2016-04-23T09:55:58.396197;3f4b1eee-2430-49e6-8972-fe87b4474f2c;7.8759;5.73019279;SELL
2016-04-23T09:56:04.000000;2016-04-23T09:56:04.305797;e985e4f9-f580-4193-ae23-99f2a66907ea;7.8759;5.73019279;SELL
2016-04-23T09:56:06.000000;2016-04-23T09:56:06.843059;7c0725ad-3623-4e81-8cd2-78f6866349fb;7.876;7.88635115;BUY
2016-04-23T09:56:06.000000;2016-04-23T09:56:06.874052;df17f396-9e6d-495b-ba35-8e757c7a777c;7.876;8.45;BUY
2016-04-23T09:56:06.000000;2016-04-23T09:56:06.887066;d635355e-9481-48dc-b52d-79559fc97c27;7.876;8.45;BUY
2016-04-23T09:56:06.000000;2016-04-23T09:56:06.905088;abe34521-8f81-42e7-a4be-d48967e8a93c;7.876;8.45;BUY
2016-04-23T09:56:06.000000;2016-04-23T09:56:06.906071;09e76182-fea4-4c28-8d09-cdcadd54ba7f;7.923;0.6801554;BUY
2016-04-23T09:56:06.000000;2016-04-23T09:56:06.937049;a6856459-cfb3-48ab-99b9-804b2843f0e0;7.923;0.22789945;BUY
2016-04-23T09:56:06.000000;2016-04-23T09:56:06.937049;7589f3f8-7201-4528-aa3e-5c30122df63d;7.923;0.15484002;BUY
2016-04-23T09:56:07.000000;2016-04-23T09:56:07.533114;de16819a-7bab-42c5-bd68-cac586de2165;7.9231;50.5;SELL
2016-04-23T09:56:07.000000;2016-04-23T09:56:07.593127;297bc42d-cd5a-42cf-9842-5601b7a6eebf;7.9231;0.29648772;SELL
2016-04-23T09:56:07.000000;2016-04-23T09:56:08.062169;c6fb1f5d-290a-4598-b1bd-33a1f70a6fed;7.9231;0.14567024;SELL
2016-04-23T09:56:07.000000;2016-04-23T09:56:08.197197;4e7b8e7f-9d2a-4040-b1d7-6a41da9133b1;7.9231;17.91843302;SELL
2016-04-23T09:56:33.000000;2016-04-23T09:56:33.411746;e7a14974-69fa-4e8b-8da4-ea4566285cbd;7.8758;0.29648772;BUY
2016-04-23T09:56:40.000000;2016-04-23T09:56:40.688531;012c3617-c295-43ce-b090-21be4c9e24ee;7.8759;1.218952;BUY
2016-04-23T09:56:42.000000;2016-04-23T09:56:42.951755;2a03bf53-4f47-4c7e-9ea5-c7fdd545fcd9;7.8759;2.81044547;SELL
2016-04-23T09:56:46.000000;2016-04-23T09:56:47.001162;5be799f7-3e4d-4a76-a2cf-82e8ab89fe30;7.8759;2.9932808;SELL
2016-04-23T09:56:48.000000;2016-04-23T09:56:48.972363;fffd3505-ea92-4ce0-a7aa-ddad253caf50;7.8759;2.9932808;SELL
2016-04-23T09:56:51.000000;2016-04-23T09:56:51.122565;8c16e23b-cd01-4259-afe9-4af0c364ef4e;7.8759;2.9932808;SELL
2016-04-23T09:56:53.000000;2016-04-23T09:56:53.485835;9e994e10-ee66-4764-bbf0-11a963d198eb;7.8759;2.9932808;SELL
2016-04-23T09:56:56.000000;2016-04-23T09:56:56.120076;41565ac8-9e5a-4deb-9cfa-77508a0c5194;7.8968;45.75815805;SELL
2016-04-23T09:56:57.000000;2016-04-23T09:56:57.302178;2f3c3454-db5d-46a3-b037-37cadee24f95;7.8968;2.9932808;SELL
2016-04-23T09:56:57.000000;2016-04-23T09:56:57.468233;fee544be-7305-415a-9308-de057d77c937;7.8968;0.101451;SELL
2016-04-23T09:56:57.000000;2016-04-23T09:56:57.654214;9e931b85-1f57-4df2-9c03-2f2ab3e7a4ef;7.8968;45.79821797;SELL
2016-04-23T09:56:57.000000;2016-04-23T09:56:57.680246;9f6bf266-9859-4457-aabf-90c7b440cfed;7.8968;0.4653108;SELL
2016-04-23T09:56:58.000000;2016-04-23T09:56:58.357316;546bda89-ef36-485e-ad8b-0d71ea5b44cb;7.8968;0.89397663;SELL
2016-04-23T09:56:58.000000;2016-04-23T09:56:58.647325;1028a475-a985-4663-819a-00ca6c27ec09;7.8968;0.10145099;SELL
2016-04-23T09:56:59.000000;2016-04-23T09:56:59.071392;5d82e814-15e6-4e0e-8d25-63a2a7261349;7.8968;0.10161364;SELL
2016-04-23T09:56:59.000000;2016-04-23T09:56:59.083367;8afa458b-6989-4014-a243-df7d69ca13d2;7.8968;0.101451;SELL
2016-04-23T09:56:59.000000;2016-04-23T09:56:59.259372;f8e3b583-dbc2-48b5-ba0c-8767f4070ef9;7.8968;31.07762395;SELL
2016-04-23T09:56:59.000000;2016-04-23T09:56:59.470388;269ee5be-0a79-4b97-bc0e-d1bfb42c5bbe;7.8968;0.13413859;SELL
2016-04-23T09:56:59.000000;2016-04-23T09:56:59.949447;34a1e70c-9ef2-46ee-9fa3-8df4cd44210b;7.8968;0.2885761;SELL
2016-04-23T09:57:00.000000;2016-04-23T09:57:00.679533;92309738-3249-480a-ae27-58a6b55796bf;7.8968;0.2885761;SELL
2016-04-23T09:57:01.000000;2016-04-23T09:57:01.805641;07738096-dfcd-4324-97e9-9d1c532a717a;7.8968;1.62495038;SELL
2016-04-23T09:57:07.000000;2016-04-23T09:57:07.276177;4510b5e7-0abb-4c6d-b1fe-1e6c81899ffc;7.8967;0.57635949;BUY
2016-04-23T09:57:07.000000;2016-04-23T09:57:07.280186;ac40075a-5948-495b-8b62-c161d0be9af2;7.8967;0.26765931;BUY
2016-04-23T09:57:07.000000;2016-04-23T09:57:07.286180;d7616ac2-4f43-4411-a2ae-701a4e8cbe4b;7.8967;0.40535803;BUY
2016-04-23T09:57:07.000000;2016-04-23T09:57:07.311181;e0f91e40-40c1-4f61-bafe-84d36f540ed2;7.8968;8.81422331;BUY
2016-04-23T09:57:07.000000;2016-04-23T09:57:07.312184;74b264c4-a11c-43b9-9f0b-8fed011d09ed;7.8969;0.288575;BUY
2016-04-23T09:57:07.000000;2016-04-23T09:57:08.019289;a9bb816b-3447-4f71-898e-f29c7bd65a13;7.909;0.15455749;SELL
2016-04-23T09:57:08.000000;2016-04-23T09:57:08.243277;d3d4ce23-3086-4132-a158-19769043264b;7.909;0.32346061;SELL
2016-04-23T09:57:08.000000;2016-04-23T09:57:08.680315;0621b67a-0e2c-4028-a582-e8aa2612381f;7.909;0.15480527;SELL
2016-04-23T09:57:08.000000;2016-04-23T09:57:08.749321;c45d07d6-8879-45cf-9b65-00162e6c12b0;7.909;45.83838403;SELL
2016-04-23T09:57:08.000000;2016-04-23T09:57:08.779338;c51c881f-c9aa-45e3-b1ef-ae14d6925e2f;7.909;0.15455749;SELL
2016-04-23T09:57:11.000000;2016-04-23T09:57:11.143573;2eadfb4d-37dc-49b7-94da-2d744fff7365;7.909;0.15455749;SELL
2016-04-23T09:57:11.000000;2016-04-23T09:57:11.456597;256886ca-d34f-42ec-a517-e2f660c5ea0a;7.909;0.29015877;SELL
2016-04-23T09:57:11.000000;2016-04-23T09:57:11.681622;0e6c0d59-84f5-4272-a240-6add92b20e2b;7.909;11.48804609;SELL
2016-04-23T09:57:12.000000;2016-04-23T09:57:12.583711;4ad6b5f6-65a8-45ab-9e5d-a5dad3edefd3;7.909;0.15480527;SELL
2016-04-23T09:57:12.000000;2016-04-23T09:57:12.692772;f6acf385-6111-4094-b2aa-419880029535;7.909;11.51573016;SELL
2016-04-23T09:57:12.000000;2016-04-23T09:57:12.903055;2bb588ee-6d9b-4bda-a12a-41130b62985e;7.909;0.15455749;SELL
2016-04-23T09:57:13.000000;2016-04-23T09:57:13.863943;cc676d74-fbfe-4b71-9676-f915190a1532;7.909;0.54799867;SELL
2016-04-23T09:57:14.000000;2016-04-23T09:57:14.682910;aab7b33d-2117-4078-915d-4f39df8b213d;7.909;11.543778;SELL
2016-04-23T09:57:14.000000;2016-04-23T09:57:14.725935;6cd1be7f-b528-40b9-a4fe-21abf916895b;7.909;0.15455749;SELL
2016-04-23T09:57:15.000000;2016-04-23T09:57:15.092004;1fac04fe-8477-4be5-8367-123cdcd19704;7.909;53.82761854;SELL
2016-04-23T09:57:42.000000;2016-04-23T09:57:42.431738;b5e5c176-675a-44f0-9399-923c65a671f6;7.9088;0.15455749;BUY
2016-04-23T09:57:42.000000;2016-04-23T09:57:42.444757;053975da-9744-48b9-a4fe-d3a1fc19e673;7.9088;0.20890329;BUY
2016-04-23T09:57:42.000000;2016-04-23T09:57:42.446699;b6372c3f-371c-4a59-aec4-d3ee8da093d7;7.9089;0.22144768;BUY
2016-04-23T09:57:42.000000;2016-04-23T09:57:42.475733;d4bbed8e-51f4-45ab-adc4-1101e8d0e9c7;7.909;0.70255616;BUY
2016-04-23T09:57:42.000000;2016-04-23T09:57:42.475733;2b51e9bd-fc28-47ac-a58b-50304779d4fd;7.909;1.49710425;BUY
2016-04-23T09:57:42.000000;2016-04-23T09:57:42.475733;bd33d100-997c-44d7-9b77-154d8b38d62b;7.909;27.45450713;BUY
2016-04-23T09:58:56.000000;2016-04-23T09:58:56.406100;b5eb28aa-db27-4809-98f2-0d163baa5829;7.8938;6.68994987;SELL
2016-04-23T09:59:07.000000;2016-04-23T09:59:07.963269;164bdd61-ea43-4edd-9d51-112ad9be5310;7.8938;6.68994987;BUY
2016-04-23T09:59:12.000000;2016-04-23T09:59:12.680727;f716977c-a1ec-4613-a724-4238c9594880;7.8938;6.68994987;SELL
2016-04-23T09:59:17.000000;2016-04-23T09:59:17.297180;f3413c4d-6d25-4fa8-b5d0-9261eaa4b706;7.8938;6.68994987;SELL
2016-04-23T09:59:18.000000;2016-04-23T09:59:18.885346;9616826a-99d8-41ec-b220-54bee41f7163;7.895;46.00945967;SELL
2016-04-23T09:59:20.000000;2016-04-23T09:59:20.257750;c246b4a2-c582-4f40-895e-4f0b2610858c;7.895;46.01508537;SELL
2016-04-23T09:59:21.000000;2016-04-23T09:59:21.441599;69b7261f-02ad-4c35-9c1e-6e8991ebda53;7.895;31.53474321;SELL
2016-04-23T09:59:22.000000;2016-04-23T09:59:22.414726;c79c7ed9-6c34-419e-bab0-bfe43af40493;7.895;11.68058626;SELL
2016-04-23T09:59:22.000000;2016-04-23T09:59:22.461716;792290be-07d4-47d9-affd-043cd61c6eb6;7.895;0.80106906;SELL
2016-04-23T09:59:23.000000;2016-04-23T09:59:23.518811;b021fb98-d45d-49b5-914c-36b8b6d830fa;7.895;0.80235334;SELL
2016-04-23T09:59:23.000000;2016-04-23T09:59:23.536818;a7881df4-15ef-417f-9e00-7cdee289b0be;7.9079;3.314813;BUY
2016-04-23T09:59:24.000000;2016-04-23T09:59:24.263901;4f9f8e2f-8fd2-4e23-bc21-fadd03e3aae8;7.9079;46.02308;SELL
2016-04-23T09:59:24.000000;2016-04-23T09:59:24.280874;e54c159e-ca56-45fc-8be1-3f9db84388d8;7.9079;0.14221173;SELL
2016-04-23T09:59:24.000000;2016-04-23T09:59:24.684929;b10cced9-7ec3-46a6-a722-c0d0a99f5f1f;7.9079;19.19566496;SELL
2016-04-23T09:59:25.000000;2016-04-23T09:59:25.371004;f9eb4fbb-f1ff-413a-8451-943f9bb9d04c;7.9079;0.39723855;SELL
2016-04-23T09:59:25.000000;2016-04-23T09:59:25.519997;36f8d601-ff2e-4a25-ba14-7d5939422b3e;7.9079;0.17547556;SELL
2016-04-23T09:59:25.000000;2016-04-23T09:59:25.971054;039d63b3-2017-47c6-b8e1-180a9fa54eb2;7.9079;0.13023731;SELL
2016-04-23T09:59:26.000000;2016-04-23T09:59:26.747127;48e54416-efa6-4437-9137-800b62b5f503;7.9079;0.23025671;SELL
2016-04-23T09:59:27.000000;2016-04-23T09:59:27.446228;a7c2f4c9-47e9-48e9-9a64-e313b769c1e7;7.9079;0.10634079;SELL
2016-04-23T09:59:27.000000;2016-04-23T09:59:27.537220;ba5606f6-4f72-4022-ad56-b4e0e2ef561d;7.9079;0.81528057;SELL
2016-04-23T09:59:29.000000;2016-04-23T09:59:29.611452;b47cdb35-ed64-4904-ac2c-006bb646d0a9;7.9079;10.61240863;SELL
2016-04-23T09:59:33.000000;2016-04-23T09:59:33.242782;760e92ce-2bdd-46b3-b39c-b5c985f1b878;7.9079;46.02308;SELL
2016-04-23T09:59:33.000000;2016-04-23T09:59:33.647821;72f12daf-c4f3-4313-90c8-88224c8eaaaa;7.9079;30.79379097;SELL
2016-04-23T09:59:33.000000;2016-04-23T09:59:33.732819;430fd458-ab8f-4600-a356-2c68ba6afcdc;7.9079;10.61240863;SELL
2016-04-23T09:59:34.000000;2016-04-23T09:59:34.658961;2606d808-b497-4a4d-b6bc-bbbf484c8a40;7.9079;0.10471846;SELL
2016-04-23T09:59:34.000000;2016-04-23T09:59:34.900953;79f10735-64c9-4b6b-a0f4-33c783e25162;7.9079;0.24585996;SELL
2016-04-23T09:59:35.000000;2016-04-23T09:59:35.473011;521c8b0d-706a-4f8e-8956-df3d49c16531;7.9079;0.16847693;SELL
2016-04-23T09:59:35.000000;2016-04-23T09:59:35.505015;52935ccd-f9a4-4cd3-aae5-842865578439;7.9079;1.29165496;SELL
2016-04-23T09:59:36.000000;2016-04-23T09:59:36.456097;f1e25539-9428-4866-9452-a0be0f0cc63c;7.9079;46.02308;SELL
2016-04-23T09:59:36.000000;2016-04-23T09:59:36.528103;3f2ee9cf-ad9d-44ea-b835-acbd411b4bfd;7.9079;0.38108828;SELL
2016-04-23T09:59:47.000000;2016-04-23T09:59:47.607202;1bb5b42c-6252-44fe-9f47-d0150a2cfa58;7.9069;0.73594677;BUY
2016-04-23T09:59:47.000000;2016-04-23T09:59:47.623244;c415b198-3f67-4b59-be88-07442bd03541;7.9069;0.14570005;BUY
2016-04-23T09:59:47.000000;2016-04-23T09:59:47.637220;d40fc3cc-5310-41d3-9bdd-6ea8168b3271;7.9069;0.19998662;BUY
2016-04-23T09:59:47.000000;2016-04-23T09:59:47.655217;b623831d-e34d-4572-8863-0908c73c80aa;7.907;47.09452156;BUY
2016-04-23T10:00:49.000000;2016-04-23T10:00:49.668444;e52493ff-4e51-458f-b370-708b4e3e93bc;7.8894;7.87074458;SELL
2016-04-23T10:00:55.000000;2016-04-23T10:00:55.693028;bf8b7109-7c5b-406d-a857-38fb51169671;7.8889;7.34127865;SELL
2016-04-23T10:00:57.000000;2016-04-23T10:00:58.001250;1563b44f-7867-489e-ad8e-22b379eef0fb;7.8889;8.6669301;SELL
2016-04-23T10:01:02.000000;2016-04-23T10:01:02.307712;b185613f-38c9-4dff-b8ef-6b068b552b12;7.8889;8.6669301;SELL
2016-04-23T10:01:05.000000;2016-04-23T10:01:05.852038;a235aff8-226a-4d75-8d3f-575e3e115e7d;7.8894;7.87074458;BUY
2016-04-23T10:01:05.000000;2016-04-23T10:01:06.088056;88a2cad9-c72d-4489-81ad-3c604f95333c;7.8894;8.6669301;SELL
2016-04-23T10:01:08.000000;2016-04-23T10:01:08.447291;8c5a7231-b545-48d1-be92-1f0b57ef7944;7.8894;6.38871269;SELL
2016-04-23T10:01:11.000000;2016-04-23T10:01:11.335591;83447835-2654-4767-b942-9d07dcfb0594;7.8894;2.48355244;SELL
2016-04-23T10:01:15.000000;2016-04-23T10:01:15.997064;38f994c5-6e36-43bd-b7d7-0893418a1ee3;7.8894;8.89593699;SELL
2016-04-23T10:01:19.000000;2016-04-23T10:01:19.562409;4ffde550-61f5-48de-87b9-3c4ccf5e142a;7.8894;1.85602151;SELL
2016-04-23T10:01:23.000000;2016-04-23T10:01:23.955846;dcbe98ab-ad6e-4b29-8d75-8dde31fc09fb;7.8894;1.85764045;SELL
2016-04-23T10:01:26.000000;2016-04-23T10:01:26.673151;ad405744-a654-4b76-b40a-778ceca613ee;7.8894;0.64803661;SELL
2016-04-23T10:01:28.000000;2016-04-23T10:01:28.106274;1e2beacd-9774-4f1b-adae-713885c49fb7;7.9;50.0;BUY
2016-04-23T10:01:28.000000;2016-04-23T10:01:28.115278;0ae0a67f-c6fa-41e1-831a-1b7653e266a4;7.9;87.6643;BUY
2016-04-23T10:01:28.000000;2016-04-23T10:01:28.131337;fc456b1c-cc70-474f-accb-bf3ad66a599f;7.9;3.403596;BUY
2016-04-23T10:01:30.000000;2016-04-23T10:01:30.372497;3052cef9-8136-4fd9-8312-e4eb65873138;7.9;1.20496426;SELL
2016-04-23T10:01:30.000000;2016-04-23T10:01:30.642512;e8e1cf73-300a-4f8e-8d98-4ef5d042b4e0;7.9;46.08812262;SELL
2016-04-23T10:01:31.000000;2016-04-23T10:01:31.857645;cd486862-7d16-465e-a8e7-f30bad1df07b;7.9;46.12324585;SELL
2016-04-23T10:01:32.000000;2016-04-23T10:01:32.685780;5e1acd31-5c91-451e-8bd0-cf12785cae33;7.9;0.69003849;SELL
2016-04-23T10:01:33.000000;2016-04-23T10:01:33.538803;a9e71f6c-8b5d-4b37-b6eb-54155c30a45f;7.9;0.64781576;SELL
2016-04-23T10:01:34.000000;2016-04-23T10:01:34.057860;18ee3959-56a6-48f1-b352-16f958cef4ec;7.9;0.66782757;SELL
2016-04-23T10:01:35.000000;2016-04-23T10:01:35.442994;274ce27c-aaf1-43a2-929f-1e4a4c469e79;7.9;0.86546859;SELL
2016-04-23T10:01:35.000000;2016-04-23T10:01:36.069069;47c40580-8dd2-48e1-97bd-31b54f1bede3;7.9;1.46304438;SELL
2016-04-23T10:01:36.000000;2016-04-23T10:01:36.620111;64103379-b00b-4821-8b0b-61a34f961a28;7.9;11.71356167;SELL
2016-04-23T10:01:36.000000;2016-04-23T10:01:36.757142;502ab861-29dc-410b-a023-4fb1283a03da;7.9;19.008851;SELL
2016-04-23T10:01:37.000000;2016-04-23T10:01:37.208213;f3fec391-e5f5-49a5-8d12-73e6448c9bfb;7.9;0.86441074;SELL
2016-04-23T10:01:37.000000;2016-04-23T10:01:37.560207;4af8b7a1-c610-4bae-9337-966fc143f8e7;7.9;1.555167;SELL
2016-04-23T10:01:40.000000;2016-04-23T10:01:40.063463;3d861fde-13c8-4f17-bdaa-e9492e9c2640;7.9;11.67290764;SELL
2016-04-23T10:01:43.000000;2016-04-23T10:01:43.397783;bc1927de-f32a-46ee-bafc-d71ca176c08e;7.9;11.02298743;SELL
2016-04-23T10:02:39.000000;2016-04-23T10:02:39.170416;af7d38f3-c215-4dd6-b996-5cf223834c6e;7.8916;8.1773859;SELL
2016-04-23T10:02:45.000000;2016-04-23T10:02:45.469987;dd7851c0-085c-4f6f-a191-9f859ac1ea98;7.8861;6.4949809;SELL
2016-04-23T10:02:47.000000;2016-04-23T10:02:47.595208;64dfa324-9395-4c02-b701-4b07b2392b0d;7.8916;8.41183441;BUY
2016-04-23T10:02:47.000000;2016-04-23T10:02:47.605237;ab3e6c3f-21bc-4e87-aa10-0fd9e893dd45;7.892;52.37681342;BUY
2016-04-23T10:02:49.000000;2016-04-23T10:02:49.212364;9eef8513-62bf-4528-af33-0b0cb6151aea;7.8981;1.3793016;SELL
2016-04-23T10:02:52.000000;2016-04-23T10:02:52.523713;b82f4f90-ab34-4c9f-ad1b-cca8f8500db4;7.8981;1.16610834;SELL
2016-04-23T10:02:54.000000;2016-04-23T10:02:54.898972;40d2a451-a7d6-464a-a9dc-a65aa6cccee3;7.8981;1.12233286;SELL
2016-04-23T10:02:58.000000;2016-04-23T10:02:58.545320;4dd2d903-1d86-4290-9ced-b82f2227a406;7.8981;9.44876657;SELL
2016-04-23T10:03:01.000000;2016-04-23T10:03:01.511708;fa1cea9a-2348-4f29-9524-80bb85a8ffa8;7.8981;8.85621471;SELL
