time_exchange;time_coinpai;guid;price;base_amount;taker_side
2016-04-23T00:00:01.634290;2016-04-23T00:00:01.672783;246aa96e-5303-4dbf-ae9e-6c6ccc177af7;448.57;0.01;BUY
2016-04-23T00:00:01.634492;2016-04-23T00:00:01.672783;bcbbda49-d8bd-4c4d-96c5-e112965ae6fb;448.58;0.025;BUY
2016-04-23T00:00:01.634677;2016-04-23T00:00:01.688410;30e01936-034b-4176-b633-9c4a2a30bc05;448.59;0.025;BUY
2016-04-23T00:00:01.634850;2016-04-23T00:00:01.688410;878c6e62-9ba4-4344-9482-6318876e1d65;448.6;0.02000446;BUY
2016-04-23T00:00:01.635029;2016-04-23T00:00:01.688410;1952099e-4c87-439d-b30f-1ac5ec402ae2;448.6;0.025;BUY
2016-04-23T00:00:01.635446;2016-04-23T00:00:01.688410;41613d58-733a-4989-88ab-b8f198b3dcae;448.61;0.025;BUY
2016-04-23T00:00:01.635615;2016-04-23T00:00:01.704036;668b8e20-c43d-42a3-a05a-0f7c4570004f;448.61;0.15;BUY
2016-04-23T00:00:01.635803;2016-04-23T00:00:01.704036;0c8ef095-55fe-4a64-bf37-6b3ee1a59fce;448.62;0.02116;BUY
2016-04-23T00:00:01.636117;2016-04-23T00:00:01.704036;d7cbf270-8797-4853-9a71-98a5127bf5ce;448.65;0.01;BUY
2016-04-23T00:00:01.636274;2016-04-23T00:00:01.704036;fab20592-8459-405c-b9ce-d4875bfa70b8;448.66;0.025;BUY
2016-04-23T00:00:01.636429;2016-04-23T00:00:01.704036;58f576b8-7347-442f-a78c-28e5e528a328;448.66;0.28;BUY
2016-04-23T00:00:01.636589;2016-04-23T00:00:01.719662;05a63771-1bd3-4aa5-8e28-998fed649043;448.66;0.073;BUY
2016-04-23T00:00:01.637001;2016-04-23T00:00:01.719662;2a8f4ee3-651d-486d-ae88-ac3fc7abe1fb;448.67;0.025;BUY
2016-04-23T00:00:01.637172;2016-04-23T00:00:01.719662;18c5a1c4-6314-4220-9062-9eb272d15dad;448.68;0.025;BUY
2016-04-23T00:00:01.637472;2016-04-23T00:00:01.719662;906fb7b4-621c-47b2-8181-ea560cf73b12;448.69;0.025;BUY
2016-04-23T00:00:01.637632;2016-04-23T00:00:01.735286;fc60eb63-279e-4301-81ff-9b5f3a59c459;448.7;0.02000669;BUY
2016-04-23T00:00:01.637782;2016-04-23T00:00:01.735286;ff3ed232-089b-4955-8213-eec16eb8396d;448.7;0.025;BUY
2016-04-23T00:00:01.638113;2016-04-23T00:00:01.735286;2b27f6aa-2c17-4100-b276-a664a0a1c2b5;448.7;0.1;BUY
2016-04-23T00:00:01.638279;2016-04-23T00:00:01.766535;a9c8328e-4b5d-4e2f-ad04-a411795378ef;448.71;0.105;BUY
2016-04-23T00:00:01.638569;2016-04-23T00:00:01.766535;2cbcb2cd-f46c-4c30-ae93-223fad4069b8;448.73;0.025;BUY
2016-04-23T00:00:01.638733;2016-04-23T00:00:01.766535;876605f9-c8e4-4591-bdea-e7e5a4570e06;448.73;0.01;BUY
2016-04-23T00:00:01.638900;2016-04-23T00:00:01.766535;26439b48-5e6e-4ff8-b99a-3681f578b334;448.73;0.03936077;BUY
2016-04-23T00:00:01.639079;2016-04-23T00:00:01.766535;1ded2271-1f7d-4b6c-b4fa-9ea2358aa7ec;448.73;0.455763;BUY
2016-04-23T00:00:01.639241;2016-04-23T00:00:01.782161;2d78964d-257c-46dc-bd5d-c4a65ce15895;448.74;0.025;BUY
2016-04-23T00:00:01.639669;2016-04-23T00:00:01.782161;3d36ae14-08f0-4ea7-a096-7275fad491b6;448.75;0.025;BUY
2016-04-23T00:00:01.639834;2016-04-23T00:00:01.782161;4f083de9-56b3-4576-910e-bffd24659869;448.77;0.025;BUY
2016-04-23T00:00:01.640027;2016-04-23T00:00:01.782161;445c0d4b-0274-4848-a134-5a2eb9eec953;448.77;0.03935683;BUY
2016-04-23T00:00:01.640193;2016-04-23T00:00:01.782161;e4329271-d502-4edb-a63c-ed9c3abcce27;448.78;0.025;BUY
2016-04-23T00:00:01.640353;2016-04-23T00:00:01.782161;11d46cb3-b41a-48f6-964b-632b7f359b41;448.78;0.03936077;BUY
2016-04-23T00:00:01.640759;2016-04-23T00:00:01.782161;a5c82eb1-ddc0-435a-a3bf-dd58611fe03d;448.79;0.025;BUY
2016-04-23T00:00:01.640939;2016-04-23T00:00:01.797786;86223088-93c6-494e-8200-c43491c77f27;448.79;0.094;BUY
2016-04-23T00:00:01.641112;2016-04-23T00:00:01.797786;6bf04c6c-e9cd-4eb0-b3f1-e3972f03ffe2;448.8;0.02000669;BUY
2016-04-23T00:00:01.641393;2016-04-23T00:00:01.813411;96e518e6-0730-4270-a765-b901ad77adf4;448.8;0.025;BUY
2016-04-23T00:00:01.641545;2016-04-23T00:00:01.813411;29892648-2c7b-4e7a-b57f-b2e8a1c6f045;448.81;0.025;BUY
2016-04-23T00:00:01.641695;2016-04-23T00:00:01.813411;d2c840b3-031a-47ee-abe2-dae33a61c254;448.81;0.03935377;BUY
2016-04-23T00:00:01.641846;2016-04-23T00:00:01.813411;0cf7b169-6c4c-4682-bc82-768ff07684c2;448.81;0.0393577;BUY
2016-04-23T00:00:01.642028;2016-04-23T00:00:01.813411;36c0aedc-630f-4086-b246-8dee01c7457b;448.81;0.03933934;BUY
2016-04-23T00:00:01.642395;2016-04-23T00:00:01.813411;9d5b5ce1-0093-40b0-b7cf-f7dbedbc478b;448.82;0.025;BUY
2016-04-23T00:00:01.642559;2016-04-23T00:00:01.813411;ecc66ff4-62ee-47a9-a37a-5246b7bcb3ee;448.82;0.03933059;BUY
2016-04-23T00:00:01.642717;2016-04-23T00:00:01.813411;ee609c0a-4549-4b3e-977c-68e4438d201d;448.84;0.04;BUY
2016-04-23T00:00:01.642872;2016-04-23T00:00:01.829036;5406d543-775a-48dd-b33e-5ffd23125271;448.84;0.025;BUY
2016-04-23T00:00:01.643049;2016-04-23T00:00:01.829036;fc838594-cc3d-45e9-96ff-80ad54f37f8c;448.84;0.01;BUY
2016-04-23T00:00:01.643408;2016-04-23T00:00:01.829036;0f41a20e-b9f3-430a-a9c4-e7bbc2dfe6ed;448.85;0.12716939;BUY
2016-04-23T00:00:33.286420;2016-04-23T00:00:33.313430;432a4501-dbb6-4a66-8ee3-fe6398006cc8;448.75;0.01;BUY
2016-04-23T00:00:33.286700;2016-04-23T00:00:33.329052;43cc9fe4-f036-4376-bd1f-b859655deb6d;448.75;0.0365;BUY
2016-04-23T00:00:33.286926;2016-04-23T00:00:33.329052;78fd167e-8b36-4ab3-8c7b-7d939e86c3cd;448.75;0.00864;BUY
2016-04-23T00:01:01.496499;2016-04-23T00:01:01.516575;6d57820e-4b6d-4d3f-b10d-27456f86aceb;448.76;0.01;BUY
2016-04-23T00:01:01.496749;2016-04-23T00:01:01.547819;e37ffe4b-58de-4e48-8860-f9e2459aaf69;448.76;0.096;BUY
2016-04-23T00:01:01.496941;2016-04-23T00:01:01.547819;babd46de-9a5a-4ea4-a219-83021424fa6e;448.78;0.01;BUY
2016-04-23T00:01:01.497112;2016-04-23T00:01:01.563442;99a71903-83b6-42b2-aba4-a32c8f8bd252;448.81;0.124;BUY
2016-04-23T00:01:01.497274;2016-04-23T00:01:01.563442;775c76f2-d952-4108-ae06-fb02f6b0718c;448.84;0.04;BUY
2016-04-23T00:01:01.497427;2016-04-23T00:01:01.563442;8c9ee007-c42e-4a52-b4e3-98103adebf6d;448.87;0.03933059;BUY
2016-04-23T00:01:01.497605;2016-04-23T00:01:01.610319;5507395e-0dda-4bd6-97ee-adc51fdacafd;448.88;0.03933278;BUY
2016-04-23T00:01:01.497770;2016-04-23T00:01:01.625941;08ca6318-ef5f-46e6-bb10-112ea91c5a1c;448.9;0.02001338;BUY
2016-04-23T00:01:01.497910;2016-04-23T00:01:01.625941;8ffc43ba-ad5b-4c7e-a48b-5d2002ed8eff;448.92;0.57410325;BUY
2016-04-23T00:01:07.742167;2016-04-23T00:01:07.782199;2b701863-f375-4dda-9b06-cb7ba8d34fe7;448.82;0.01;BUY
2016-04-23T00:01:10.261316;2016-04-23T00:01:10.282193;b1429b4b-063d-4a5d-97c3-553b8ca85d0b;448.84;0.04;BUY
2016-04-23T00:01:12.666681;2016-04-23T00:01:12.704070;552f0621-8054-424e-b953-88fe55c06224;448.84;0.04;BUY
2016-04-23T00:01:15.204266;2016-04-23T00:01:15.235327;1279d759-085b-492e-bae5-1d7ddce395cf;448.84;0.04;BUY
2016-04-23T00:02:01.251617;2016-04-23T00:02:01.266600;396facf8-f4d2-45a1-88f3-cb5428cab77e;448.83;0.0267;BUY
2016-04-23T00:02:01.251795;2016-04-23T00:02:01.282222;ae7b7355-85f6-4db7-b9c0-abd5cf12cf40;448.83;0.07;BUY
2016-04-23T00:02:01.251965;2016-04-23T00:02:01.282222;64037cbf-6831-48f4-96dc-b0da7031cd21;448.83;0.0269;BUY
2016-04-23T00:02:01.252142;2016-04-23T00:02:01.297847;53747a02-8e60-42df-99b2-8baf4bac8800;448.83;0.0272;BUY
2016-04-23T00:02:01.252295;2016-04-23T00:02:01.297847;31a1ad24-1b91-4eff-b884-8942fb220485;448.84;0.04;BUY
2016-04-23T00:02:01.252443;2016-04-23T00:02:01.375972;629ba463-8f2e-4f68-a7d8-a24ac94592e2;448.88;0.076;BUY
2016-04-23T00:02:01.252581;2016-04-23T00:02:01.375972;dab69d5b-2a00-4349-99d1-d4bdd2330662;448.93;0.0097;BUY
2016-04-23T00:02:32.218882;2016-04-23T00:02:32.250988;104b6155-653e-41d9-af7d-2416bf8537f6;448.83;0.11;BUY
2016-04-23T00:02:32.219128;2016-04-23T00:02:32.250988;8d779584-2322-4170-97e7-e33ae074d434;448.83;0.0495;BUY
2016-04-23T00:02:32.219313;2016-04-23T00:02:32.266612;0ee51ce5-da8e-44c0-a944-be1f3ed4a57f;448.83;0.0363;BUY
2016-04-23T00:02:32.219478;2016-04-23T00:02:32.266612;ac9a3a7b-fe16-4217-b6b5-d9aff1c89d10;448.84;0.04;BUY
2016-04-23T00:02:32.219638;2016-04-23T00:02:32.282238;6dc2a0bf-54d0-4f6b-8038-12f0deae411b;448.88;0.079;BUY
2016-04-23T00:02:32.219796;2016-04-23T00:02:32.282238;b5f87a86-bdac-4fc7-86a7-ee793e1dacc3;448.91;0.01;BUY
2016-04-23T00:02:32.219949;2016-04-23T00:02:32.282238;10dc44ab-12b9-491c-80fe-289f5a2e704b;448.92;0.01;BUY
2016-04-23T00:02:32.220130;2016-04-23T00:02:32.297863;a8e83d45-ca6b-44f1-8bb6-bb44fbe4c8fd;448.92;0.15;BUY
2016-04-23T00:02:32.220284;2016-04-23T00:02:32.297863;e337894d-c623-4f78-b780-92c53ccc1c8f;448.93;0.0003;BUY
2016-04-23T00:02:32.220432;2016-04-23T00:02:32.297863;f3af79dd-204d-433a-a140-90a14cf140e0;448.93;0.03937343;BUY
2016-04-23T00:02:32.220595;2016-04-23T00:02:32.297863;012ad6cc-8e78-4ef9-b14f-7ebcf9f7840e;448.93;0.109;BUY
2016-04-23T00:02:32.220737;2016-04-23T00:02:32.297863;40c944dd-9ae4-4eca-9ac5-b6565d30b578;448.94;0.07676657;BUY
2016-04-23T00:03:01.240913;2016-04-23T00:03:01.251007;3102f018-c8b8-41a8-b6b3-a52bcba2952a;448.83;0.05;BUY
2016-04-23T00:03:01.241107;2016-04-23T00:03:01.266627;a6fe58d2-7b71-4d46-b285-37b68421851b;448.83;0.0499;BUY
2016-04-23T00:03:01.241294;2016-04-23T00:03:01.266627;30160dd1-05ee-4708-bdef-52cf5b8955f1;448.83;0.0435;BUY
2016-04-23T00:03:01.241458;2016-04-23T00:03:01.297877;c99bbeb9-d966-4668-bf54-d7eb98f9ca6f;448.84;0.04;BUY
2016-04-23T00:03:01.241599;2016-04-23T00:03:01.297877;82c37df4-5358-4e21-a92b-b1712eefbe65;448.88;0.25778;BUY
2016-04-23T00:04:01.253392;2016-04-23T00:04:01.266665;97988539-5193-48fa-b9f1-85deba8a7319;448.84;0.04;BUY
2016-04-23T00:04:01.253626;2016-04-23T00:04:01.282283;a34df58f-d183-472b-add4-4704a959757f;448.85;0.0114;BUY
2016-04-23T00:04:01.253802;2016-04-23T00:04:01.282283;cfbb04b0-8b18-475e-91c2-474934f751cb;448.88;0.15543;BUY
2016-04-23T00:04:31.260020;2016-04-23T00:04:31.282299;3d255bd7-4516-4dc3-a371-b50a1e20a791;448.84;0.04;BUY
2016-04-23T00:04:31.260244;2016-04-23T00:04:31.297922;1bf3cdc8-c520-4b01-8e99-b2e76eb5a836;448.87;0.091;BUY
2016-04-23T00:04:31.260437;2016-04-23T00:04:31.297922;582372f1-3a01-4429-81f4-7e4b768388b8;448.88;0.08679;BUY
2016-04-23T00:04:31.260606;2016-04-23T00:04:31.297922;f03eff7d-3074-4349-9131-a1d11aeeed53;448.92;0.085;BUY
2016-04-23T00:04:31.260769;2016-04-23T00:04:31.313559;e432e88d-a61a-45f7-879a-748aed936cc3;448.94;0.12323343;BUY
2016-04-23T00:04:31.260930;2016-04-23T00:04:31.313559;1c92b83b-6170-4fc2-b0a2-8176271f51e1;448.95;0.1;BUY
2016-04-23T00:04:31.261104;2016-04-23T00:04:31.313559;202d409b-d4ce-4fa9-8bfb-a6878933c352;448.97;0.109;BUY
2016-04-23T00:04:31.261259;2016-04-23T00:04:31.329179;74b8d50b-e7cd-4c4a-96d7-3a48946d5be7;449.0;0.02001338;BUY
2016-04-23T00:04:31.261427;2016-04-23T00:04:31.329179;f29c9a1a-2bc5-4493-9138-40d15c8788a5;449.04;0.025;BUY
2016-04-23T00:04:31.261587;2016-04-23T00:04:31.329179;6007b0ee-25bf-4e48-80ff-a1ab8000864e;449.06;0.01;BUY
2016-04-23T00:04:31.261736;2016-04-23T00:04:31.329179;ad404e6e-f226-45ce-b16f-74154a4e05d9;449.08;0.025;BUY
2016-04-23T00:04:31.261891;2016-04-23T00:04:31.360389;d71f7fcc-78b8-4520-9e86-1ca7f422960a;449.08;0.02;BUY
2016-04-23T00:04:31.262072;2016-04-23T00:04:31.360389;ca220101-3cca-43ba-a6af-758a2c2ea582;449.09;0.025;BUY
2016-04-23T00:04:31.262216;2016-04-23T00:04:31.376047;5106b858-a911-462e-b918-02f2ea30746b;449.1;0.025;BUY
2016-04-23T00:04:31.262393;2016-04-23T00:04:31.376047;0a602901-d362-4e2f-b516-2f7f6b8d78d0;449.1;0.02002453;BUY
2016-04-23T00:04:31.262560;2016-04-23T00:04:31.376047;5b45003c-7ec7-412b-9752-f8f60d1f7e7d;449.1;0.2;BUY
2016-04-23T00:04:31.262717;2016-04-23T00:04:31.376047;822f305a-41db-4354-a7b6-e2242b17415b;449.11;0.025;BUY
2016-04-23T00:04:31.262872;2016-04-23T00:04:31.376047;45add4df-bebf-43c2-a268-17c9a0f78ba2;449.12;0.01;BUY
2016-04-23T00:04:31.263065;2016-04-23T00:04:31.376047;455050de-4dfc-4a49-983e-e1632a98cef6;449.13;0.025;BUY
2016-04-23T00:04:31.263214;2016-04-23T00:04:31.376047;bcca54bf-6e6a-4db6-816e-54a018c1b611;449.14;0.025;BUY
2016-04-23T00:04:31.263365;2016-04-23T00:04:31.376047;a3d27ff6-f3c6-4bb4-a79d-84c6362c2b7c;449.15;0.01;BUY
2016-04-23T00:04:31.263527;2016-04-23T00:04:31.376047;7e58897e-bda5-4ef5-9fc7-d4181363b9be;449.15;0.01;BUY
2016-04-23T00:04:31.263683;2016-04-23T00:04:31.391681;e5c7ad91-6eec-4faf-9f2c-606f3170c135;449.16;0.025;BUY
2016-04-23T00:04:31.263862;2016-04-23T00:04:31.391681;ddfc6908-8589-48b3-b101-064f5cd006f4;449.17;0.025;BUY
2016-04-23T00:04:31.264034;2016-04-23T00:04:31.391681;c3e5aeb5-f03a-41b9-a558-ca1196086c93;449.18;1.6;BUY
2016-04-23T00:04:31.264186;2016-04-23T00:04:31.391681;5ec3955c-f729-4ee1-9433-d25068c14fd8;449.19;0.025;BUY
2016-04-23T00:04:31.264344;2016-04-23T00:04:31.407300;b61d2dc8-f874-4f36-b3c9-527a901985de;449.19;1.0;BUY
2016-04-23T00:04:31.264503;2016-04-23T00:04:31.407300;1850be0e-95b5-46cc-b5cb-1ad8da19107b;449.2;0.025;BUY
2016-04-23T00:04:31.264651;2016-04-23T00:04:31.407300;b58625c4-5b96-4b38-974b-5b59d30d2111;449.2;0.02001561;BUY
2016-04-23T00:04:31.264795;2016-04-23T00:04:31.407300;5493fbdd-bd18-483c-882c-ea9add5d60f5;449.2;0.1;BUY
2016-04-23T00:04:31.264954;2016-04-23T00:04:31.407300;710a000f-5587-4f88-9c93-9d95d3ae772a;449.2;0.15;BUY
2016-04-23T00:04:31.265122;2016-04-23T00:04:31.407300;5ff9c8fb-8a5c-4390-ab7f-45378c727621;449.21;1.0;BUY
2016-04-23T00:04:31.265275;2016-04-23T00:04:31.407300;c505498e-ebe7-4f98-931e-37833ca2a0e4;449.22;0.025;BUY
2016-04-23T00:04:31.265436;2016-04-23T00:04:31.422922;8ce606f0-85ea-4307-a14d-b4e24b1fd2a6;449.23;3.2;BUY
2016-04-23T00:04:31.265585;2016-04-23T00:04:31.422922;2da42875-1120-4939-a655-2b9f9e51fc6b;449.24;0.025;BUY
2016-04-23T00:04:31.265739;2016-04-23T00:04:31.422922;16b454b1-1684-4023-a562-353f7d850f57;449.24;2.0;BUY
2016-04-23T00:04:31.265889;2016-04-23T00:04:31.422922;391b544b-7b6a-4fac-b53b-009a9567108a;449.25;0.01216683;BUY
2016-04-23T00:04:31.266052;2016-04-23T00:04:31.422922;69913dd9-c11c-4c45-985a-520fcef736f1;449.25;0.11271684;BUY
2016-04-23T00:04:31.266192;2016-04-23T00:04:31.422922;8025dd95-50e6-4614-810a-488cded45664;449.25;0.8;BUY
2016-04-23T00:04:31.266344;2016-04-23T00:04:31.438550;a26714fc-bce5-46d2-a390-565ba293e423;449.25;0.4;BUY
2016-04-23T00:04:31.266500;2016-04-23T00:04:31.438550;c5a8b136-2097-47a3-85c7-474bef326fbe;449.26;0.025;BUY
2016-04-23T00:04:31.266649;2016-04-23T00:04:31.438550;7993aef6-1709-4d0e-aa68-90f33d6e66ef;449.26;0.01;BUY
2016-04-23T00:04:31.266804;2016-04-23T00:04:31.454175;7fc2b894-93b8-4840-9354-b905d7ae1fd7;449.26;0.6;BUY
2016-04-23T00:04:31.266966;2016-04-23T00:04:31.469797;fb94e482-7ab5-4f60-93c8-63b440af0f7e;449.27;0.025;BUY
2016-04-23T00:04:31.267135;2016-04-23T00:04:31.469797;fac43f08-110b-4b40-abfd-bcbf7a35b53d;449.28;1.2;BUY
2016-04-23T00:04:31.267296;2016-04-23T00:04:31.469797;a7280887-9c8b-49b4-b118-840694e9f10d;449.29;0.025;BUY
2016-04-23T00:04:31.267469;2016-04-23T00:04:31.469797;750b266c-1e34-4659-8873-ad5d70b09feb;449.29;0.8;BUY
2016-04-23T00:04:31.267636;2016-04-23T00:04:31.469797;ce999f99-447d-42d9-9bcb-9e34e21335e3;449.3;0.02003568;BUY
2016-04-23T00:04:31.267796;2016-04-23T00:04:31.469797;ccb359a4-83b7-4dbf-9ed4-d005e544684b;449.3;0.025;BUY
2016-04-23T00:04:31.267956;2016-04-23T00:04:31.469797;8258886b-5005-446c-9fa8-2ac10d056d1c;449.31;2.0;BUY
2016-04-23T00:04:31.268123;2016-04-23T00:04:31.469797;3deedd48-6698-42db-beb5-696794e995cb;449.32;0.025;BUY
2016-04-23T00:04:31.268269;2016-04-23T00:04:31.469797;993d9194-19e1-43af-a9b7-0a3b14af598e;449.33;0.7443937;BUY
2016-04-23T00:05:01.313584;2016-04-23T00:05:01.329191;2ee0b4c0-ab9d-45be-9e48-94d6254f7486;449.02;0.01;BUY
2016-04-23T00:05:01.313825;2016-04-23T00:05:01.344814;a79a8fc4-af50-488d-873b-093cc576172b;449.03;0.01;BUY
2016-04-23T00:05:01.314028;2016-04-23T00:05:01.344814;f11f4994-533d-4ef0-b1b7-d42d211a4e6c;449.26;0.64164;BUY
2016-04-23T00:05:31.575043;2016-04-23T00:05:31.610414;2b716e00-6bd4-452e-9392-0df8e2e2731d;449.09;0.01;BUY
2016-04-23T00:05:31.575365;2016-04-23T00:05:31.610414;d6e00295-6da1-44ed-93e6-937d3798945a;449.09;0.102;BUY
2016-04-23T00:05:31.575551;2016-04-23T00:05:31.610414;1860fe25-0592-4d12-a472-11edf8c0f7ec;449.1;0.01;BUY
2016-04-23T00:05:31.575714;2016-04-23T00:05:31.610414;95514fc2-368f-41fe-84cd-fa54c49b5c0b;449.14;0.04;BUY
2016-04-23T00:05:31.576020;2016-04-23T00:05:31.626079;93651ba9-0234-4d7d-9842-ae9f4021c26f;449.14;0.01472;BUY
2016-04-23T00:06:10.100758;2016-04-23T00:06:10.110484;c2e91390-24df-492d-b2eb-4f0b812d3da9;449.14;0.04;BUY
2016-04-23T00:06:10.101022;2016-04-23T00:06:10.126097;d25cb2ae-7d40-4da0-bf8b-d5af16b6cf2a;449.17;0.122;BUY
2016-04-23T00:06:10.101226;2016-04-23T00:06:10.126097;cdd21fd1-ef28-4084-9046-e0afd70582f3;449.2;0.02001784;BUY
2016-04-23T00:06:10.101580;2016-04-23T00:06:10.141725;d8a05d61-ce12-4636-834e-e3699163c3f6;449.22;0.074;BUY
2016-04-23T00:06:10.101752;2016-04-23T00:06:10.141725;2fbec936-6e29-4bc0-adbb-ee0efd13569e;449.27;0.097;BUY
2016-04-23T00:06:10.101910;2016-04-23T00:06:10.219847;04fcd0ca-62e9-4d37-9f47-e97bc4b2825b;449.28;2.2;BUY
2016-04-23T00:06:10.102069;2016-04-23T00:06:10.219847;1791a469-57e3-4abb-9d58-3edad05569d2;449.29;0.37784216;BUY
2016-04-23T00:06:17.656887;2016-04-23T00:06:17.672978;00109f23-c57a-418c-8489-88e36672c80a;449.12;0.0275;BUY
2016-04-23T00:06:31.269269;2016-04-23T00:06:31.282358;480d14c3-ceae-4542-b4d4-c452a00505e7;449.14;0.04;BUY
2016-04-23T00:06:31.269543;2016-04-23T00:06:31.297985;1c07e6d5-d2e2-431b-900a-cd0ec83fe778;449.14;0.277;BUY
2016-04-23T00:06:31.269798;2016-04-23T00:06:31.297985;f3801a31-3dfb-4259-9ce3-245940a94eeb;449.19;0.20219;BUY
2016-04-23T00:07:01.432764;2016-04-23T00:07:01.438629;0599fc56-4bf5-4899-816f-a1b00668d474;449.14;0.04;BUY
2016-04-23T00:07:01.433015;2016-04-23T00:07:01.454249;b643f812-2241-4b82-a7f5-44a4784baf9c;449.14;0.127;BUY
2016-04-23T00:07:01.433210;2016-04-23T00:07:01.454249;a9be9836-9aa6-46cc-b8e2-c5af9cf7b259;449.15;0.115;BUY
2016-04-23T00:07:01.433383;2016-04-23T00:07:01.469875;63c6db15-94ba-46e8-b6cb-8aa800d5e0b2;449.24;0.086;BUY
2016-04-23T00:07:01.433552;2016-04-23T00:07:01.469875;77710342-7269-4bbc-99a8-d19c58dd13e7;449.28;0.01;BUY
2016-04-23T00:07:01.433711;2016-04-23T00:07:01.469875;bf731cb2-a188-4fae-af53-b5717bc1f2ee;449.29;0.125;BUY
2016-04-23T00:07:01.433859;2016-04-23T00:07:01.469875;c45ac986-3ad3-45b6-9208-82ef587458f3;449.3;0.025;BUY
2016-04-23T00:07:01.434029;2016-04-23T00:07:01.485500;b31ce0dd-4e93-448e-8df4-bd43fef78f73;449.3;0.02003791;BUY
2016-04-23T00:07:01.434183;2016-04-23T00:07:01.485500;c7493fda-10bb-4fed-8eaf-3f47680c70d5;449.3;1.59198209;BUY
2016-04-23T00:07:31.362854;2016-04-23T00:07:31.376145;a9a23550-b5a1-48b1-b2ee-7a22679a0adb;449.24;0.011;SELL
2016-04-23T00:07:31.363195;2016-04-23T00:07:31.391766;ae99714e-ea46-4399-bfde-4ee195fcef6b;449.23;0.011;SELL
2016-04-23T00:07:31.363434;2016-04-23T00:07:31.407390;10e42b8e-1505-4c30-8596-46e5c6e574a3;449.22;0.011;SELL
2016-04-23T00:07:31.363610;2016-04-23T00:07:31.407390;d8767656-ea04-4ae5-941b-119de24c0061;449.21;0.0056;SELL
2016-04-23T00:08:31.940275;2016-04-23T00:08:31.971965;3695b462-a36e-47de-b9e0-218d3ea38c6d;449.27;0.01;BUY
2016-04-23T00:08:31.940503;2016-04-23T00:08:31.987586;2d6bccf5-65f3-4a62-bd85-8364deb84b3c;449.27;0.025;BUY
2016-04-23T00:08:31.940694;2016-04-23T00:08:31.987586;ea16db03-165b-4e9f-958d-3de9502296e5;449.27;0.12;BUY
2016-04-23T00:08:31.940867;2016-04-23T00:08:32.003211;d2261de6-ec83-4566-916f-59955994b7f6;449.28;0.0136;BUY
2016-04-23T00:08:31.941235;2016-04-23T00:08:32.003211;de1da5c3-683d-46d0-b131-06aeea0650f7;449.29;0.04;BUY
2016-04-23T00:08:31.941371;2016-04-23T00:08:32.081335;9f5d5efa-ccf7-4d88-9a56-bba1af0b8a19;449.3;0.0414;BUY
2016-04-23T00:09:01.354957;2016-04-23T00:09:01.393860;20122148-a2fa-42e8-835b-6a3cefb24a29;449.29;0.01;BUY
2016-04-23T00:09:01.355204;2016-04-23T00:09:01.409481;26229453-3fde-4850-8577-5fd353090603;449.29;0.01;BUY
2016-04-23T00:09:01.355380;2016-04-23T00:09:01.409481;ce0e2e2a-c1b0-49c1-9145-f739e097b550;449.29;0.20036;BUY
2016-04-23T00:09:29.751664;2016-04-23T00:09:29.784490;e2bf7120-c094-4e72-8dc4-278a6b296840;449.29;0.04;BUY
2016-04-23T00:09:31.433389;2016-04-23T00:09:31.471995;7d9f4777-dafc-4fa8-bbc0-f13d4b6f69b5;449.28;0.01;SELL
2016-04-23T00:09:31.433688;2016-04-23T00:09:31.471995;03bfa084-3576-482a-9862-1532eadc6dcc;449.28;0.41015;SELL
2016-04-23T00:09:33.875427;2016-04-23T00:09:33.909497;76cbfffe-4c1e-452e-bbe1-9e520c152ffe;449.29;0.04;BUY
2016-04-23T00:09:36.206790;2016-04-23T00:09:36.253243;fe4c3095-61a2-422a-9a93-6e34bf9bb768;449.3;2.0;BUY
2016-04-23T00:09:38.660603;2016-04-23T00:09:38.690749;e12606aa-f301-4044-a5e6-8a2e292ecb25;449.3;2.0;BUY
2016-04-23T00:09:41.105881;2016-04-23T00:09:41.143875;e6160b1d-a4f8-4c84-8bf1-b2b5ff3a056f;449.3;2.0;BUY
2016-04-23T00:09:43.489484;2016-04-23T00:09:43.518876;f74d9e9d-cd36-42f8-96e7-7a3e9d145059;449.3;0.922;BUY
2016-04-23T00:10:10.184633;2016-04-23T00:10:10.222015;3f8c7551-8a6d-46bb-a3e7-dcdfa50a4849;449.29;0.37887;SELL
2016-04-23T00:10:31.627410;2016-04-23T00:10:31.659520;fbd861a2-955b-4e7c-ae76-2039d9eab295;449.3;1.13345;BUY
2016-04-23T00:11:02.460924;2016-04-23T00:11:02.503288;191495c5-39f3-4e6f-9a85-40f92abcd84a;449.3;1.58919429;BUY
2016-04-23T00:11:02.461147;2016-04-23T00:11:02.518912;0f453a84-e0b5-4818-a653-3f966d0745cf;449.3;0.22977571;BUY
2016-04-23T00:11:08.003852;2016-04-23T00:11:08.034545;1a0d5f40-4078-47b8-a44b-a1b280f269a4;449.3;0.3;BUY
2016-04-23T00:11:31.349962;2016-04-23T00:11:31.393927;e3293c59-6306-4fbe-91be-eeedae565b63;449.3;1.34522429;BUY
2016-04-23T00:11:31.350215;2016-04-23T00:11:31.393927;144cbb01-e4d7-4661-b789-9c09adf13c42;449.31;0.01;BUY
2016-04-23T00:11:31.350408;2016-04-23T00:11:31.393927;7e2969fb-affb-4819-a38d-f1f7758302da;449.34;0.025;BUY
2016-04-23T00:11:31.350567;2016-04-23T00:11:31.393927;4167e7e3-b7f7-48a1-a2da-7b1b02984053;449.36;0.025;BUY
2016-04-23T00:11:31.350732;2016-04-23T00:11:31.393927;d5a9664f-7c6e-4d28-a8fb-bf960b5f7caa;449.37;0.025;BUY
2016-04-23T00:11:31.350884;2016-04-23T00:11:31.409553;0690e92f-1997-4b2e-9d0c-194184d4f48a;449.38;0.362;BUY
2016-04-23T00:11:31.351049;2016-04-23T00:11:31.409553;45613bba-2bf8-4334-b393-7c919edd5310;449.39;0.025;BUY
2016-04-23T00:11:31.351203;2016-04-23T00:11:31.409553;95404ad4-abfd-4ca6-a192-ab3c2fb66fa7;449.4;0.01;BUY
2016-04-23T00:11:31.351392;2016-04-23T00:11:31.409553;7a42efab-b6ab-437f-987c-5d2e1235d70a;449.4;0.02002453;BUY
2016-04-23T00:11:31.351632;2016-04-23T00:11:31.440802;fe9fc719-dbfe-414a-b747-ddf0107dd825;449.41;0.025;BUY
2016-04-23T00:11:31.351807;2016-04-23T00:11:31.440802;dc3bdbce-341f-4563-9e94-493193c6a8ed;449.42;0.025;BUY
2016-04-23T00:11:31.351958;2016-04-23T00:11:31.440802;bf696312-f87d-47a2-958f-024751093a79;449.43;0.04;BUY
2016-04-23T00:11:31.352172;2016-04-23T00:11:31.440802;f57f6f58-75ee-4b51-abef-4f0d25c2c092;449.43;0.325;BUY
2016-04-23T00:11:31.352324;2016-04-23T00:11:31.456428;d9c3a228-f7cb-47fc-8ce8-640f9b148c0d;449.44;0.025;BUY
2016-04-23T00:11:31.352482;2016-04-23T00:11:31.456428;fc9ae873-2598-45e1-b6f6-946d3576fea1;449.44;0.01;BUY
2016-04-23T00:11:31.352627;2016-04-23T00:11:31.456428;0f01d3e7-62eb-4178-9785-c13f9cd5b402;449.45;0.025;BUY
2016-04-23T00:11:31.352779;2016-04-23T00:11:31.472054;db735166-3d02-42b2-9494-69e64af7feb5;449.45;0.02347118;BUY
2016-04-23T00:12:06.381698;2016-04-23T00:12:06.425194;18109e8c-ca81-423a-85cb-27c11057e363;449.43;0.01;BUY
2016-04-23T00:12:06.381891;2016-04-23T00:12:06.440821;a86cc354-8248-4e22-8717-d236273c3ff0;449.43;0.074;BUY
2016-04-23T00:12:06.382212;2016-04-23T00:12:06.440821;c3763b15-e3c5-4525-920a-6df124c1dbb2;449.44;0.01;BUY
2016-04-23T00:12:06.382387;2016-04-23T00:12:06.440821;613da5f0-abad-42fd-abac-1531a979f839;449.44;0.082;BUY
2016-04-23T00:12:06.382698;2016-04-23T00:12:06.440821;ac861de2-04f8-4d63-96bf-0abfbdee2f3b;449.45;0.07652882;BUY
2016-04-23T00:12:06.382867;2016-04-23T00:12:06.472070;a606780f-787b-4388-83d0-6234c60cc4d3;449.47;0.025;BUY
2016-04-23T00:12:06.383029;2016-04-23T00:12:06.472070;be0821c2-9b11-4774-8d19-c1273a21cd00;449.47;0.04846118;BUY
2016-04-23T00:12:31.717681;2016-04-23T00:12:31.737712;f796f3ed-ff41-49b5-aaaa-7ec64abbbf2b;449.47;0.22115;BUY
2016-04-23T00:12:36.886628;2016-04-23T00:12:36.909584;13eb40bc-d9a1-4dac-a955-cc936c333e1e;449.46;0.01;BUY
2016-04-23T00:12:58.658572;2016-04-23T00:12:58.690857;8c5502df-c4b2-4ae5-b978-8db07c25afe1;449.47;0.853;BUY
2016-04-23T00:13:01.472487;2016-04-23T00:13:01.503348;eb2b9a3c-efa8-40b5-87ac-5666b4e793d7;449.47;0.04417;BUY
2016-04-23T00:13:31.525124;2016-04-23T00:13:31.550243;47d09ed0-1c40-4cda-8be9-e05d2cbf58e3;449.46;0.516;BUY
2016-04-23T00:13:31.525422;2016-04-23T00:13:31.565864;31fb50d5-f3db-4bfe-95b6-f586d83940ba;449.47;4.52421882;BUY
2016-04-23T00:13:31.525682;2016-04-23T00:13:31.565864;fc770551-8943-4462-8df0-69a364d99e54;449.47;0.01;BUY
2016-04-23T00:13:31.525898;2016-04-23T00:13:31.565864;111d4483-baee-4a1e-8066-f184c4ef0bf2;449.49;0.025;BUY
2016-04-23T00:13:31.526139;2016-04-23T00:13:31.581493;f051a719-af96-4762-bf99-57bdbf8a22ac;449.5;0.02002498;BUY
2016-04-23T00:13:31.526352;2016-04-23T00:13:31.581493;a48525f7-89e2-49a5-8673-be12bbd1be58;449.5;0.025;BUY
2016-04-23T00:13:31.526557;2016-04-23T00:13:31.581493;c92c4fea-7e54-4c5d-8c19-092a4b3456d7;449.5;0.01215501;BUY
2016-04-23T00:13:31.526772;2016-04-23T00:13:31.581493;4f996af1-d1fb-44fd-8c41-4872db203a17;449.5;3.84339;BUY
2016-04-23T00:13:31.526970;2016-04-23T00:13:31.581493;094c2f53-2fbe-476b-a05b-3d7c110ee9cd;449.51;0.19595119;BUY
2016-04-23T00:14:30.679716;2016-04-23T00:14:30.722145;c5c99b83-cc2d-42d2-b04c-f20782c32dae;449.48;2.14;BUY
2016-04-23T00:14:31.447874;2016-04-23T00:14:31.472155;9fbb3eac-f860-4da7-91ac-28ab9d957a46;449.47;0.04202;BUY
2016-04-23T00:15:01.353736;2016-04-23T00:15:01.378415;1c742cfe-9382-492a-b01c-e868e4c766b3;449.47;0.494;BUY
2016-04-23T00:15:01.353942;2016-04-23T00:15:01.394035;071313fe-0da1-47c9-b99c-316657ffeb06;449.48;0.49725;BUY
2016-04-23T00:15:31.622503;2016-04-23T00:15:31.644050;14655e89-ca0e-49b4-9e50-90dacb44ad57;449.48;0.46248;BUY
2016-04-23T00:16:01.321442;2016-04-23T00:16:01.347195;feefdf26-10e9-4cad-87eb-1a9e6c5fa052;449.48;1.32818;BUY
2016-04-23T00:16:31.546177;2016-04-23T00:16:31.565957;ed8cc654-d75b-48a1-9d93-43c27872dc55;449.48;1.42409;BUY
2016-04-23T00:16:31.546407;2016-04-23T00:16:31.581580;150c121d-a9ae-41c1-89a5-a673d078adb7;449.49;0.36;BUY
2016-04-23T00:16:31.546591;2016-04-23T00:16:31.581580;c0d774f7-7c6b-4a39-82b6-d7f5ee979b13;449.51;0.01;BUY
2016-04-23T00:16:31.546746;2016-04-23T00:16:31.597207;6beeb8b4-071f-4942-861b-b7bf1ad539e4;449.52;0.025;BUY
2016-04-23T00:16:31.546906;2016-04-23T00:16:31.597207;bc3e3ef6-a698-406a-bbc6-c7509f91f8aa;449.52;0.012;BUY
2016-04-23T00:16:31.547070;2016-04-23T00:16:31.597207;afa14525-749f-4491-b1ac-669a793a283c;449.54;0.025;BUY
2016-04-23T00:16:31.547235;2016-04-23T00:16:31.612838;f48f68c5-f5c5-4464-8047-b6353105e3d3;449.54;0.02;BUY
2016-04-23T00:16:31.547381;2016-04-23T00:16:31.612838;45ae350f-e018-4fe9-9df9-342eb272567b;449.55;0.025;BUY
2016-04-23T00:16:31.547527;2016-04-23T00:16:31.612838;21559bd7-b6b6-4801-a9db-1c94626b2730;449.55;0.01;BUY
2016-04-23T00:16:31.547675;2016-04-23T00:16:31.612838;447ae8f7-2a4a-4a1e-b5d3-e37a041f9810;449.55;0.04;BUY
2016-04-23T00:16:31.547838;2016-04-23T00:16:31.612838;a3a75308-7b1e-4e8d-8b17-e0cd6c07db04;449.56;0.015;BUY
2016-04-23T00:16:31.548013;2016-04-23T00:16:31.644087;c11dc0b9-c5f6-4f6c-8431-0d4519b5fbdf;449.57;0.025;BUY
2016-04-23T00:16:31.548145;2016-04-23T00:16:31.644087;27fbaa5c-ea7f-407e-860a-e6f794b71751;449.58;0.25166;BUY
2016-04-23T00:17:01.316157;2016-04-23T00:17:01.331597;a653044b-9a0f-4595-972a-d23cb46abe31;449.54;0.01;BUY
2016-04-23T00:17:01.316385;2016-04-23T00:17:01.347222;afb8b799-632f-408d-8baf-09f9c9962b33;449.54;0.075;BUY
2016-04-23T00:17:01.316578;2016-04-23T00:17:01.347222;fddcc279-b31f-4f5e-8a24-6f9dfd9bc274;449.55;0.04;BUY
2016-04-23T00:17:01.316737;2016-04-23T00:17:01.362846;8b8f4a3f-c4d5-4800-8012-d621fdd92e6c;449.59;0.025;BUY
2016-04-23T00:17:01.316884;2016-04-23T00:17:01.362846;64dbf435-c269-46fe-8168-dcd4211f96b0;449.59;0.2;BUY
2016-04-23T00:17:01.317039;2016-04-23T00:17:01.362846;b2c36aac-2554-4fbf-9fb3-2f078629283f;449.59;0.092;BUY
2016-04-23T00:17:01.317198;2016-04-23T00:17:01.362846;fb7cb84a-00d6-4e16-b653-0dd1d1a321aa;449.59;0.15;BUY
2016-04-23T00:17:01.317345;2016-04-23T00:17:01.362846;b8c53f86-29af-4aa9-8975-6f2618101b3a;449.6;0.02001782;BUY
2016-04-23T00:17:01.317505;2016-04-23T00:17:01.362846;7b18fc1f-794d-4696-9e2c-3926c2d086d8;449.6;0.025;BUY
2016-04-23T00:17:01.317663;2016-04-23T00:17:01.362846;962e1d7d-638a-4563-8344-4f230ffb4d7c;449.62;0.025;BUY
2016-04-23T00:17:01.317803;2016-04-23T00:17:01.378472;267b2cfc-6025-4ac5-b76b-2a78a8e5737c;449.62;0.04274218;BUY
2016-04-23T00:17:33.211673;2016-04-23T00:17:33.222242;9f0f9721-e59b-4f0d-9b0d-42f7ef49c7a1;449.55;0.04;BUY
2016-04-23T00:17:33.211887;2016-04-23T00:17:33.253493;013f9b05-8912-402b-8a9e-a5229b230b51;449.55;0.089;BUY
2016-04-23T00:17:33.212112;2016-04-23T00:17:33.253493;3ed93ace-78dd-46db-bdcd-058edc52ba30;449.59;0.01;BUY
2016-04-23T00:17:33.212298;2016-04-23T00:17:33.253493;7369a839-60d0-40b1-a58c-835d4040a90e;449.6;0.08122;BUY
2016-04-23T00:18:01.711918;2016-04-23T00:18:01.722253;57f56bbb-5f0a-40da-93d5-12b67f3fea83;449.54;0.8595;SELL
2016-04-23T00:19:01.674252;2016-04-23T00:19:01.691035;32213897-a8df-4aa8-82a4-171efd6aece0;449.55;0.04;BUY
2016-04-23T00:19:01.674584;2016-04-23T00:19:01.691035;5a268460-99f7-457d-8f66-a97b0437ec88;449.55;0.0658;BUY
2016-04-23T00:19:09.424384;2016-04-23T00:19:09.441041;89348159-f8cf-447f-9507-198008c5cbcc;449.55;0.01;BUY
2016-04-23T00:19:31.785657;2016-04-23T00:19:31.800426;c92ab3a6-36ad-4c6c-a432-a7f173e783f0;449.55;0.03;BUY
2016-04-23T00:19:31.785959;2016-04-23T00:19:31.816049;e8e243f1-8300-4f66-890b-f704077862b9;449.55;0.128;BUY
2016-04-23T00:19:31.786220;2016-04-23T00:19:31.816049;297cf04a-5caf-4a96-aa65-f4524e7f092f;449.59;0.01;BUY
2016-04-23T00:19:31.786450;2016-04-23T00:19:31.816049;1f0cd0eb-68fd-4bf4-8802-3725303093d2;449.6;0.082;BUY
2016-04-23T00:19:31.786663;2016-04-23T00:19:31.816049;ea5c1be7-f164-4b19-a7ea-04678c6daf02;449.64;0.025;BUY
2016-04-23T00:19:31.786865;2016-04-23T00:19:31.909799;7aed55dc-98b2-40cc-915e-0df5878e570d;449.64;0.84762;BUY
2016-04-23T00:20:01.750368;2016-04-23T00:20:01.753572;aef7cabe-d728-424e-bd36-a975528f0c21;449.55;0.04;BUY
2016-04-23T00:20:01.750598;2016-04-23T00:20:01.769189;b9b42d1e-0a7e-43bd-9df3-4e4dd68dcfbf;449.6;0.424;BUY
2016-04-23T00:20:01.750788;2016-04-23T00:20:01.769189;83d99d78-6542-40ce-bc0c-d1a1a61deb2a;449.64;5.41752;BUY
2016-04-23T00:20:31.380673;2016-04-23T00:20:31.378586;77b68263-022e-4cfd-8281-8bf6d938819c;449.63;0.10195;BUY
2016-04-23T00:21:01.503691;2016-04-23T00:21:01.519219;b7411cda-4521-4c5c-9ac7-2df60795f389;449.64;2.16856;BUY
2016-04-23T00:21:31.952196;2016-04-23T00:21:31.972361;ffbcdc26-50f6-47c6-8bba-e60546a375cb;449.64;0.90938;BUY
2016-04-23T00:22:03.858133;2016-04-23T00:22:03.863005;75a313c5-5491-4007-8efe-40bfb53b1533;449.63;0.03343;SELL
2016-04-23T00:22:32.863066;2016-04-23T00:22:32.863022;a0e5abd7-9a40-48d8-aec4-8f664966cc2f;449.64;0.70124;BUY
2016-04-23T00:23:02.037167;2016-04-23T00:23:02.050531;c51d46c2-af82-489a-ab5b-02600f0d1c9d;449.64;0.96782;BUY
2016-04-23T00:23:31.505509;2016-04-23T00:23:31.545217;c6e50aa9-5d0b-4175-8352-b770d2281fa3;449.64;0.17372;BUY
2016-04-23T00:24:01.542408;2016-04-23T00:24:01.576487;4feeb75b-661c-4ef9-bd20-45aa447e7b96;449.63;0.22369;SELL
2016-04-23T00:24:31.698772;2016-04-23T00:24:31.732758;98e79859-f3e5-4c25-bb13-7c8eb1d4de36;449.64;5.00952;BUY
2016-04-23T00:24:47.717518;2016-04-23T00:24:47.764011;4c14e081-5038-45a8-9d3e-2a8e673878cb;449.63;1.20770664;SELL
2016-04-23T00:24:47.717761;2016-04-23T00:24:47.779632;d7262dd8-c264-4461-aea4-6237b80c87aa;449.62;0.015;SELL
2016-04-23T00:24:47.717965;2016-04-23T00:24:47.779632;d1331f2d-2a74-40b0-862a-5504ef0c7b42;449.62;0.0115;SELL
2016-04-23T00:24:47.718160;2016-04-23T00:24:47.779632;b9ffddfd-6078-40f5-9773-c2e05c622872;449.61;0.015;SELL
2016-04-23T00:24:47.718317;2016-04-23T00:24:47.779632;8bbd2f4d-9533-4f69-aed6-f34d70ec1509;449.6;0.015;SELL
2016-04-23T00:24:47.718481;2016-04-23T00:24:47.873382;efb054c7-d3e9-40fe-8c17-4609d12df074;449.6;0.15;SELL
2016-04-23T00:24:47.718653;2016-04-23T00:24:47.873382;1c647f67-1fc8-456b-8e4f-9c5ba33b9494;449.59;0.015;SELL
2016-04-23T00:24:47.718821;2016-04-23T00:24:47.873382;d8f96dbb-fc93-4479-96a2-518bbaddcf6e;449.58;0.015;SELL
2016-04-23T00:24:47.719004;2016-04-23T00:24:47.873382;89d0eeaa-3d8f-48fa-a598-e7e1e45b0de0;449.57;0.015;SELL
2016-04-23T00:24:47.719171;2016-04-23T00:24:47.873382;73080b44-d466-4020-adb8-94dd90737ea7;449.56;0.015;SELL
2016-04-23T00:24:47.719338;2016-04-23T00:24:47.873382;6a6577c9-f16f-43e6-9674-ee9be2a31c87;449.55;0.015;SELL
2016-04-23T00:24:47.719496;2016-04-23T00:24:47.873382;d79dedfd-d869-4346-abd8-b54f85f64701;449.54;0.55;SELL
2016-04-23T00:24:47.719665;2016-04-23T00:24:47.873382;320e6cdb-3d2a-484f-babc-7f9625e4d7df;449.54;0.015;SELL
2016-04-23T00:24:47.719837;2016-04-23T00:24:47.873382;1b899660-123c-4b08-93ed-b991e8814330;449.53;0.015;SELL
2016-04-23T00:24:47.720019;2016-04-23T00:24:47.873382;7e81ff83-7a17-42a7-9a74-2f1135332bd2;449.52;0.015;SELL
2016-04-23T00:24:47.720174;2016-04-23T00:24:47.873382;9d2d47de-7bdb-495b-909b-ecb2fd2aa073;449.51;0.015;SELL
2016-04-23T00:24:47.720319;2016-04-23T00:24:47.873382;b162cfa8-ebb0-4e73-8510-f661ff558da1;449.51;0.20069336;SELL
2016-04-23T00:25:01.713153;2016-04-23T00:25:01.748395;9697c03c-0a3e-4a02-bcd0-836f27349786;449.56;0.0465;BUY
2016-04-23T00:25:01.713312;2016-04-23T00:25:01.764015;0f91160f-0c3f-4b1a-a3ca-631e693320d4;449.56;0.01513;BUY
2016-04-23T00:25:31.705174;2016-04-23T00:25:31.748407;554784bc-7159-441a-a5ca-9824651b4d5e;449.54;0.01;SELL
2016-04-23T00:25:33.740448;2016-04-23T00:25:33.779660;a1c3cdfe-8155-4663-8233-e3f0922f3af0;449.53;0.01;SELL
2016-04-23T00:25:35.629184;2016-04-23T00:25:35.670286;0585f5fd-5af2-4dce-b47d-6533b7daa5ef;449.52;0.01;SELL
2016-04-23T00:25:36.775799;2016-04-23T00:25:36.810908;67b8f2c3-7ccd-445a-bd60-d394ca99c736;449.56;0.01;SELL
2016-04-23T00:25:37.336823;2016-04-23T00:25:37.373407;76a7ab3b-7191-4a41-ae8d-2fc2ab4e65cc;449.58;0.025;BUY
2016-04-23T00:25:37.337084;2016-04-23T00:25:37.389034;5c551f68-1bf5-4d8b-8305-02e3a52e9106;449.59;0.025;BUY
2016-04-23T00:25:37.337279;2016-04-23T00:25:37.389034;23ba9b00-4856-4e26-a2d9-cc8664966dfd;449.6;0.015;BUY
2016-04-23T00:25:37.337447;2016-04-23T00:25:37.389034;ba38aa00-4ea1-404f-be28-6d3ee6eb653f;449.61;0.025;BUY
2016-04-23T00:25:37.337620;2016-04-23T00:25:37.389034;4c61efa4-443e-4662-97bf-aaabb4dc329d;449.62;0.025;BUY
2016-04-23T00:25:37.337778;2016-04-23T00:25:37.404657;7761b2e8-de0b-44cc-a491-0b1344b0c181;449.63;0.025;BUY
2016-04-23T00:25:37.337937;2016-04-23T00:25:37.404657;009d1b16-2187-4114-9e70-7968146bfba1;449.63;0.15;BUY
2016-04-23T00:25:37.338130;2016-04-23T00:25:37.404657;e8ad36f4-c4e8-4d16-bf3a-295e12ac79c5;449.63;0.073;BUY
2016-04-23T00:25:37.338275;2016-04-23T00:25:37.404657;ed9d1476-ef87-48f3-ac77-bccbf8fe815e;449.64;1.69582;BUY
2016-04-23T00:25:38.697719;2016-04-23T00:25:38.748407;9bbb0250-0b6c-4f42-8ce9-f165d48abdbb;449.55;0.01;SELL
2016-04-23T00:25:41.033566;2016-04-23T00:25:41.060916;778273ff-efce-45b9-a32c-62d67e38f0cb;449.54;0.01;SELL
2016-04-23T00:25:44.213160;2016-04-23T00:25:44.248424;3473577c-3f7f-4773-ab97-603ee00ba533;449.52;0.01;SELL
2016-04-23T00:26:01.518773;2016-04-23T00:26:01.560919;f70da4d9-1cc2-4ff2-b4cd-52bc4f260a45;449.61;0.025;BUY
2016-04-23T00:26:01.518991;2016-04-23T00:26:01.560919;83b43d9d-8aa5-4a5e-aa94-02fc4113ecad;449.61;0.101;BUY
2016-04-23T00:26:01.519170;2016-04-23T00:26:01.560919;747aa920-1efe-4a96-82f3-4cc243bc340c;449.62;0.025;BUY
2016-04-23T00:26:01.519316;2016-04-23T00:26:01.560919;89a6853e-5ea7-4d10-9524-5c885dfc392a;449.64;1.62576;BUY
2016-04-23T00:26:34.173353;2016-04-23T00:26:34.217192;a81ed9f6-948c-4ad1-86b4-9183b4e4bb7c;449.64;3.52316;BUY
2016-04-23T00:27:05.404875;2016-04-23T00:27:05.435958;fa90c09d-7e5a-46e5-be0d-0ef42906653d;449.64;0.77068;BUY
2016-04-23T00:27:17.592132;2016-04-23T00:27:17.639083;4e5a9022-7aa4-43b4-b65d-a949a1387a83;449.64;2.106e-05;BUY
2016-04-23T00:27:31.664901;2016-04-23T00:27:31.717228;1f9b7fb8-c8b0-4bc9-b1b2-3d42d85a1c8b;449.64;0.45658;BUY
2016-04-23T00:28:31.484416;2016-04-23T00:28:31.514126;dff86db6-9b6f-4b2e-9ed6-47392b387f61;449.64;0.3256;BUY
2016-04-23T00:29:01.427609;2016-04-23T00:29:01.451643;8ad0fd78-f766-46e6-bde4-cc8939a797fd;449.64;0.4404;BUY
2016-04-23T00:29:31.767953;2016-04-23T00:29:31.811027;8a0d3a87-79d4-4258-80fe-0123e4ff812b;449.63;1.0;SELL
2016-04-23T00:29:31.768270;2016-04-23T00:29:31.826654;2a277604-a7cc-449f-b70f-fca58c58da59;449.63;0.5;SELL
2016-04-23T00:29:31.768488;2016-04-23T00:29:31.826654;cb426707-3653-4111-9b27-1bd448b17433;449.62;0.01;SELL
2016-04-23T00:29:31.768668;2016-04-23T00:29:31.826654;04210ea9-726c-4060-9dbb-f2691782a7ea;449.61;0.01;SELL
2016-04-23T00:29:31.768841;2016-04-23T00:29:31.826654;075677bd-ae75-4d5b-8791-bb0c79432f4b;449.6;0.01;SELL
2016-04-23T00:29:31.769100;2016-04-23T00:29:31.842278;a2c38f6e-d88e-44de-8703-0c2b9d414ef3;449.59;0.01;SELL
2016-04-23T00:29:31.769382;2016-04-23T00:29:31.842278;11036cee-5629-4960-bfe5-cf3c68a3f27a;449.59;0.358;SELL
2016-04-23T00:29:31.769579;2016-04-23T00:29:31.842278;cd074c99-f791-4494-b11f-1b867db7dbd3;449.58;0.01;SELL
2016-04-23T00:29:31.769746;2016-04-23T00:29:31.842278;7336bb26-64cc-4347-b454-ed431d049815;449.57;0.01;SELL
2016-04-23T00:29:31.769916;2016-04-23T00:29:31.889158;75f8d0da-c0ec-4083-9774-37d9617c3848;449.57;0.01;SELL
2016-04-23T00:29:31.770104;2016-04-23T00:29:31.904778;20629403-6ee5-45ce-b38b-fb68d0a6db6c;449.56;0.01;SELL
2016-04-23T00:29:31.770269;2016-04-23T00:29:31.904778;8cea5be7-319b-4640-9f9b-7933628a2c15;449.55;0.01;SELL
2016-04-23T00:29:31.770478;2016-04-23T00:29:31.904778;dd4f5144-80b2-41c6-82b1-eceb44201de3;449.54;0.01;SELL
2016-04-23T00:29:31.770651;2016-04-23T00:29:31.904778;bb87bcac-d97d-44e2-bf16-ad0335797687;449.53;0.01;SELL
2016-04-23T00:29:31.770827;2016-04-23T00:29:31.904778;ec0ea62c-8c3a-4e46-9345-7f818d711d8b;449.52;0.01;SELL
2016-04-23T00:29:31.771005;2016-04-23T00:29:31.904778;c64578b8-adc4-4aa3-b341-41abe73690d7;449.51;0.01;SELL
2016-04-23T00:29:31.771166;2016-04-23T00:29:31.904778;6ac0c55a-1501-4769-a46c-499887ada7f9;449.51;1.0;SELL
2016-04-23T00:29:31.771326;2016-04-23T00:29:31.904778;752a36b5-282c-4719-a74c-9624d37cb55f;449.51;0.356;SELL
2016-04-23T00:29:31.771507;2016-04-23T00:29:31.904778;6387e993-9361-4cf1-ae2f-52a9b1e296d0;449.5;0.015;SELL
2016-04-23T00:29:31.771682;2016-04-23T00:29:31.904778;eb116e97-3ccc-4c96-b170-0a893a28d188;449.5;0.02002005;SELL
2016-04-23T00:29:31.771845;2016-04-23T00:29:31.904778;3002fdcb-e763-4350-8d13-fe1e82d74b75;449.49;0.015;SELL
2016-04-23T00:29:31.772007;2016-04-23T00:29:31.904778;6686f420-9bed-4e69-9cb2-6a27b8eb32ac;449.49;0.11598995;SELL
2016-04-23T00:30:01.853053;2016-04-23T00:30:01.873548;b0cc7bec-e167-4b56-aa2a-9b68240aa07f;449.58;0.025;BUY
2016-04-23T00:30:01.853237;2016-04-23T00:30:01.889173;a7262f65-ea0f-4b69-a106-28cd221450b3;449.59;0.025;BUY
2016-04-23T00:30:01.853406;2016-04-23T00:30:01.889173;3a96aa11-9cd3-4eab-999f-1f6ca921a8e4;449.6;0.02002005;BUY
2016-04-23T00:30:01.853574;2016-04-23T00:30:01.889173;91d92a40-32e1-470d-a711-ee6483698968;449.61;0.025;BUY
2016-04-23T00:30:01.853728;2016-04-23T00:30:01.889173;6e9e487b-a119-414f-8918-e33f7dfd69ca;449.62;0.025;BUY
2016-04-23T00:30:01.853889;2016-04-23T00:30:01.889173;72a157ec-ec26-4559-b151-a4d069c667fe;449.63;0.025;BUY
2016-04-23T00:30:01.854049;2016-04-23T00:30:01.904754;4944e9ed-7a13-40cc-9989-e978745ff4e5;449.64;1.48446995;BUY
2016-04-23T00:30:31.593018;2016-04-23T00:30:31.623559;8373e7d6-3648-4af5-84b1-554059ce6f80;449.64;0.06011;BUY
2016-04-23T00:31:01.677900;2016-04-23T00:31:01.701697;48e5712a-578c-4a34-b82b-fd8bd93e0f76;449.64;0.657;BUY
2016-04-23T00:31:19.720166;2016-04-23T00:31:19.732963;189b0dc7-224d-4cc5-be02-2b66632dfafc;449.64;11.0;BUY
2016-04-23T00:31:31.517773;2016-04-23T00:31:31.545469;463ad93c-3954-4b35-befa-279627ef146b;449.64;0.17445;BUY
2016-04-23T00:32:01.683530;2016-04-23T00:32:01.701738;fd72c509-8e7d-48a8-b303-8ae91bbf3ece;449.64;0.17603;BUY
2016-04-23T00:32:32.981291;2016-04-23T00:32:32.998631;07726e34-3f65-449c-afbc-016f51c3bbf5;449.64;0.76703;BUY
2016-04-23T00:32:52.881275;2016-04-23T00:32:52.904892;c38c9aaa-894b-42d8-87e3-f66ab00a2b6c;449.64;0.78962715;BUY
2016-04-23T00:32:52.881497;2016-04-23T00:32:52.920507;c8c33ba4-b088-49c6-88ef-9fdb469a6849;449.64;0.025;BUY
2016-04-23T00:33:03.295903;2016-04-23T00:33:03.311141;45ea6d97-0710-40cc-b375-017826bbc5b3;449.64;0.08684;SELL
2016-04-23T00:33:31.473686;2016-04-23T00:33:31.483024;c428229c-edc1-40b2-808a-33cb59a98614;449.64;0.429;SELL
2016-04-23T00:33:31.473913;2016-04-23T00:33:31.498651;1c154433-61bb-4ac1-aa23-f693b95163be;449.64;0.02;SELL
2016-04-23T00:33:31.474127;2016-04-23T00:33:31.498651;3c947ab8-4c60-4407-bbe4-db926f458082;449.64;0.19382;SELL
2016-04-23T00:34:01.497063;2016-04-23T00:34:01.514299;ac9d3ae0-6c02-4430-9c38-cdbffc00dcc6;449.64;0.425;SELL
2016-04-23T00:34:01.497592;2016-04-23T00:34:01.529916;ac7f9eb7-5efb-4d0b-9987-5581676b0973;449.64;0.0262;SELL
2016-04-23T00:34:01.497767;2016-04-23T00:34:01.529916;66e79914-e59e-4223-9a26-0a22f3219238;449.63;0.23709;SELL
2016-04-23T00:34:30.449367;2016-04-23T00:34:30.467429;77d29c73-c471-4cc4-9176-7d900ba02458;449.64;0.372;SELL
2016-04-23T00:34:30.449591;2016-04-23T00:34:30.483055;800eaef5-8290-4aac-ae99-d3e46e24eb70;449.63;0.76291;SELL
2016-04-23T00:34:30.449764;2016-04-23T00:34:30.483055;260cb0fc-85a2-404d-babb-32e0f52c4a94;449.63;3.9071;SELL
2016-04-23T00:34:33.396023;2016-04-23T00:34:33.420556;193e094c-aace-4e2f-9dba-f71568b8ff2c;449.64;0.351;SELL
2016-04-23T00:34:33.396195;2016-04-23T00:34:33.420556;d5bdf656-b802-40e2-9a66-66fff326cc57;449.63;7.3349;SELL
2016-04-23T00:34:33.396349;2016-04-23T00:34:33.420556;c479b4f1-3b66-4515-a68d-aa3229060d4a;449.63;0.03;SELL
2016-04-23T00:34:33.396501;2016-04-23T00:34:33.436181;7ff80cea-87d6-4133-b4db-c9247ee2f4de;449.63;0.012;SELL
2016-04-23T00:34:33.396685;2016-04-23T00:34:33.436181;b01eb773-541b-402b-b1e1-864c808235d7;449.63;0.015;SELL
2016-04-23T00:34:33.396857;2016-04-23T00:34:33.436181;e92450f0-d2dc-4e4e-ac33-5ef7e176367b;449.62;0.015;SELL
2016-04-23T00:34:33.397040;2016-04-23T00:34:33.436181;1243010f-e9ef-4b09-9e60-d6cec7c66c99;449.61;0.015;SELL
2016-04-23T00:34:33.397204;2016-04-23T00:34:33.436181;75a6df63-e8a8-4b3f-8fba-0b363313752d;449.6;0.015;SELL
2016-04-23T00:34:33.397360;2016-04-23T00:34:33.451808;f94cc8f3-2c7f-44ef-a593-79941a850e03;449.59;0.015;SELL
2016-04-23T00:34:33.397544;2016-04-23T00:34:33.451808;09471c7a-e720-4375-9c9b-d1750eb6be6c;449.59;0.46;SELL
2016-04-23T00:34:33.397718;2016-04-23T00:34:33.451808;db54f454-859f-4edd-acc2-8a833f361279;449.58;0.015;SELL
2016-04-23T00:34:33.397890;2016-04-23T00:34:33.498682;452a553b-7283-4dfb-9561-304606fb4777;449.57;0.015;SELL
2016-04-23T00:34:33.398071;2016-04-23T00:34:33.498682;6424f5df-b011-496b-92c9-292d188c7102;449.56;0.015;SELL
2016-04-23T00:34:33.398229;2016-04-23T00:34:33.498682;be2651bb-d29e-4e89-896e-253667082ddb;449.55;0.015;SELL
2016-04-23T00:34:33.398378;2016-04-23T00:34:33.498682;c3960dd4-a406-48b0-b5c8-ff6d03a14b73;449.54;0.015;SELL
2016-04-23T00:34:33.398536;2016-04-23T00:34:33.498682;e4bb08e6-dbb1-429e-83cb-6b75b66299b2;449.54;0.413;SELL
2016-04-23T00:34:33.398698;2016-04-23T00:34:33.498682;a52ab685-22e1-4ca1-b314-25a2f06b7f5f;449.53;0.015;SELL
2016-04-23T00:34:33.398874;2016-04-23T00:34:33.498682;43f9ebb0-5686-4397-99fe-530090ed1fd6;449.52;0.015;SELL
2016-04-23T00:34:33.399054;2016-04-23T00:34:33.498682;ba52747d-4d8d-4cab-a5b0-da304eed1806;449.51;0.015;SELL
2016-04-23T00:34:33.399204;2016-04-23T00:34:33.498682;68cf747b-8b8e-475e-aebf-385d7647cb5e;449.5;0.02002228;SELL
2016-04-23T00:34:33.399357;2016-04-23T00:34:33.498682;bd028054-df42-4d9a-bd5f-d81446131555;449.5;0.015;SELL
2016-04-23T00:34:33.399515;2016-04-23T00:34:33.514305;b3c4145a-5378-4c45-901b-fd4bf6c243a0;449.5;0.17;SELL
2016-04-23T00:34:33.399663;2016-04-23T00:34:33.514305;c5e039f2-7ad0-4891-a0ae-65888b867c57;449.49;0.015;SELL
2016-04-23T00:34:33.399836;2016-04-23T00:34:33.514305;6a3bf5ee-a7fa-479f-825e-c55f8e255f80;449.49;0.405;SELL
2016-04-23T00:34:33.400008;2016-04-23T00:34:33.514305;bea666bf-29ea-40ec-b9dd-2facc50c4ceb;449.48;0.454992;SELL
2016-04-23T00:34:33.400166;2016-04-23T00:34:33.514305;43ed3831-603b-498c-9a80-2cd218f3ded4;449.48;0.015;SELL
2016-04-23T00:34:33.400311;2016-04-23T00:34:33.514305;b862c972-bafa-42c5-a8bd-acf23027a521;449.47;0.04;SELL
2016-04-23T00:34:33.400473;2016-04-23T00:34:33.514305;d6892c87-b2c5-44bf-8bcd-434d95bc2427;449.47;0.015;SELL
2016-04-23T00:34:33.400622;2016-04-23T00:34:33.514305;1115ee48-3a2f-41b7-80a6-6eaecfb1e0e6;449.46;0.01;SELL
2016-04-23T00:34:33.400801;2016-04-23T00:34:33.529932;d8cb7b97-e7f3-4a03-944f-3c3aa103d220;449.46;0.015;SELL
2016-04-23T00:34:33.400964;2016-04-23T00:34:33.529932;b2cd3e6c-8d26-4a05-9be0-e666c10fd2f1;449.45;0.015;SELL
2016-04-23T00:34:33.401139;2016-04-23T00:34:33.529932;fb1eee4b-7635-49a3-9945-86914a3e15a5;449.45;0.15;SELL
2016-04-23T00:34:33.401287;2016-04-23T00:34:33.529932;d3764acc-d32b-43c2-812f-917fa1f6abd7;449.44;0.015;SELL
2016-04-23T00:34:33.401437;2016-04-23T00:34:33.529932;30d844f1-854e-4f0f-b284-61b5892e2bc8;449.44;0.449;SELL
2016-04-23T00:34:33.401603;2016-04-23T00:34:33.545557;da02802e-b62e-4f86-a9f1-d2cafa1929ea;449.44;0.2;SELL
2016-04-23T00:34:33.401776;2016-04-23T00:34:33.545557;aa73603f-39fb-4b75-9dde-575e05d86537;449.43;0.015;SELL
2016-04-23T00:34:33.401954;2016-04-23T00:34:33.545557;496d3209-3fa6-43fb-a821-e6287b38c046;449.42;0.015;SELL
2016-04-23T00:34:33.402116;2016-04-23T00:34:33.545557;a8cac160-4d2b-48f3-ac2e-2d208428b757;449.41;0.01;SELL
2016-04-23T00:34:33.402262;2016-04-23T00:34:33.545557;136be4d7-8be3-4909-9b83-1bf6ce87ee0e;449.41;0.11966572;SELL
2016-04-23T00:34:34.603688;2016-04-23T00:34:34.623688;c8ac5bbc-aa88-4131-96b1-1c6feca5077f;449.64;0.01;BUY
2016-04-23T00:34:34.603871;2016-04-23T00:34:34.639308;7bafd096-eb88-454e-9dd1-98f11befcca6;449.64;0.01;BUY
2016-04-23T00:34:34.604033;2016-04-23T00:34:34.639308;8753e348-b0a1-4d5d-b671-3b9400224d40;449.65;0.01;BUY
2016-04-23T00:35:33.899135;2016-04-23T00:35:33.904973;1a77d749-4ed6-4b70-82a2-92b620eb1fd0;449.57;0.025;BUY
2016-04-23T00:35:33.899406;2016-04-23T00:35:33.920587;0535db01-8ccc-4d3f-80d4-b246fb0c51b7;449.58;0.025;BUY
2016-04-23T00:35:33.899623;2016-04-23T00:35:33.920587;5070c1da-1004-46df-95f7-72546db56dc4;449.59;0.025;BUY
2016-04-23T00:35:33.899808;2016-04-23T00:35:33.920587;80e9e71a-bc40-4137-8691-fa73db9ffbf5;449.6;0.025;BUY
2016-04-23T00:35:33.899969;2016-04-23T00:35:33.920587;b049d351-a1b4-41a5-9db5-5415e2fe2b40;449.61;0.01882;BUY
2016-04-23T00:36:14.101189;2016-04-23T00:36:14.108120;e87e3014-bbe7-4658-8890-b13d930658f5;449.61;0.00618;BUY
2016-04-23T00:36:14.101397;2016-04-23T00:36:14.123740;01d55558-02ea-4f62-aab0-3a7897f99a54;449.62;0.00382;BUY
2016-04-23T00:36:28.444994;2016-04-23T00:36:28.451874;4fe071dd-f33a-4715-8201-1177406e5de0;449.62;0.017;BUY
2016-04-23T00:36:57.331245;2016-04-23T00:36:57.342514;973c4110-93e9-4bd8-ae71-180ad32f5527;449.62;0.00418;BUY
2016-04-23T00:37:02.239246;2016-04-23T00:37:02.248759;4ea7dcae-d454-4a27-b903-a148779016d1;449.63;0.025;BUY
2016-04-23T00:37:02.239443;2016-04-23T00:37:02.264382;38fa5f44-671e-4473-8fb1-f4679f1e294e;449.64;0.025;BUY
2016-04-23T00:37:02.239624;2016-04-23T00:37:02.264382;58be79cc-ca01-4c6f-b48b-488226c950d6;449.65;0.015;BUY
2016-04-23T00:37:02.239776;2016-04-23T00:37:02.264382;524ad02d-8bdc-4065-b5b8-2fb688683b00;449.66;0.01;BUY
2016-04-23T00:37:02.239926;2016-04-23T00:37:02.264382;843b436f-ea19-47ba-940e-c86abb9ae7cc;449.66;0.01;BUY
2016-04-23T00:37:02.240092;2016-04-23T00:37:02.264382;b83cd3a3-8e47-4716-bdbf-66fbc5b12d5b;449.66;0.454992;BUY
2016-04-23T00:37:02.240247;2016-04-23T00:37:02.280009;00c8e156-2e13-41ff-a462-0c6bf2f9ed40;449.67;0.025;BUY
2016-04-23T00:37:02.240390;2016-04-23T00:37:02.280009;eb315170-e94a-4aef-9bf7-778fb04951f7;449.68;0.025;BUY
2016-04-23T00:37:02.240536;2016-04-23T00:37:02.280009;4feee108-f79e-4089-a327-42eac62abb07;449.68;1.489908;BUY
2016-04-23T00:37:31.533765;2016-04-23T00:37:31.545653;76701b42-4678-4bf9-a11c-cd6f82a20feb;449.67;0.1275;SELL
2016-04-23T00:37:31.534012;2016-04-23T00:37:31.561273;b53b1a14-4751-4840-a8b1-5025b15760bb;449.67;0.077;SELL
2016-04-23T00:37:31.534185;2016-04-23T00:37:31.561273;5714eda5-b77f-457b-9a76-2dc4fdb0e8b8;449.67;1.75835;SELL
2016-04-23T00:37:59.977222;2016-04-23T00:37:59.983163;56c73e38-abaa-4b63-a36d-f971e68dc61c;449.68;0.3772912;BUY
2016-04-23T00:37:59.977546;2016-04-23T00:37:59.998788;5572201a-4f15-48b5-bdb8-b00ad39cc36b;449.68;0.01;BUY
2016-04-23T00:37:59.977849;2016-04-23T00:37:59.998788;6acdf2fb-ff28-4f28-811b-315caafec853;449.69;0.015;BUY
2016-04-23T00:37:59.978114;2016-04-23T00:37:59.998788;68bee5e3-90fc-4862-ad1d-eb28cf83cccc;449.7;0.02001378;BUY
2016-04-23T00:37:59.978529;2016-04-23T00:37:59.998788;e6b4c20d-c511-476e-a57d-146e139bf39d;449.7;0.1;BUY
2016-04-23T00:37:59.978856;2016-04-23T00:38:00.014413;8f81ed21-0c61-4cdb-926f-5f41f4a502aa;449.7;0.025;BUY
2016-04-23T00:37:59.979078;2016-04-23T00:38:00.014413;5dcc604b-0c92-463f-8320-b5a87acb7880;449.71;0.025;BUY
2016-04-23T00:37:59.979256;2016-04-23T00:38:00.014413;1c6e7061-f2ff-4109-bad4-35dc64508a47;449.72;0.0114;BUY
2016-04-23T00:37:59.979434;2016-04-23T00:38:00.014413;7525dffd-509e-468f-89e2-f530bf5ea612;449.72;0.025;BUY
2016-04-23T00:37:59.979610;2016-04-23T00:38:00.014413;8281bde1-63e4-480e-a615-a503dfd0a3f8;449.73;0.025;BUY
2016-04-23T00:37:59.979797;2016-04-23T00:38:00.030038;9e44bd3a-fceb-42f6-af99-0867916c3349;449.74;0.025;BUY
2016-04-23T00:37:59.979966;2016-04-23T00:38:00.030038;a24e3e66-2700-4c5a-97f6-6718e5ff5499;449.75;0.025;BUY
2016-04-23T00:37:59.980153;2016-04-23T00:38:00.030038;8ff0c4cf-f613-4e02-961b-0c588dccb3df;449.75;0.01215501;BUY
2016-04-23T00:37:59.980335;2016-04-23T00:38:00.030038;6bd357c1-bbaf-47fb-9152-796240b3588b;449.75;0.11271684;BUY
2016-04-23T00:37:59.980501;2016-04-23T00:38:00.030038;5cb21395-c9de-4698-bc5e-3c4937da98b8;449.76;0.025;BUY
2016-04-23T00:37:59.980674;2016-04-23T00:38:00.061288;545d70a1-81f3-4126-b592-281ece2be1c6;449.76;0.04;BUY
2016-04-23T00:37:59.980866;2016-04-23T00:38:00.061288;bd32da41-d25d-4068-9bba-e4005067e36d;449.77;0.01;BUY
2016-04-23T00:37:59.981063;2016-04-23T00:38:00.061288;28024539-266f-4b6f-ba27-d9668c11e041;449.77;0.025;BUY
2016-04-23T00:37:59.981235;2016-04-23T00:38:00.061288;8867f277-173a-450d-b062-7511c3bc19f0;449.78;0.025;BUY
2016-04-23T00:37:59.981413;2016-04-23T00:38:00.061288;b974100d-fe72-4d4c-a456-139a8cde0318;449.79;0.025;BUY
2016-04-23T00:37:59.981576;2016-04-23T00:38:00.092538;650580d4-4376-487e-a39e-36bc1ba72dbd;449.8;0.02001555;BUY
2016-04-23T00:37:59.981752;2016-04-23T00:38:00.092538;5e4bd173-b52b-438e-87c4-7a8dd5109556;449.8;0.025;BUY
2016-04-23T00:38:02.567804;2016-04-23T00:38:02.576915;13973df2-80a4-42e9-a943-7863f45585a6;449.8;0.01;BUY
2016-04-23T00:38:02.568006;2016-04-23T00:38:02.592540;3890dd56-2c3d-4f34-b882-c67fe577d00f;449.8;0.01;BUY
2016-04-23T00:38:02.568179;2016-04-23T00:38:02.592540;295274ed-2716-4434-a48c-69c1b9215b00;449.8;0.01;BUY
2016-04-23T00:38:02.568361;2016-04-23T00:38:02.592540;8be6cd18-193f-4172-98b2-5acbafe2ffd1;449.81;0.025;BUY
2016-04-23T00:38:29.555073;2016-04-23T00:38:29.561302;9258ef3a-9f3d-48db-adcb-5a27a5129509;449.85;0.01;BUY
2016-04-23T00:38:31.879108;2016-04-23T00:38:31.889407;9c5e721f-6305-499d-b754-3880270fe444;449.86;0.01;BUY
2016-04-23T00:38:31.879323;2016-04-23T00:38:31.905054;42e380eb-f32f-42af-9269-93085a4776a1;449.88;0.025;BUY
2016-04-23T00:38:31.879531;2016-04-23T00:38:31.905054;cca64e6d-e655-4195-987f-e47e50666253;449.89;0.025;BUY
2016-04-23T00:38:31.879707;2016-04-23T00:38:31.905054;80b98abe-479c-4c04-abb3-7458ba7b2302;449.89;0.025;BUY
2016-04-23T00:38:31.879868;2016-04-23T00:38:31.905054;c2853343-1289-45f3-9bf4-31c85ee244cf;449.9;0.025;BUY
2016-04-23T00:38:31.880048;2016-04-23T00:38:31.920679;847030cf-5e44-4621-8666-86d8ca65f353;449.9;0.02000444;BUY
2016-04-23T00:38:31.880268;2016-04-23T00:38:31.920679;d06dfd5c-49f8-479d-bc02-324544af776e;449.9;0.02000666;BUY
2016-04-23T00:38:31.880426;2016-04-23T00:38:31.920679;c0d9378f-90b3-4668-883e-e3f6a82862b1;449.9;0.0194989;BUY
2016-04-23T00:38:49.125512;2016-04-23T00:38:49.184525;11a58e09-ad3e-45ac-8fcf-b1f8f8770d58;449.9;0.0055011;BUY
2016-04-23T00:38:49.125750;2016-04-23T00:38:49.184525;ea54d6ad-829d-4592-a6cd-e1b03613dc2f;449.91;0.025;BUY
2016-04-23T00:38:49.125956;2016-04-23T00:38:49.184525;fbd53819-996a-4aa1-a1b7-c53966376b82;449.92;0.025;BUY
2016-04-23T00:38:49.126142;2016-04-23T00:38:49.184525;6090a9f3-9d1e-45ec-82c6-e30582046909;449.93;0.025;BUY
2016-04-23T00:38:49.126303;2016-04-23T00:38:49.184525;996a813f-58da-4d87-99a4-3a8d9c9221db;449.94;0.015;BUY
2016-04-23T00:38:49.126451;2016-04-23T00:38:49.215781;783bbf03-26ed-4bbe-8fb8-23a65f44e7f6;449.95;0.0044989;BUY
2016-04-23T00:39:01.592381;2016-04-23T00:39:01.653286;36d54fb4-73d8-4962-b20f-701ab0c94efc;449.95;0.0205011;BUY
2016-04-23T00:39:01.592610;2016-04-23T00:39:01.668906;400f9f0d-bdc1-4dd5-ba9d-ba2fa6eeaa13;449.95;0.1;BUY
2016-04-23T00:39:01.592807;2016-04-23T00:39:01.668906;eaff537b-de8b-43fc-9a71-19da008d9d63;449.95;0.01;BUY
2016-04-23T00:39:01.593003;2016-04-23T00:39:01.668906;faf7069a-2a96-446f-a965-b0c6bc1af098;449.96;0.025;BUY
2016-04-23T00:39:01.593159;2016-04-23T00:39:01.668906;26bb20ba-8f2f-4b01-9672-fc108a6b9644;449.97;0.01;BUY
2016-04-23T00:39:01.593331;2016-04-23T00:39:01.747038;9de88ef4-df97-46aa-aa50-5515e588c780;449.97;0.025;BUY
2016-04-23T00:39:01.593499;2016-04-23T00:39:01.747038;908c5a15-1efa-497c-bfbd-7ae28396f616;449.97;0.025;BUY
2016-04-23T00:39:01.593655;2016-04-23T00:39:01.747038;7056f789-caf5-4154-952c-e0d93888fe84;449.98;0.01;BUY
2016-04-23T00:39:01.593812;2016-04-23T00:39:01.747038;cbff213d-da0c-48f3-8387-3a2389d158be;449.98;0.015;BUY
2016-04-23T00:39:01.594000;2016-04-23T00:39:01.747038;e9cda51d-fe36-4d9d-9166-c5ac5c9bb8e2;449.98;0.025;BUY
2016-04-23T00:39:01.594152;2016-04-23T00:39:01.747038;0bdc7b9d-7b25-4b31-879c-f68f7ff8a7cf;449.99;0.025;BUY
2016-04-23T00:39:01.594329;2016-04-23T00:39:01.747038;f94831a3-9241-474d-8f43-1983546f858f;449.99;0.025;BUY
2016-04-23T00:39:01.594488;2016-04-23T00:39:01.747038;9f3bbf52-0d7b-401a-8b1f-ed7710a540b7;450.0;0.11257888;BUY
2016-04-23T00:39:01.594636;2016-04-23T00:39:01.747038;554c629a-68fc-4f42-bc2b-875fb810c7d4;450.0;0.00544002;BUY
2016-04-23T00:39:31.528797;2016-04-23T00:39:31.575178;521403cf-9f0e-49c3-b3a8-b87f40cb9820;449.99;0.01;BUY
2016-04-23T00:39:31.529132;2016-04-23T00:39:31.590804;c29304d6-0289-4010-a3b2-c103619c2c75;450.0;0.00671499;BUY
2016-04-23T00:39:31.529375;2016-04-23T00:39:31.590804;c20b633a-06ff-48c8-b64c-cf5a55815af5;450.0;0.025;BUY
2016-04-23T00:39:31.529574;2016-04-23T00:39:31.590804;fa4f4cbf-2a12-467f-8484-423c18c1e86a;450.0;0.05;BUY
2016-04-23T00:39:31.529774;2016-04-23T00:39:31.590804;cb5892b3-cccc-4fc9-a300-75b4ee60f21f;450.0;0.0200111;BUY
2016-04-23T00:39:31.529999;2016-04-23T00:39:31.684547;851f1e99-ed6f-43b1-ba9e-f4e4ef463154;450.0;0.02;BUY
2016-04-23T00:39:31.530195;2016-04-23T00:39:31.684547;5e730be1-ab79-49c6-b2d9-d6a1dff75513;450.0;0.91832391;BUY
2016-04-23T00:39:34.965683;2016-04-23T00:39:35.012674;1b935108-c6b7-46b9-9ee1-f9321c75c3fa;450.0;0.0172;BUY
2016-04-23T00:40:31.528503;2016-04-23T00:40:31.575207;fc8b7daf-c4e1-4934-b3f2-652a68337cbe;450.0;0.04444;BUY
2016-04-23T00:41:01.483932;2016-04-23T00:41:01.528350;971bc188-259a-4903-9892-f76929e014d3;450.0;0.22002;BUY
2016-04-23T00:41:31.496740;2016-04-23T00:41:31.543984;6d964b6b-ccb4-476e-b408-5f171d769e33;449.99;0.04033;SELL
2016-04-23T00:42:01.465143;2016-04-23T00:42:01.497135;d9b38023-478d-43e3-8f70-9a57f5eea3b5;450.0;0.21397;BUY
2016-04-23T00:42:31.466502;2016-04-23T00:42:31.497140;5cd62485-8fca-497f-a04a-9c8435749d88;449.99;1.94444;SELL
2016-04-23T00:43:01.626267;2016-04-23T00:43:01.653410;2d1df17f-414c-4aa1-a1b0-82aee2670dad;450.0;0.52519;BUY
2016-04-23T00:43:31.598160;2016-04-23T00:43:31.637799;5a3ec15e-f6dd-4400-a334-4ed53ed8f8fa;450.0;1.03030284;BUY
2016-04-23T00:43:31.598374;2016-04-23T00:43:31.653421;f93513b4-5ea8-41a7-b688-9e726f001af9;450.01;0.025;BUY
2016-04-23T00:43:31.598556;2016-04-23T00:43:31.669046;c3864d09-3c2b-49aa-bfc4-c8256dbecd0b;450.01;0.025;BUY
2016-04-23T00:43:31.598715;2016-04-23T00:43:31.700296;05b15375-4c73-4280-ba17-b8a6d0cf2d36;450.02;0.025;BUY
2016-04-23T00:43:31.598877;2016-04-23T00:43:31.747171;d1575edd-4b91-4341-8b24-1256d20fdd39;450.03;0.015;BUY
2016-04-23T00:43:31.599066;2016-04-23T00:43:31.778421;332a58a2-70d6-4703-af35-6a8bf529469e;450.04;0.025;BUY
2016-04-23T00:43:31.599226;2016-04-23T00:43:31.809670;72b11c4a-3c9d-422b-ad32-ebf7df8bd673;450.04;0.025;BUY
2016-04-23T00:43:31.599369;2016-04-23T00:43:31.825296;2f32eb68-e7b8-4da4-a07f-d78c671a429d;450.05;0.025;BUY
2016-04-23T00:43:31.599517;2016-04-23T00:43:31.825296;c00fdace-9bc5-40a6-8bce-0dd8a0a71169;450.05;0.025;BUY
2016-04-23T00:43:31.599657;2016-04-23T00:43:31.825296;858de671-8175-4d17-9aa5-7896e2c8b781;450.05;0.025;BUY
2016-04-23T00:43:31.599799;2016-04-23T00:43:31.825296;bf783cd6-763e-4080-962f-3a423c8ac090;450.05;0.025;BUY
2016-04-23T00:43:31.599956;2016-04-23T00:43:31.825296;cd62aad0-b937-4f0d-bff3-542bf64ab384;450.05;0.025;BUY
2016-04-23T00:43:31.600130;2016-04-23T00:43:31.825296;30e188aa-b754-4b82-b775-a87813eb095e;450.05;0.025;BUY
2016-04-23T00:43:31.600270;2016-04-23T00:43:31.825296;1fbb44f6-54ce-4751-9fb4-635d323db192;450.06;0.025;BUY
2016-04-23T00:43:31.600435;2016-04-23T00:43:31.825296;e944447c-bd5a-4e3f-a75d-afc94a5c9803;450.06;0.01;BUY
2016-04-23T00:43:31.600585;2016-04-23T00:43:31.825296;2267039b-2585-453d-a94c-e462414a3d45;450.07;0.025;BUY
2016-04-23T00:43:31.600725;2016-04-23T00:43:31.825296;844e7739-3a92-4cd1-a0af-993d18e21c7d;450.08;0.02;BUY
2016-04-23T00:43:31.600868;2016-04-23T00:43:31.825296;0dc3bc01-7c9c-4157-ae5a-a974981754ce;450.08;0.025;BUY
2016-04-23T00:43:31.601046;2016-04-23T00:43:31.825296;a491b4c6-b8a1-4242-a77f-09c2b4561b8f;450.08;0.025;BUY
2016-04-23T00:43:31.601188;2016-04-23T00:43:31.825296;6a8a2f91-35b7-46ee-9c7a-0684e37878a3;450.09;0.025;BUY
2016-04-23T00:43:31.601339;2016-04-23T00:43:31.825296;abba8796-9186-4b54-9084-d74fb7b265b3;450.09;0.015;BUY
2016-04-23T00:43:31.601479;2016-04-23T00:43:31.825296;dbc66450-520a-48be-905b-812ef2ad8075;450.1;0.02000888;BUY
2016-04-23T00:43:31.601627;2016-04-23T00:43:31.840922;c75697dc-ee3d-4973-8f27-e87396e420b1;450.1;0.025;BUY
2016-04-23T00:43:31.601773;2016-04-23T00:43:31.840922;6cf25b10-7564-4f01-96b1-1246e56cd173;450.11;0.025;BUY
2016-04-23T00:43:31.601914;2016-04-23T00:43:31.840922;2ff6ddd5-4b28-4d70-984f-03c770619515;450.11;0.025;BUY
2016-04-23T00:43:31.602088;2016-04-23T00:43:31.840922;20482784-92ad-43f8-9d65-7cef18c8890a;450.11;0.025;BUY
2016-04-23T00:43:31.602244;2016-04-23T00:43:31.840922;35393966-3880-45b4-b921-af341fca159d;450.13;0.025;BUY
2016-04-23T00:43:31.602384;2016-04-23T00:43:31.840922;ecfdebfd-18af-472d-ac3c-18e83ed5d44d;450.14;0.00701828;BUY
2016-04-23T00:43:42.017659;2016-04-23T00:43:42.044056;ee9ebcc2-9ebb-4b19-b05b-8a085a736ac3;450.09;0.01;BUY
2016-04-23T00:43:42.017853;2016-04-23T00:43:42.059683;59171518-bd98-4879-8d7d-b1fe5bc7115d;450.1;0.01;BUY
2016-04-23T00:43:42.018017;2016-04-23T00:43:42.059683;57bad652-a256-4a45-b5a0-85a2e73a4cf4;450.11;0.005;BUY
2016-04-23T00:43:58.820966;2016-04-23T00:43:58.856564;fe46a5dc-7c31-4aed-988d-776e35e84b77;450.11;0.005;BUY
2016-04-23T00:43:58.821225;2016-04-23T00:43:58.872184;36ad456b-6a60-40f6-9747-04f6cbae407a;450.14;0.01798172;BUY
2016-04-23T00:43:58.821607;2016-04-23T00:43:58.872184;6173f389-0694-456a-aa9b-8ff4c5085c10;450.15;0.025;BUY
2016-04-23T00:43:58.821825;2016-04-23T00:43:58.872184;aa7e0fe9-42b9-40f4-959a-1ee37a88b475;450.16;0.025;BUY
2016-04-23T00:43:58.822052;2016-04-23T00:43:58.872184;a8d5fe32-0265-4ffe-8a82-c244b4135b1a;450.16;0.01;BUY
2016-04-23T00:43:58.822264;2016-04-23T00:43:58.872184;bf9b4557-6082-40d0-b893-205c2f32635c;450.17;0.025;BUY
2016-04-23T00:43:58.822461;2016-04-23T00:43:58.903436;b1f26fdf-d23b-4518-9410-d1680dc794e1;450.18;0.025;BUY
2016-04-23T00:43:58.823009;2016-04-23T00:43:58.903436;a002e809-a28f-4a67-bcc9-134aadaefa02;450.18;0.08860385;BUY
2016-04-23T00:44:32.279128;2016-04-23T00:44:32.309706;08fd09a0-a237-41aa-9dac-66671a301b73;450.17;0.01;BUY
2016-04-23T00:44:32.279449;2016-04-23T00:44:32.325327;4e4e901a-c4e7-44cf-a6e9-98418a30c6b0;450.17;0.182;BUY
2016-04-23T00:44:32.279688;2016-04-23T00:44:32.325327;5ee4e5b3-9a1b-495e-9fdf-fb87a1bee4b1;450.18;0.53986;BUY
2016-04-23T00:45:01.624315;2016-04-23T00:45:01.653466;df603ae2-d9bb-415c-bdd7-0528027d9662;450.17;0.04398;BUY
2016-04-23T00:45:37.631117;2016-04-23T00:45:37.669112;c94b9ee3-da36-43cd-94a9-a5488b3e94d7;450.17;0.576;BUY
2016-04-23T00:45:37.631342;2016-04-23T00:45:37.684737;802deec3-c660-4b69-bab2-61d8b168b738;450.17;5.2;BUY
2016-04-23T00:45:37.631513;2016-04-23T00:45:37.684737;9ef6596d-0995-4e51-a4ed-182523b3bb4f;450.18;0.13610437;BUY
2016-04-23T00:45:37.631678;2016-04-23T00:45:37.684737;83ad66f3-0bb7-43be-9340-d3fe88dd7421;450.18;1.2;BUY
2016-04-23T00:45:37.631835;2016-04-23T00:45:37.684737;fc88ed36-0a73-49fc-b911-1a80ceb7100d;450.18;0.19382;BUY
2016-04-23T00:45:37.632001;2016-04-23T00:45:37.700364;a057270e-355d-4211-b2c2-c44b5321c04d;450.19;0.025;BUY
2016-04-23T00:45:37.632145;2016-04-23T00:45:37.700364;5cf3e003-5c22-4969-8458-72b5365c9af9;450.19;0.8;BUY
2016-04-23T00:45:37.632301;2016-04-23T00:45:37.700364;538c511a-e0f9-4c76-9cff-8716e9317298;450.19;0.15;BUY
2016-04-23T00:45:37.632443;2016-04-23T00:45:37.700364;4c1fa252-e760-442c-be86-5e496ab97ebb;450.2;0.02000888;BUY
2016-04-23T00:45:37.632584;2016-04-23T00:45:37.700364;a26e95a1-6839-4030-8139-8955851d1f8d;450.2;0.025;BUY
2016-04-23T00:45:37.632738;2016-04-23T00:45:37.715992;c91513d2-6bb1-44ef-a1fa-8314c7eb770f;450.2;0.01;BUY
2016-04-23T00:45:37.632894;2016-04-23T00:45:37.731621;b72b6de7-a237-41f9-9ae3-65f97187523d;450.2;0.6;BUY
2016-04-23T00:45:37.633056;2016-04-23T00:45:37.731621;888c28fe-519c-4822-a235-8d1fe61141ff;450.21;0.025;BUY
2016-04-23T00:45:37.633205;2016-04-23T00:45:37.731621;dcd8411f-9764-4ce6-aba8-cff280f3d4e4;450.21;0.27;BUY
2016-04-23T00:45:37.633356;2016-04-23T00:45:37.731621;873ab19e-1149-4ec1-9e86-88ee036b49f0;450.21;0.6;BUY
2016-04-23T00:45:37.633495;2016-04-23T00:45:37.731621;c5ddc433-570c-40da-9629-b871238b7d72;450.22;0.025;BUY
2016-04-23T00:45:37.633635;2016-04-23T00:45:37.731621;9c1ae70c-2efe-4c8f-9db6-3cc207616ba6;450.22;5.9842492;BUY
2016-04-23T00:45:37.633780;2016-04-23T00:45:37.731621;9065ced0-164c-4265-b656-8737eeb72cda;450.22;0.025;BUY
2016-04-23T00:45:37.633926;2016-04-23T00:45:37.731621;0edc70c8-df75-465e-8007-ca6595446877;450.22;0.652;BUY
2016-04-23T00:45:37.634099;2016-04-23T00:45:37.762869;df14fd35-bce4-4876-9603-d1a356868ceb;450.23;0.025;BUY
2016-04-23T00:45:37.634247;2016-04-23T00:45:37.762869;d0436ca9-ee78-4d14-a274-88bac80ec098;450.23;0.025;BUY
2016-04-23T00:45:37.634387;2016-04-23T00:45:37.762869;0e7e5d6f-db3e-4989-9711-2300ce0b21cf;450.24;0.025;BUY
2016-04-23T00:45:37.634526;2016-04-23T00:45:37.762869;79cd43c5-8479-4ae2-9090-ef1210d99f39;450.24;0.025;BUY
2016-04-23T00:45:37.634677;2016-04-23T00:45:37.778486;1866e413-0f37-4417-8e22-9805532b2439;450.24;0.2;BUY
2016-04-23T00:45:37.634832;2016-04-23T00:45:37.778486;b66509d9-84e5-4da9-a9ea-7a01d1dadd68;450.25;0.025;BUY
2016-04-23T00:45:37.635006;2016-04-23T00:45:37.778486;54695f1e-56c2-4ef5-83ef-9a542ed04caf;450.25;0.01;BUY
2016-04-23T00:45:37.635154;2016-04-23T00:45:37.778486;54794211-af36-42e4-b4b0-fec547c678c5;450.25;0.01214782;BUY
2016-04-23T00:45:37.635305;2016-04-23T00:45:37.778486;6614e6f7-572a-4117-be15-fdcd19b765c5;450.25;0.11266955;BUY
2016-04-23T00:45:37.635454;2016-04-23T00:45:37.778486;59b94c46-25c1-48dd-a174-e876f798422c;450.26;0.025;BUY
2016-04-23T00:45:37.635600;2016-04-23T00:45:37.778486;e7ac7dab-65ed-4ea4-bf87-860825c5c6d5;450.27;0.025;BUY
2016-04-23T00:45:37.635748;2016-04-23T00:45:37.778486;d942103f-1c14-4b71-818f-5f7283bec06c;450.27;0.655;BUY
2016-04-23T00:45:37.635911;2016-04-23T00:45:37.778486;9c08a8ff-039e-4b1d-9da5-8093c862d7c6;450.27;6.64777;BUY
2016-04-23T00:45:37.636095;2016-04-23T00:45:37.778486;91362559-b259-4531-89a2-fb680c53609b;450.28;0.025;BUY
2016-04-23T00:45:37.636244;2016-04-23T00:45:37.778486;d757b636-59f0-4581-806f-db33f97be47e;450.29;0.025;BUY
2016-04-23T00:45:37.636389;2016-04-23T00:45:37.794117;b430feda-7ed8-436e-a2aa-18e3f852aab9;450.3;0.02000666;BUY
2016-04-23T00:45:37.636534;2016-04-23T00:45:37.794117;01b813d6-e2ee-4b61-bb58-236f9eecab93;450.3;0.025;BUY
2016-04-23T00:45:37.636683;2016-04-23T00:45:37.794117;4c396e1a-19c4-498b-a0c0-8c8b37053d86;450.3;0.025;BUY
2016-04-23T00:45:37.636843;2016-04-23T00:45:37.794117;879c54c2-fedf-432f-98a6-03f2c4d8cbf8;450.31;0.025;BUY
2016-04-23T00:45:37.637024;2016-04-23T00:45:37.794117;c9ad6d30-75b0-4ff8-a933-f09c051764b4;450.32;0.025;BUY
2016-04-23T00:45:37.637176;2016-04-23T00:45:37.794117;115ba941-f41e-47f5-8cc3-a0acd952ffe5;450.32;0.01;BUY
2016-04-23T00:45:37.637316;2016-04-23T00:45:37.809738;45ee87df-12eb-4fea-aa91-76807d80e105;450.32;0.01;BUY
2016-04-23T00:45:37.637471;2016-04-23T00:45:37.809738;5f15f2ae-2c20-4265-b115-776eaf28c2ca;450.32;0.625;BUY
2016-04-23T00:45:37.637621;2016-04-23T00:45:37.825360;ea7c28e5-521c-4651-a7c0-3967a44c8de9;450.33;0.025;BUY
2016-04-23T00:45:37.637768;2016-04-23T00:45:37.825360;d0fee8ab-3ece-46c9-89c1-35836df707f6;450.34;0.025;BUY
2016-04-23T00:45:37.637912;2016-04-23T00:45:37.825360;477a9a1d-5a3d-4082-92c7-1d5058cfbc85;450.34;1.98200352;BUY
2016-04-23T00:45:42.192304;2016-04-23T00:45:42.231613;40fa220f-79ee-4dc2-9e7a-77d8a6475d67;450.16;0.18;SELL
2016-04-23T00:45:42.767387;2016-04-23T00:45:42.794115;75cff0b4-973c-43c7-930c-37b44bc8aea9;450.16;0.12;SELL
2016-04-23T00:45:42.773716;2016-04-23T00:45:42.809739;f6556351-de31-41c5-a418-c33818a5bfab;450.15;0.015;SELL
2016-04-23T00:45:42.773919;2016-04-23T00:45:42.809739;75ca68a0-f717-4150-a7f0-6e3127415e5a;450.15;0.014;SELL
2016-04-23T00:45:42.774139;2016-04-23T00:45:42.809739;e0e5657d-2f41-4d03-96c1-baa1f67e9489;450.15;0.014;SELL
2016-04-23T00:45:42.774304;2016-04-23T00:45:42.825364;b7126b24-eeae-4663-8a00-cfbb746989a2;450.15;0.011;SELL
2016-04-23T00:45:43.054649;2016-04-23T00:45:43.090993;0eb2e7c8-3d67-4d3f-959c-39097fea314b;450.15;0.003;SELL
2016-04-23T00:45:43.054830;2016-04-23T00:45:43.106619;6071c4eb-f6f6-469d-b572-c609d7192d12;450.15;0.014;SELL
2016-04-23T00:45:43.055014;2016-04-23T00:45:43.106619;555a54d3-fcf7-4ec9-b28d-4ad1c08f75dc;450.15;0.014;SELL
2016-04-23T00:45:43.055188;2016-04-23T00:45:43.106619;ee94cfc1-10cf-40ab-9054-b4b378d53c0e;450.15;0.014;SELL
2016-04-23T00:45:43.055353;2016-04-23T00:45:43.106619;2b74e2aa-d8b7-40ba-948d-f24a0b6bbfce;450.15;0.014;SELL
2016-04-23T00:45:43.055509;2016-04-23T00:45:43.106619;6eef418c-f52b-4f17-918e-0232eed71c2e;450.15;0.155;SELL
2016-04-23T00:45:43.080067;2016-04-23T00:45:43.122238;8efacef5-4b74-4f8d-b7c3-c9ee0748a15a;450.15;0.046;SELL
2016-04-23T00:45:43.083679;2016-04-23T00:45:43.122238;9a5a0c0c-33b6-4f96-8b73-1af92aee122d;450.15;0.22;SELL
2016-04-23T00:46:01.812806;2016-04-23T00:46:01.841003;8a30929e-9b90-4a75-88c1-03cd1fc1ff2c;450.16;0.521;BUY
2016-04-23T00:46:01.813037;2016-04-23T00:46:01.856624;d16563e3-4d37-4c86-b935-f201dbbc948d;450.16;12.0;BUY
2016-04-23T00:46:01.813217;2016-04-23T00:46:01.856624;5c761645-62d7-4783-8db8-6b52a32a8016;450.17;4.45535;BUY
2016-04-23T00:46:31.900338;2016-04-23T00:46:31.934762;238705e4-c2c0-4451-81a5-d8074ab4e6cd;450.15;0.033492;SELL
2016-04-23T00:46:31.900577;2016-04-23T00:46:31.950387;41d2a058-1a5d-4f11-a287-a6ed48a960f4;450.14;0.015;SELL
2016-04-23T00:46:31.900776;2016-04-23T00:46:31.950387;f98f5d9e-c0b8-4502-9c41-238e4ab9e334;450.13;0.015;SELL
2016-04-23T00:46:31.900948;2016-04-23T00:46:31.950387;81a4a918-bd5d-4d1f-ba8a-ec0404806552;450.12;0.015;SELL
2016-04-23T00:46:31.901142;2016-04-23T00:46:31.950387;3fb7c697-417d-4528-9ee3-78ec04761504;450.11;0.015;SELL
2016-04-23T00:46:31.901327;2016-04-23T00:46:31.966012;ff8df6b8-c39f-401a-a9dd-77fa112552e9;450.1;0.015;SELL
2016-04-23T00:46:31.901568;2016-04-23T00:46:31.966012;5d0ad8eb-4fab-4b7e-9ca8-da084ad708bd;450.1;0.01;SELL
2016-04-23T00:46:31.901756;2016-04-23T00:46:31.966012;62870d04-5884-4c95-a452-2059bffea4b9;450.1;0.0200111;SELL
2016-04-23T00:46:31.901920;2016-04-23T00:46:31.966012;7b2aae0e-8266-40dd-afc3-f9edc63ce3b7;450.09;0.015;SELL
2016-04-23T00:46:31.902118;2016-04-23T00:46:31.966012;fca37236-6e7d-4447-86a2-fa1ef5da0d6f;450.08;0.015;SELL
2016-04-23T00:46:31.902287;2016-04-23T00:46:31.981637;500a864c-40ab-45ae-9bf9-e0994e68ed4e;450.07;0.015;SELL
2016-04-23T00:46:31.902453;2016-04-23T00:46:31.981637;04afadc9-f588-4f24-8915-7f426157fb25;450.06;0.015;SELL
2016-04-23T00:46:31.902619;2016-04-23T00:46:31.981637;b9a16eb0-6b7b-4028-9085-f9777da20a25;450.05;0.015;SELL
2016-04-23T00:46:31.902786;2016-04-23T00:46:31.981637;48f75555-ba7f-43fe-bc3d-9e859854a056;450.04;0.015;SELL
2016-04-23T00:46:31.902952;2016-04-23T00:46:31.981637;d730fb1d-046f-435e-ba0f-b426933282ba;450.03;0.01;SELL
2016-04-23T00:46:31.903131;2016-04-23T00:46:32.012892;32627c2d-1eea-4fc7-b2fe-34958be01d30;450.02;0.01;SELL
2016-04-23T00:46:31.903301;2016-04-23T00:46:32.012892;070fb21e-f0c8-457f-a6c2-09cfc3dfefbd;450.02;0.01;SELL
2016-04-23T00:46:31.903467;2016-04-23T00:46:32.012892;a6e6f6fc-e516-4c34-9696-56b73e509a24;450.01;0.01;SELL
2016-04-23T00:46:31.903628;2016-04-23T00:46:32.012892;d7e817c7-be14-4b10-90d1-381c7b60205b;450.0;0.0200111;SELL
2016-04-23T00:46:31.903782;2016-04-23T00:46:32.028512;24c97145-c0da-4977-8dc6-885a8804f819;450.0;0.01;SELL
2016-04-23T00:46:31.903946;2016-04-23T00:46:32.028512;39855cf9-1123-4f69-a88c-0541d160a843;450.0;0.1;SELL
2016-04-23T00:46:31.904126;2016-04-23T00:46:32.028512;c8804b69-a515-4f0d-a7b3-4519aafbfd73;449.99;0.01;SELL
2016-04-23T00:46:31.904296;2016-04-23T00:46:32.028512;bd864c66-d231-4fa2-8393-e274c5bff025;449.99;0.015;SELL
2016-04-23T00:46:31.904452;2016-04-23T00:46:32.028512;5b0cdce5-6a85-4673-9113-62b5fd0c0f05;449.98;0.015;SELL
2016-04-23T00:46:31.904608;2016-04-23T00:46:32.028512;f42aa532-109d-4ca9-b273-7dc7ffa9f66c;449.98;0.1;SELL
2016-04-23T00:46:31.904764;2016-04-23T00:46:32.028512;6144bbdc-8803-4d9d-8894-30adb6c5b3e9;449.98;0.011;SELL
2016-04-23T00:46:31.904918;2016-04-23T00:46:32.028512;ad1ba5e8-8e85-4747-a785-286d92623682;449.98;0.011;SELL
2016-04-23T00:46:31.905086;2016-04-23T00:46:32.028512;5d78d66f-5ac6-4734-a4e5-0179316d51e3;449.98;0.011;SELL
2016-04-23T00:46:31.905249;2016-04-23T00:46:32.028512;ecdeabe8-48f2-4f13-bf84-ab5d8a3eb076;449.98;0.011;SELL
2016-04-23T00:46:31.905414;2016-04-23T00:46:32.059762;cf484b39-0a74-42f6-8ecb-57a3f2881541;449.98;0.01;SELL
2016-04-23T00:46:31.905571;2016-04-23T00:46:32.059762;b4e68d9f-1b77-4cb1-8ddf-477d42b0d6a4;449.98;0.01;SELL
2016-04-23T00:46:31.905726;2016-04-23T00:46:32.059762;2680d385-5aa1-40d8-9a08-01f70784ff0e;449.98;0.01;SELL
2016-04-23T00:46:31.905871;2016-04-23T00:46:32.059762;74fcaa18-459a-4340-9e02-d93497bbfcf1;449.98;0.0056058;SELL
2016-04-23T00:46:55.003242;2016-04-23T00:46:55.044151;fe605663-4eb9-44fd-8107-546313a76574;450.06;0.015;SELL
2016-04-23T00:46:55.003488;2016-04-23T00:46:55.044151;852b3e28-e83d-410b-a11d-279661864e64;450.05;0.015;SELL
2016-04-23T00:46:55.003693;2016-04-23T00:46:55.044151;b50b0ea7-7300-4e02-b1de-ce96e65cdcc0;450.04;0.015;SELL
2016-04-23T00:47:02.028929;2016-04-23T00:47:02.091027;0b4d4bbc-219a-413d-996c-3a549d5616b6;450.03;0.015;SELL
2016-04-23T00:47:02.029122;2016-04-23T00:47:02.091027;ebe864ee-6216-45b4-af21-ca1ee5e0450c;450.02;0.015;SELL
2016-04-23T00:47:02.029289;2016-04-23T00:47:02.106653;c0b29b51-6876-4b51-a680-adab85398c63;450.01;0.015;SELL
2016-04-23T00:47:02.029443;2016-04-23T00:47:02.106653;262e58e4-f8fb-4aab-ac69-7e9680fd7bfa;450.0;0.015;SELL
2016-04-23T00:47:02.029613;2016-04-23T00:47:02.122278;fc5f1b9d-366d-47a4-8de5-0f1be7c0507c;449.99;0.015;SELL
2016-04-23T00:47:02.029765;2016-04-23T00:47:02.122278;83dba0b1-55f2-4b77-9608-c0698f451a1a;449.98;0.0043942;SELL
2016-04-23T00:47:02.029915;2016-04-23T00:47:02.122278;5c5b7234-362b-4a2c-9cb7-e6e391a1a865;449.98;0.01;SELL
2016-04-23T00:47:02.030073;2016-04-23T00:47:02.122278;23237ace-8a16-41d8-9a1e-b649c7f7635b;449.98;0.01;SELL
2016-04-23T00:47:02.030225;2016-04-23T00:47:02.137904;6b4fd23c-4384-43b9-9eb1-ab715b902a8d;449.98;0.01;SELL
2016-04-23T00:47:02.030384;2016-04-23T00:47:02.137904;d0152d2c-2aea-4c91-8e10-c3fc670825fa;449.98;0.01;SELL
2016-04-23T00:47:02.030531;2016-04-23T00:47:02.137904;ab2ab878-8cb1-4f27-8f4e-6b212bde69f5;449.97;0.015;SELL
2016-04-23T00:47:02.030697;2016-04-23T00:47:02.137904;e98810bd-01e1-4dba-a303-1483d1422ce1;449.97;0.01;SELL
2016-04-23T00:47:02.030844;2016-04-23T00:47:02.153529;bee34f5b-269f-4091-9bdd-9b78bff5bc17;449.96;0.015;SELL
2016-04-23T00:47:02.031018;2016-04-23T00:47:02.153529;2be16425-73b7-4c5a-9d5f-d2a4d0d4f1be;449.96;0.01;SELL
2016-04-23T00:47:02.031178;2016-04-23T00:47:02.153529;156c316f-43ca-49c2-b4e0-96e74f550c24;449.95;0.015;SELL
2016-04-23T00:47:02.031324;2016-04-23T00:47:02.153529;416390a7-00ef-4bb5-8575-d7c9466892e3;449.94;0.015;SELL
2016-04-23T00:47:02.031481;2016-04-23T00:47:02.169153;b71b1d15-d3de-4bbf-9bbb-cfa08a2fc665;449.94;0.01;SELL
2016-04-23T00:47:02.031668;2016-04-23T00:47:02.169153;7d2b0114-3b8c-4621-b7c0-f882693288b8;449.93;0.015;SELL
2016-04-23T00:47:02.031832;2016-04-23T00:47:02.169153;3f4c9c35-3ea0-4da7-856c-eb545007023e;449.92;0.015;SELL
2016-04-23T00:47:02.032007;2016-04-23T00:47:02.184787;cc1abe39-a76d-476c-b956-ef0606dcff07;449.91;0.015;SELL
2016-04-23T00:47:02.032154;2016-04-23T00:47:02.184787;7d9f15e2-a46e-4ea0-af42-7e3f14934f2c;449.9;0.015;SELL
2016-04-23T00:47:02.032312;2016-04-23T00:47:02.184787;c69ec97a-dd6e-4728-8976-11cfb8092ef7;449.9;0.02001332;SELL
2016-04-23T00:47:02.032472;2016-04-23T00:47:02.184787;3302baf8-4eb0-4844-a723-a14547b8a080;449.89;0.015;SELL
2016-04-23T00:47:02.032617;2016-04-23T00:47:02.184787;0a24756c-5949-47ba-888a-a0a392cd5954;449.88;0.015;SELL
2016-04-23T00:47:02.032798;2016-04-23T00:47:02.184787;a9cd47f9-f40e-4f8c-a3bc-d2b7f03bd594;449.88;0.15;SELL
2016-04-23T00:47:02.032958;2016-04-23T00:47:02.200429;a9a82951-38f2-467c-a158-a8bb55c8e966;449.87;0.015;SELL
2016-04-23T00:47:02.033116;2016-04-23T00:47:02.200429;008a0dbe-8b76-4d83-ad49-7be2db6f802e;449.86;0.015;SELL
2016-04-23T00:47:02.033274;2016-04-23T00:47:02.200429;035b400f-12ce-4b82-bb67-13f89390acb4;449.86;0.01;SELL
2016-04-23T00:47:02.033430;2016-04-23T00:47:02.200429;9d6281f5-7c72-4e86-af8b-92f8271da586;449.85;0.015;SELL
2016-04-23T00:47:02.033576;2016-04-23T00:47:02.200429;c2f477fb-926d-4aab-8c83-f607196a872b;449.84;0.014;SELL
2016-04-23T00:47:02.033728;2016-04-23T00:47:02.200429;5e6c529d-f17c-4d87-95cd-86cc0a4c24b6;449.84;0.01;SELL
2016-04-23T00:47:02.033887;2016-04-23T00:47:02.216028;7ad5f3b1-b768-429b-a9fb-9bcc899d63eb;449.84;0.03925798;SELL
2016-04-23T00:47:02.034045;2016-04-23T00:47:02.216028;66d87f83-dc66-4251-8895-f5bd563663fd;449.83;0.015;SELL
2016-04-23T00:47:02.034194;2016-04-23T00:47:02.216028;d94e8547-18ce-444b-9bc5-50e06d7b9112;449.83;0.03923662;SELL
2016-04-23T00:47:02.034347;2016-04-23T00:47:02.216028;0de902ea-6a07-4aa8-b984-b16178305347;449.83;0.03923662;SELL
2016-04-23T00:47:02.034488;2016-04-23T00:47:02.231655;3fee9e9e-72f6-47d9-9aed-65daf0c44612;449.83;0.03930331;SELL
2016-04-23T00:47:02.034634;2016-04-23T00:47:02.231655;13ac1d02-ff5c-4604-9a6a-5ea39627eeaa;449.83;0.03919216;SELL
2016-04-23T00:47:02.034811;2016-04-23T00:47:02.231655;a507a057-0949-4108-9145-45f9842e6b2a;449.83;0.03919216;SELL
2016-04-23T00:47:02.034969;2016-04-23T00:47:02.231655;46121def-9c60-4023-beb7-f870ef5d07b6;449.82;0.015;SELL
2016-04-23T00:47:02.036741;2016-04-23T00:47:02.231655;d35ce4f8-a2b7-4d4f-baf6-343a046b3407;449.81;0.015;SELL
2016-04-23T00:47:02.036928;2016-04-23T00:47:02.247280;03e462eb-db11-47cd-904c-96ab15ea4414;449.8;0.1;SELL
2016-04-23T00:47:02.037098;2016-04-23T00:47:02.247280;c9868362-f5bb-406d-8bc3-12f6179d9058;449.8;0.015;SELL
2016-04-23T00:47:02.037247;2016-04-23T00:47:02.247280;dbd047df-c89d-4e84-b3ff-b2cc00df777c;449.8;0.02000888;SELL
2016-04-23T00:47:02.037392;2016-04-23T00:47:02.247280;1bc37cd6-ef19-42f1-861c-f8ea9442643f;449.8;1.0;SELL
2016-04-23T00:47:02.037535;2016-04-23T00:47:02.262905;ee292f02-e313-4078-b95c-e76e753ef650;449.8;0.03919521;SELL
2016-04-23T00:47:02.037720;2016-04-23T00:47:02.262905;803d0fa9-c61e-4726-9a9b-21ed36f131f3;449.8;0.03926191;SELL
2016-04-23T00:47:02.037878;2016-04-23T00:47:02.262905;30b92170-ddae-4694-9558-b9da4517430c;449.79;0.015;SELL
2016-04-23T00:47:02.038040;2016-04-23T00:47:02.262905;4c812930-570a-46c4-a004-e51935fc25cd;449.79;0.03926278;SELL
2016-04-23T00:47:02.038195;2016-04-23T00:47:02.278529;ad911e27-ad15-4766-9293-0e3c459155a1;449.79;0.03926278;SELL
2016-04-23T00:47:02.038338;2016-04-23T00:47:02.278529;29563a67-dcbe-45d2-8f8c-37babb49ce3d;449.78;0.014;SELL
2016-04-23T00:47:02.038490;2016-04-23T00:47:02.278529;76b4a4cd-bc3f-4e49-b7aa-441acb9797fe;449.78;0.2;SELL
2016-04-23T00:47:02.038649;2016-04-23T00:47:02.278529;aae5920a-343e-43be-8bf8-73204ae7b6bc;449.77;0.014;SELL
2016-04-23T00:47:02.038817;2016-04-23T00:47:02.278529;eee6de6e-5b2a-442e-a308-c8cb9e588c12;449.76;0.015;SELL
2016-04-23T00:47:02.038990;2016-04-23T00:47:02.309779;2cbdd44a-56d5-46e2-8eb6-5c87f7930043;449.75;0.015;SELL
2016-04-23T00:47:02.039139;2016-04-23T00:47:02.309779;1ffb0536-3c0d-4e0a-b626-dcefd9a78be0;449.74;0.015;SELL
2016-04-23T00:47:02.039283;2016-04-23T00:47:02.309779;f5941565-4407-4937-bf58-1f2db2b2b262;449.74;0.03926671;SELL
2016-04-23T00:47:02.039430;2016-04-23T00:47:02.309779;f3e8b4b9-fd3f-4e08-93c1-eb9c44cbfe9b;449.74;0.03926671;SELL
2016-04-23T00:47:02.039585;2016-04-23T00:47:02.309779;9709429f-7610-4edb-8402-a3c1792ae7cf;449.74;0.0392;SELL
2016-04-23T00:47:02.039761;2016-04-23T00:47:02.325403;52fb65c6-1c08-4c88-ab0d-97486b4dc7a9;449.73;0.015;SELL
2016-04-23T00:47:02.039925;2016-04-23T00:47:02.325403;b910b5a3-7d51-4cd3-a7d4-11e71e86bbdd;449.72;0.015;SELL
2016-04-23T00:47:02.040081;2016-04-23T00:47:02.325403;7ebc5b28-b35a-4066-8ac6-9a366f68fc96;449.71;0.015;SELL
2016-04-23T00:47:02.040222;2016-04-23T00:47:02.325403;2e5bebad-ecf8-4080-a853-15809e08948d;449.71;0.03924753;SELL
2016-04-23T00:47:02.040371;2016-04-23T00:47:02.341029;c725b82f-d1a8-4764-8049-a162dc279035;449.71;0.03926977;SELL
2016-04-23T00:47:02.040514;2016-04-23T00:47:02.341029;c393afdc-4f59-496f-9bce-4f8d47fde1f4;449.7;0.02001778;SELL
2016-04-23T00:47:02.040669;2016-04-23T00:47:02.341029;2f268881-1692-49f9-a315-5eb2d5622585;449.7;0.015;SELL
2016-04-23T00:47:02.040835;2016-04-23T00:47:02.341029;8f52631d-730c-4004-980e-c41add220047;449.7;0.0392484;SELL
2016-04-23T00:47:02.041008;2016-04-23T00:47:02.341029;7afb39e9-2d23-4f23-9e0d-b6033fec93a9;449.69;0.015;SELL
2016-04-23T00:47:02.041151;2016-04-23T00:47:02.341029;bdac760e-1370-48ad-82bc-d5db0cbdc38f;449.68;0.01;SELL
2016-04-23T00:47:02.041303;2016-04-23T00:47:02.356655;f8eb019a-746b-4158-81b3-93598864f528;449.68;0.015;SELL
2016-04-23T00:47:02.041444;2016-04-23T00:47:02.356655;103bf6c2-db77-4be2-add8-eef635a0537c;449.67;0.01;SELL
2016-04-23T00:47:02.041593;2016-04-23T00:47:02.372279;e8ad91e5-80ca-4eee-9228-33b306ac6903;449.67;0.01;SELL
2016-04-23T00:47:02.041746;2016-04-23T00:47:02.372279;714a5a8d-306a-445b-a5d8-873e163b5cc1;449.67;0.015;SELL
2016-04-23T00:47:02.041894;2016-04-23T00:47:02.387904;6fea8903-e94d-4388-8c9d-528940f4f46e;449.66;0.014;SELL
2016-04-23T00:47:02.042056;2016-04-23T00:47:02.387904;e41f21be-5ed7-49de-b384-bb0834f06858;449.66;0.03922922;SELL
2016-04-23T00:47:02.042211;2016-04-23T00:47:02.387904;c326f08a-c245-4d08-aae2-11555f31a5fb;449.66;0.8;SELL
2016-04-23T00:47:02.042375;2016-04-23T00:47:02.387904;849476ee-0f15-4f7a-91fc-66a4f0a330ca;449.65;0.014;SELL
2016-04-23T00:47:02.042534;2016-04-23T00:47:02.387904;aa1060de-a820-49e8-90d2-53e278919673;449.65;0.01;SELL
2016-04-23T00:47:02.042678;2016-04-23T00:47:02.387904;67d3d8a7-523d-4255-8470-d57c6835a694;449.64;0.014;SELL
2016-04-23T00:47:02.042846;2016-04-23T00:47:02.403529;2896233b-21b4-440f-afef-4c891122080e;449.64;0.01;SELL
2016-04-23T00:47:02.043022;2016-04-23T00:47:02.403529;6119f5fd-f2cf-4d79-bbf4-b2be3502777b;449.63;0.014;SELL
2016-04-23T00:47:02.043168;2016-04-23T00:47:02.403529;fe2ad835-d415-4467-b9c6-534e91a59415;449.62;0.014;SELL
2016-04-23T00:47:02.043316;2016-04-23T00:47:02.403529;564e7e6d-4b66-41d4-9a8e-8b13f9b4be1d;449.62;0.01;SELL
2016-04-23T00:47:02.043479;2016-04-23T00:47:02.403529;b29f2672-2317-4e3b-9142-c11d8e5a2b53;449.62;0.03923315;SELL
2016-04-23T00:47:02.043634;2016-04-23T00:47:02.403529;75ebf679-285e-4240-acfa-4bad9c150808;449.61;0.014;SELL
2016-04-23T00:47:02.043781;2016-04-23T00:47:02.419154;6e1876f7-a28b-4e00-8a2b-3790dc78011d;449.6;0.015;SELL
2016-04-23T00:47:02.043943;2016-04-23T00:47:02.419154;af621eac-0b80-4e14-8938-e398c63af4c9;449.6;0.02001601;SELL
2016-04-23T00:47:02.044109;2016-04-23T00:47:02.419154;bf0e85c0-2c7d-4ecd-a9fe-b597b1b9a6c1;449.59;0.015;SELL
2016-04-23T00:47:02.044261;2016-04-23T00:47:02.419154;5a57f4cf-a5c5-4cb6-afe4-bc880a6294a1;449.58;0.015;SELL
2016-04-23T00:47:02.044411;2016-04-23T00:47:02.434780;41ec2ebd-4fab-45de-83e0-aab2e3775b2e;449.57;0.015;SELL
2016-04-23T00:47:02.044565;2016-04-23T00:47:02.434780;43ffdab3-1afa-429c-a29b-9e2c5370172d;449.57;0.03923708;SELL
2016-04-23T00:47:02.044705;2016-04-23T00:47:02.434780;d845f767-3d59-4cad-aed2-b789d256cf37;449.56;0.015;SELL
2016-04-23T00:47:02.044869;2016-04-23T00:47:02.434780;9251f892-4fc9-46a5-951a-9dd89469e4d4;449.56;0.01;SELL
2016-04-23T00:47:02.045027;2016-04-23T00:47:02.434780;b17d7109-b6b6-4943-bc68-5057e8a8527b;449.55;0.015;SELL
2016-04-23T00:47:02.045179;2016-04-23T00:47:02.450404;71bc575a-8fd6-4ce5-a490-cd57509108dc;449.55;0.1;SELL
2016-04-23T00:47:02.045336;2016-04-23T00:47:02.466030;ae377d89-c129-4145-9d33-cd0b89ec8f89;449.54;0.015;SELL
2016-04-23T00:47:02.045481;2016-04-23T00:47:02.466030;6dca8b13-110b-4991-9c85-272c4d113ccc;449.53;0.015;SELL
2016-04-23T00:47:02.045632;2016-04-23T00:47:02.466030;fc5a5011-904a-400c-834e-54e7a46c5445;449.53;0.039241;SELL
2016-04-23T00:47:02.045783;2016-04-23T00:47:02.466030;794c531a-b613-4ac4-b4fd-ccbbbe7a02fa;449.52;0.015;SELL
2016-04-23T00:47:02.045931;2016-04-23T00:47:02.466030;4cd2a4f2-6cba-4d86-9645-11218b41a338;449.51;0.01;SELL
2016-04-23T00:47:02.046098;2016-04-23T00:47:02.466030;23385e76-b45a-4a09-a993-eedba2240256;449.51;0.015;SELL
2016-04-23T00:47:02.046245;2016-04-23T00:47:02.481654;78cb1fe4-d79c-4f91-a352-6390550b1242;449.5;0.015;SELL
2016-04-23T00:47:02.046402;2016-04-23T00:47:02.481654;98c55659-cab7-47ae-8706-5d62a067cb8f;449.5;0.01214689;SELL
2016-04-23T00:47:02.046555;2016-04-23T00:47:02.481654;2408596f-5474-4a60-85cc-e80e5f4d902f;449.49;0.015;SELL
2016-04-23T00:47:02.046700;2016-04-23T00:47:02.497279;f53718de-a0cb-4266-a2b8-e5634152edf5;449.48;0.015;SELL
2016-04-23T00:47:02.046857;2016-04-23T00:47:02.497279;c6622935-dc7d-4ca3-9010-156f5bcb41e2;449.48;0.03926718;SELL
2016-04-23T00:47:02.047047;2016-04-23T00:47:02.512904;0182a376-d2a9-493b-a74f-24d414a27827;449.47;0.015;SELL
2016-04-23T00:47:02.047208;2016-04-23T00:47:02.512904;0a79b24d-42e0-44ab-89ff-7b0f5a17f9d5;449.47;0.04;SELL
2016-04-23T00:47:02.047359;2016-04-23T00:47:02.512904;e0b7a956-12ae-4095-a7c0-7f36d8e2d743;449.46;0.01;SELL
2016-04-23T00:47:02.047504;2016-04-23T00:47:02.512904;d380e4c5-43e4-49e5-91df-8c5544520110;449.46;0.015;SELL
2016-04-23T00:47:02.047657;2016-04-23T00:47:02.512904;26421096-7d25-461c-9512-ecfa753167e1;449.46;0.25;SELL
2016-04-23T00:47:02.047812;2016-04-23T00:47:02.512904;839aa989-bc49-438b-8e19-31b7c9abbc49;449.45;0.015;SELL
2016-04-23T00:47:02.047990;2016-04-23T00:47:02.512904;cdcb7589-491a-4f1d-bbd4-447c8f2c4bd2;449.44;0.015;SELL
2016-04-23T00:47:02.048148;2016-04-23T00:47:02.528522;f58208aa-dbcd-493b-93f0-4f7a69240b56;449.44;0.01;SELL
2016-04-23T00:47:02.048307;2016-04-23T00:47:02.528522;8f19e68d-7081-4835-bcdc-5055094b3b83;449.44;0.03920437;SELL
2016-04-23T00:47:02.048462;2016-04-23T00:47:02.528522;4d03ff5f-ce6d-4bdd-99bb-b9386b37127d;449.43;0.015;SELL
2016-04-23T00:47:02.048616;2016-04-23T00:47:02.528522;e9d9410a-9b9d-410a-9b32-40fe72674b19;449.42;0.015;SELL
2016-04-23T00:47:02.048764;2016-04-23T00:47:02.544155;1f92417d-c954-4b99-a1d5-9bd83f3e5f7d;449.41;1.88033428;SELL
2016-04-23T00:47:02.048916;2016-04-23T00:47:02.544155;3cfec79b-cd2a-4613-9bdd-11d7a1bea22e;449.41;0.015;SELL
2016-04-23T00:47:02.049108;2016-04-23T00:47:02.544155;1d5257b8-5932-4822-ab4f-e2de4f4b3de7;449.4;0.02002721;SELL
2016-04-23T00:47:02.049274;2016-04-23T00:47:02.544155;1ba62431-9dbd-4227-a914-7d964e78c350;449.4;0.015;SELL
2016-04-23T00:47:02.049437;2016-04-23T00:47:02.559778;d7acca87-e984-434b-8691-6864d385fa6f;449.39;0.015;SELL
2016-04-23T00:47:02.049582;2016-04-23T00:47:02.559778;c09d6b50-8b09-4395-915c-772f6ecd4d0e;449.38;0.01;SELL
2016-04-23T00:47:02.049729;2016-04-23T00:47:02.575403;849b79d0-34c8-469b-a85b-a812a1a9fac4;449.38;0.015;SELL
2016-04-23T00:47:02.049878;2016-04-23T00:47:02.575403;3d95813e-c63d-4b9a-a9b0-8ee4f9c41aa3;449.38;0.03920916;SELL
2016-04-23T00:47:02.050057;2016-04-23T00:47:02.575403;5f66e438-4e59-458c-a0a7-0f869b66a1bb;449.38;0.129;SELL
2016-04-23T00:47:02.050221;2016-04-23T00:47:02.575403;1f7fba4e-febf-4795-aca2-f44c3b9b457d;449.37;0.015;SELL
2016-04-23T00:47:02.050371;2016-04-23T00:47:02.575403;e7045eca-37cf-4d65-bc18-3a87773a9b76;449.36;0.015;SELL
2016-04-23T00:47:02.050524;2016-04-23T00:47:02.575403;ea206031-78fb-4445-a7a7-839465a4952b;449.35;0.015;SELL
2016-04-23T00:47:02.050664;2016-04-23T00:47:02.575403;93b7455c-6dfd-4922-b3ec-e648bb9039d5;449.34;0.015;SELL
2016-04-23T00:47:02.050818;2016-04-23T00:47:02.591030;0705d784-81b4-4b0d-a499-110f6c93f74e;449.34;0.03921309;SELL
2016-04-23T00:47:02.050969;2016-04-23T00:47:02.591030;dc9b8ada-9915-4578-b166-e74036a6d921;449.33;0.01;SELL
2016-04-23T00:47:02.051146;2016-04-23T00:47:02.591030;2cf13282-f061-4213-b281-02961a9c7c5a;449.33;0.015;SELL
2016-04-23T00:47:02.051317;2016-04-23T00:47:02.591030;6ee10303-a09e-459f-8219-929b647ec7d0;449.33;0.119;SELL
2016-04-23T00:47:02.051485;2016-04-23T00:47:02.606655;9e504da9-5874-48cc-ba91-4bfd99f06431;449.32;0.01;SELL
2016-04-23T00:47:02.051651;2016-04-23T00:47:02.606655;f8c7b355-40ab-4d1e-90f3-b65874b9ba96;449.32;0.015;SELL
2016-04-23T00:47:02.051809;2016-04-23T00:47:02.606655;333effb0-3a91-41d9-a629-8d30bef60c6d;449.31;0.015;SELL
2016-04-23T00:47:02.051959;2016-04-23T00:47:02.606655;f11e9558-4ecb-4b9e-a6f1-3ae72dd72375;449.3;0.01;SELL
2016-04-23T00:47:02.052120;2016-04-23T00:47:02.606655;53da2606-bb9a-4e6b-bab6-988d05e8ea64;449.3;0.02002676;SELL
2016-04-23T00:47:02.052280;2016-04-23T00:47:02.622280;c767923a-b958-45cd-95bd-6acc8413c7e0;449.3;0.01;SELL
2016-04-23T00:47:02.052443;2016-04-23T00:47:02.622280;20f0cf29-a9a4-4519-b483-6e86b4e8fe44;449.3;0.015;SELL
2016-04-23T00:47:02.052592;2016-04-23T00:47:02.622280;1d20dbbb-6aaf-4d97-a5bc-0f773532b80c;449.29;0.015;SELL
2016-04-23T00:47:02.052748;2016-04-23T00:47:02.622280;cefb20c0-af5a-4b56-8f3b-afadf9acb430;449.29;0.248;SELL
2016-04-23T00:47:02.052902;2016-04-23T00:47:02.622280;a3503d40-ee7b-4379-8703-3e82dda2727a;449.28;0.58985;SELL
2016-04-23T00:47:02.053069;2016-04-23T00:47:02.622280;5edcdc76-f395-437e-bbc0-76aecd9e0ff5;449.28;0.015;SELL
2016-04-23T00:47:02.053230;2016-04-23T00:47:02.622280;ab9bdf81-98a7-4acf-9f37-ba7b0c8f5656;449.27;2.0;SELL
2016-04-23T00:47:02.053391;2016-04-23T00:47:02.622280;5675a138-cdaf-4d34-85e8-36a478c1b6d1;449.27;0.015;SELL
2016-04-23T00:47:02.053543;2016-04-23T00:47:02.637903;2035b417-fc42-4b8e-a029-e37359ec6387;449.26;0.015;SELL
2016-04-23T00:47:02.053688;2016-04-23T00:47:02.637903;271a89b2-b5d2-47e3-a102-31c88a442cee;449.25;0.015;SELL
2016-04-23T00:47:02.053854;2016-04-23T00:47:02.637903;6b419bc3-aac1-4c59-8d87-9e6ddadd9257;449.25;0.0121622;SELL
2016-04-23T00:47:02.054770;2016-04-23T00:47:02.637903;0000d624-011c-4ffc-a686-4e595ab81aa4;449.24;0.015;SELL
2016-04-23T00:47:02.054944;2016-04-23T00:47:02.653527;3e3a9385-fd9e-4984-9c13-91f667a5b25d;449.24;0.253;SELL
2016-04-23T00:47:02.055117;2016-04-23T00:47:02.653527;4c84f390-27e5-4a7a-84ae-59a200df1240;449.23;0.015;SELL
2016-04-23T00:47:02.055266;2016-04-23T00:47:02.653527;63c2fcc8-e87d-4258-9485-3820f0547e1c;449.22;0.01;SELL
2016-04-23T00:47:02.055419;2016-04-23T00:47:02.653527;a0f4fe4b-7f31-419b-863e-6c5ffd939a45;449.22;0.015;SELL
2016-04-23T00:47:02.055563;2016-04-23T00:47:02.684783;93bf5434-7f29-49d1-ad2f-8380c1e3f50e;449.21;1.0;SELL
2016-04-23T00:47:02.055722;2016-04-23T00:47:02.684783;d802130f-a5f6-4360-b1c2-0d6a1db99478;449.21;0.015;SELL
2016-04-23T00:47:02.055874;2016-04-23T00:47:02.684783;c9b21ee7-31f3-4507-aaa8-3faa106c22b1;449.2;0.02004014;SELL
2016-04-23T00:47:02.056044;2016-04-23T00:47:02.684783;07fe6a75-5a92-4cd1-853f-ec74c3163f1f;449.2;0.015;SELL
2016-04-23T00:47:02.056199;2016-04-23T00:47:02.684783;6f31729d-76de-4a66-b9d1-c90e6c021ce5;449.19;0.015;SELL
2016-04-23T00:47:02.056353;2016-04-23T00:47:02.684783;2b345060-5dea-4981-abef-b967d228ab3c;449.18;0.015;SELL
2016-04-23T00:47:02.056513;2016-04-23T00:47:02.684783;6a9cf1c2-1222-4d26-af46-bfc31c9c3e39;449.17;0.015;SELL
2016-04-23T00:47:02.056656;2016-04-23T00:47:02.700404;0e0b0b37-68e5-40db-a7f8-4ecbc835b46c;449.16;0.01;SELL
2016-04-23T00:47:02.056846;2016-04-23T00:47:02.700404;6811f05e-1a8b-4746-8bc0-40f31549f21c;449.16;0.015;SELL
2016-04-23T00:47:02.057022;2016-04-23T00:47:02.700404;eda199f8-6000-43ad-9bc6-a46a840414b3;449.15;0.015;SELL
2016-04-23T00:47:02.057167;2016-04-23T00:47:02.700404;e1c29825-fa80-4517-b020-5e5e04fc2952;449.14;0.01;SELL
2016-04-23T00:47:02.057316;2016-04-23T00:47:02.700404;99ef3610-3ddf-4361-b7c9-43e47a1da785;449.14;0.015;SELL
2016-04-23T00:47:02.057467;2016-04-23T00:47:02.716030;12f26964-7244-4a3c-9117-cdc7b40ca644;449.13;0.015;SELL
2016-04-23T00:47:02.057621;2016-04-23T00:47:02.716030;bd86b9e9-f08b-47d8-82d3-97515dd30e08;449.13;0.6;SELL
2016-04-23T00:47:02.057780;2016-04-23T00:47:02.716030;11202211-7909-4575-9dde-e2a01f93740a;449.12;0.015;SELL
2016-04-23T00:47:02.057944;2016-04-23T00:47:02.716030;3b490d82-629e-4936-aa9f-e5967ae60548;449.12;0.6;SELL
2016-04-23T00:47:02.058100;2016-04-23T00:47:02.716030;2d8cad64-bb7b-47b2-b49d-597a3b91e2eb;449.11;0.01;SELL
2016-04-23T00:47:02.058240;2016-04-23T00:47:02.716030;0892fd60-2ca0-4622-9565-e4f2706a19ee;449.11;0.015;SELL
2016-04-23T00:47:02.058399;2016-04-23T00:47:02.731658;2090136e-2ca9-459a-a4f8-d4f50b14b579;449.11;0.6;SELL
2016-04-23T00:47:02.058549;2016-04-23T00:47:02.731658;ed42295a-3c51-486e-a4dc-737454212e35;449.1;0.02002007;SELL
2016-04-23T00:47:02.058688;2016-04-23T00:47:02.731658;503f32b8-5199-4722-aa93-2551f548f330;449.1;0.015;SELL
2016-04-23T00:47:02.058849;2016-04-23T00:47:02.731658;b756ba31-60cc-454d-9e77-a0057f293b22;449.1;0.6;SELL
2016-04-23T00:47:02.059008;2016-04-23T00:47:02.731658;1c7b520f-24ad-4a74-8d26-1eeecfd47b79;449.09;0.01;SELL
2016-04-23T00:47:02.059150;2016-04-23T00:47:02.731658;dc8bd61d-3477-48ba-85d2-38eab35c4c55;449.09;0.015;SELL
2016-04-23T00:47:02.059313;2016-04-23T00:47:02.747278;8fba09cf-d908-4a6f-8082-477b805b3ce4;449.09;0.6;SELL
2016-04-23T00:47:02.059458;2016-04-23T00:47:02.747278;dabce47e-6a6c-4152-a9d6-6ba51511d73c;449.08;0.015;SELL
2016-04-23T00:47:02.059609;2016-04-23T00:47:02.747278;4132c52d-7cdd-4403-aaef-a8ce623856e3;449.08;0.6;SELL
2016-04-23T00:47:02.059760;2016-04-23T00:47:02.747278;5b8c359d-7c8f-4c82-aa62-cb4e3540645c;449.07;0.015;SELL
2016-04-23T00:47:02.059925;2016-04-23T00:47:02.747278;e22d7fbe-4421-4c38-8736-1b0f9dc749e3;449.07;0.6;SELL
2016-04-23T00:47:02.060092;2016-04-23T00:47:02.762905;7b0100cf-9778-4a05-92b8-2c52238d0e3c;449.06;0.015;SELL
2016-04-23T00:47:02.060255;2016-04-23T00:47:02.762905;0f262d02-6d8b-437c-88ad-64e89a677364;449.06;0.6;SELL
2016-04-23T00:47:02.060397;2016-04-23T00:47:02.762905;168caa87-94d8-4e60-8595-226f00c51ebd;449.05;0.1;SELL
2016-04-23T00:47:02.060539;2016-04-23T00:47:02.762905;3dcd4c09-916e-4845-8747-92407032162b;449.05;0.015;SELL
2016-04-23T00:47:02.060697;2016-04-23T00:47:02.762905;0f2aa87c-be07-4ecb-8b45-ef20e286324a;449.05;0.4;SELL
2016-04-23T00:47:02.060855;2016-04-23T00:47:02.762905;aad680ff-5d20-42ea-8f74-6258b5fcee34;449.04;0.015;SELL
2016-04-23T00:47:02.061027;2016-04-23T00:47:02.778530;7516d1e2-bc90-47d5-b10d-4cedd3d29fd0;449.04;0.6;SELL
2016-04-23T00:47:02.061180;2016-04-23T00:47:02.778530;cd5bc120-7602-469f-9e6c-1b1a1e379432;449.03;0.015;SELL
2016-04-23T00:47:02.061334;2016-04-23T00:47:02.778530;52b938a2-7786-4fd6-b440-093a87b55536;449.03;0.4;SELL
2016-04-23T00:47:02.061498;2016-04-23T00:47:02.778530;ec1cd43c-2fe3-41b6-90ce-7825d91508b7;449.02;0.015;SELL
2016-04-23T00:47:02.061656;2016-04-23T00:47:02.778530;46670141-8f0e-41c0-a141-8ce1cb2a978b;449.02;1.0;SELL
2016-04-23T00:47:02.061799;2016-04-23T00:47:02.794153;a5dd9118-8922-464e-8d47-aab4d998c4af;449.01;0.015;SELL
2016-04-23T00:47:02.061953;2016-04-23T00:47:02.794153;67a34462-15f9-4f8d-bd60-c8913feb80a6;449.01;0.31797736;SELL
2016-04-23T00:47:04.257241;2016-04-23T00:47:04.278529;708c8244-422e-4ad0-bda5-227688fa20ff;449.63;0.01;SELL
2016-04-23T00:47:20.355800;2016-04-23T00:47:20.372299;6b71988d-259d-447e-8085-404c0d82c70e;449.15;0.0443;BUY
2016-04-23T00:47:20.356026;2016-04-23T00:47:20.387913;a950fdec-48c7-4d22-8443-c96a14fdae1c;449.17;0.14794;BUY
2016-04-23T00:47:20.377319;2016-04-23T00:47:20.403540;2be2b5e4-4fcd-4b3c-b2b7-896792b630cc;449.17;0.055;BUY
2016-04-23T00:47:20.403066;2016-04-23T00:47:20.434788;b1235828-fe57-400b-a4d9-4f869e482d61;449.17;0.024;BUY
2016-04-23T00:47:20.506097;2016-04-23T00:47:20.528539;bac15b71-4f3d-4061-a816-28bc7edd179d;449.17;0.2314889;BUY
2016-04-23T00:47:31.649459;2016-04-23T00:47:31.669172;0800dfec-b5ee-4ccb-87e1-3ee576941b2b;449.17;1.15543;BUY
2016-04-23T00:48:03.681804;2016-04-23T00:48:03.700438;c753de69-a82f-4145-b01b-f308d0c7b615;449.16;0.01;BUY
2016-04-23T00:48:05.615060;2016-04-23T00:48:05.653562;d38356dd-9fe4-402f-8c92-cc11944a21a3;449.16;0.06612;BUY
2016-04-23T00:48:32.403226;2016-04-23T00:48:32.419204;c30761cb-c5c3-4bbd-af02-24592b83bf74;449.18;0.01;BUY
2016-04-23T00:48:32.403434;2016-04-23T00:48:32.434824;d40c5262-02aa-4020-bcbb-18e92403ad3d;449.2;0.1;BUY
2016-04-23T00:48:32.403632;2016-04-23T00:48:32.434824;30c50cd2-1fb0-454f-9164-5c714cb36d28;449.2;0.02002007;BUY
2016-04-23T00:48:32.403778;2016-04-23T00:48:32.434824;b3db719e-3c06-4ac0-92eb-de62cfce2fb7;449.25;0.11857993;BUY
2016-04-23T00:49:01.624014;2016-04-23T00:49:01.653590;91cfdc97-f22e-4f3a-92e8-33501b642fad;449.21;0.01;BUY
2016-04-23T00:49:01.624246;2016-04-23T00:49:01.653590;f27df19f-afe6-4a63-a255-63f4bbaa6f59;449.21;0.119;BUY
2016-04-23T00:49:01.624432;2016-04-23T00:49:01.653590;93c3cefd-8769-4584-bf42-93d5dfc5184f;449.21;0.025;BUY
2016-04-23T00:49:01.624591;2016-04-23T00:49:01.653590;6fcd39ff-47b1-4399-bcec-962b8eaec9a2;449.22;0.025;BUY
2016-04-23T00:49:01.624749;2016-04-23T00:49:01.653590;ec415c2c-a4e9-4751-a6e7-a77cedb897e3;449.23;0.025;BUY
2016-04-23T00:49:01.624910;2016-04-23T00:49:01.669213;122607ea-eaf7-4313-aaac-2e84b95060af;449.24;0.025;BUY
2016-04-23T00:49:01.625076;2016-04-23T00:49:01.669213;1e3dfc46-d0e8-4e5d-9dc8-c8badd1af547;449.25;0.025;BUY
2016-04-23T00:49:01.625230;2016-04-23T00:49:01.669213;b18ca2e0-d931-4e96-a9f5-c0d2e7c96b69;449.26;0.025;BUY
2016-04-23T00:49:01.625388;2016-04-23T00:49:01.669213;17ecb1eb-1c91-419a-9068-0f660ce2a922;449.26;0.122;BUY
2016-04-23T00:49:01.625543;2016-04-23T00:49:01.669213;352060f4-af5b-4605-9fa3-d9ac9ee4a5fa;449.27;0.025;BUY
2016-04-23T00:49:01.625678;2016-04-23T00:49:01.684838;932119f4-b490-4e95-911b-d4e2dbca226f;449.28;0.01155;BUY
2016-04-23T00:49:03.377765;2016-04-23T00:49:03.403593;339c3c6c-08b5-4a18-9331-1b63671e5558;449.27;0.01;BUY
2016-04-23T00:49:26.986832;2016-04-23T00:49:27.012984;85f9147d-9e58-483f-8c11-e2af1ccc1b45;449.21;0.015;BUY
2016-04-23T00:49:26.987027;2016-04-23T00:49:27.012984;9de77b13-9197-4b19-bf2a-da49abd0f92f;449.21;0.045;BUY
2016-04-23T00:49:27.019316;2016-04-23T00:49:27.044228;8657d2a0-7525-498a-b01d-29e220d0e592;449.21;0.065;BUY
2016-04-23T00:49:27.025157;2016-04-23T00:49:27.044228;c81cb000-62e1-4115-8545-df7c8d0da643;449.21;0.006;BUY
2016-04-23T00:49:27.025327;2016-04-23T00:49:27.044228;69420c2e-5f27-4c7a-9fb9-052b15fccfcb;449.22;0.025;BUY
2016-04-23T00:49:27.025530;2016-04-23T00:49:27.044228;d2cf38a1-49f7-4ca4-89a2-8f431aab458b;449.23;0.019;BUY
2016-04-23T00:49:27.039455;2016-04-23T00:49:27.075478;c4f82250-adcb-4127-92cd-a6e3ada3f8c5;449.23;0.006;BUY
2016-04-23T00:49:27.039748;2016-04-23T00:49:27.075478;067f692d-275e-442c-bcd3-3531f407d9d6;449.24;0.025;BUY
2016-04-23T00:49:27.040082;2016-04-23T00:49:27.075478;6b43a0ce-c7ce-48d1-aeea-c5b422145870;449.25;0.025;BUY
2016-04-23T00:49:27.040324;2016-04-23T00:49:27.075478;e21b983e-c5db-4d5a-a9fa-98a2254e8b1a;449.26;0.009;BUY
2016-04-23T00:49:31.625841;2016-04-23T00:49:31.637989;fea70b61-ab97-49c6-b6ea-0cb2f04e8ddb;449.25;0.01;BUY
2016-04-23T00:49:31.626044;2016-04-23T00:49:31.653581;ecc5ed7f-fd64-4ec6-a1a5-ff138e4c0821;449.26;0.016;BUY
2016-04-23T00:49:31.626221;2016-04-23T00:49:31.653581;185dbc49-6f11-4450-b59a-f845f14a999a;449.27;0.025;BUY
2016-04-23T00:49:31.626390;2016-04-23T00:49:31.653581;b9551f8a-3cdc-4e86-b28c-0b829db4b3bd;449.28;0.01345;BUY
2016-04-23T00:49:31.626551;2016-04-23T00:49:31.669229;e8efb68a-3901-495d-bd57-4cc373234b34;449.29;0.025;BUY
2016-04-23T00:49:31.626705;2016-04-23T00:49:31.669229;f90c5d0a-e077-45f5-954f-c7ed37e3bd83;449.3;0.02004014;BUY
2016-04-23T00:49:31.626863;2016-04-23T00:49:31.669229;17be117f-0988-4bba-84b5-735db030ccac;449.3;0.025;BUY
2016-04-23T00:49:31.627034;2016-04-23T00:49:31.669229;07bd2f19-bd13-44e1-84d4-b2cb941c77e6;449.31;0.025;BUY
2016-04-23T00:49:31.627202;2016-04-23T00:49:31.731735;13392538-8c46-4098-b972-c07788f6a6d5;449.32;0.025;BUY
2016-04-23T00:49:31.627363;2016-04-23T00:49:31.747356;02537442-6be0-475e-9f6a-05321dcfdca5;449.33;0.01;BUY
2016-04-23T00:49:31.627524;2016-04-23T00:49:31.747356;aa06feed-7858-439f-a8ca-2d23132b132e;449.34;0.025;BUY
2016-04-23T00:49:31.627665;2016-04-23T00:49:31.747356;e71fb632-0899-49c2-9b4c-56748ccb67b1;449.35;0.02181986;BUY
2016-04-23T00:50:00.940779;2016-04-23T00:50:00.966132;195a6c20-967a-427b-805c-c885475a025f;449.35;0.01;BUY
2016-04-23T00:50:00.941019;2016-04-23T00:50:00.981750;d501aab5-59f7-40b7-8fa5-32840594fb07;449.36;0.025;BUY
2016-04-23T00:50:00.941191;2016-04-23T00:50:00.981750;3cc16542-eaf3-49fb-8abc-cf66d881d032;449.37;0.025;BUY
2016-04-23T00:50:00.941349;2016-04-23T00:50:00.997371;b540fb44-db2e-4e84-9e01-e206820de9f6;449.37;0.109;BUY
2016-04-23T00:50:00.941520;2016-04-23T00:50:00.997371;84adaaf0-932f-4e77-905f-9630356b8868;449.39;0.025;BUY
2016-04-23T00:50:00.941681;2016-04-23T00:50:01.028630;f6bc6ea2-2aab-42ae-b1b4-ea5a8bbfa696;449.4;0.02002676;BUY
2016-04-23T00:50:00.941848;2016-04-23T00:50:01.028630;7acb2d9a-88da-4ff7-b2c6-dc33e380d9ef;449.41;0.025;BUY
2016-04-23T00:50:00.942009;2016-04-23T00:50:01.028630;059e02db-7d73-4fc2-a242-8bce2c9d2372;449.42;0.025;BUY
2016-04-23T00:50:00.942158;2016-04-23T00:50:01.028630;2e994b34-4d7c-484b-8703-561ad4105cc1;449.42;0.098;BUY
2016-04-23T00:50:00.942299;2016-04-23T00:50:01.028630;2f23cbcc-f085-461d-96b3-98b81d2bdfa5;449.44;0.01;BUY
2016-04-23T00:50:00.942457;2016-04-23T00:50:01.028630;9fb6fdab-8821-46fe-8a98-324b84d0e0e0;449.44;0.025;BUY
2016-04-23T00:50:00.942618;2016-04-23T00:50:01.028630;d2068101-d91d-462b-9a79-e668298e69ac;449.45;0.1;BUY
2016-04-23T00:50:00.942780;2016-04-23T00:50:01.028630;a359b430-6228-4444-915c-e1dd003c9d3a;449.46;0.025;BUY
2016-04-23T00:50:00.942937;2016-04-23T00:50:01.028630;aa766e6c-0775-4415-8473-8147a7ffdffe;449.47;0.025;BUY
2016-04-23T00:50:00.943104;2016-04-23T00:50:01.028630;84651a84-8758-4ef9-ad45-90c5b564cd4d;449.49;0.025;BUY
2016-04-23T00:50:00.943255;2016-04-23T00:50:01.059870;008561e0-cce6-4027-b4ec-d06205b7f51e;449.5;0.02002721;BUY
2016-04-23T00:50:00.943409;2016-04-23T00:50:01.059870;f24cd850-16a9-4414-aa14-b6c08aff848f;449.51;0.025;BUY
