time_exchange;time_coinpai;guid;price;base_amount;taker_side
2016-04-23T00:01:04.000000;2016-04-23T00:01:04.000000;12068ec4-5697-486b-9883-7ea8087f64cd;447.79;0.57311977;UNKNOWN
2016-04-23T00:03:45.000000;2016-04-23T00:03:45.000000;d4f1d929-df65-4be3-a60e-30419515b7f6;447.8;0.942865;UNKNOWN
2016-04-23T00:04:50.000000;2016-04-23T00:04:50.000000;c4462e0e-eba9-48d8-a076-4635ba25d42a;447.8;0.942306;UNKNOWN
2016-04-23T00:05:03.000000;2016-04-23T00:05:03.000000;e5f024c0-5147-4e22-8ee7-4a8b98d95f55;447.79;5.575;UNKNOWN
2016-04-23T00:06:07.000000;2016-04-23T00:06:07.000000;b1665276-3cec-4ee9-9994-8d1d3da808f4;447.8;0.991706;UNKNOWN
2016-04-23T00:07:20.000000;2016-04-23T00:07:20.000000;ab2b430b-911d-4156-a404-922e0e43fa4d;447.8;0.67835576;UNKNOWN
2016-04-23T00:07:32.000000;2016-04-23T00:07:32.000000;2e67a3db-aa7b-4144-95d9-e00ab6b6f29b;447.8;0.29129103;UNKNOWN
2016-04-23T00:07:54.000000;2016-04-23T00:07:54.000000;c07daf44-feae-4b2c-b200-e2b4efaa6735;447.8;0.11546912;UNKNOWN
2016-04-23T00:07:54.000000;2016-04-23T00:07:54.000000;8e9b7a5c-bac4-4118-8928-f253d59ba6fe;447.8;0.12508225;UNKNOWN
2016-04-23T00:08:04.000000;2016-04-23T00:08:04.000000;396645c5-1c43-4acd-8857-686fd5f350de;447.8;0.11546912;UNKNOWN
2016-04-23T00:08:04.000000;2016-04-23T00:08:04.000000;6f725054-e504-4b1c-b0fd-a5f51ea45802;447.8;0.05371141;UNKNOWN
2016-04-23T00:08:06.000000;2016-04-23T00:08:06.000000;06f40f8e-d349-4e39-a3e1-5a863d66a53b;447.79;0.156;UNKNOWN
2016-04-23T00:08:06.000000;2016-04-23T00:08:06.000000;703aaa38-2922-4e9a-b64a-bbc2fcaea941;447.79;0.222;UNKNOWN
2016-04-23T00:08:06.000000;2016-04-23T00:08:06.000000;7b722a19-54c1-444b-b503-89e5a47f02c7;447.79;0.222;UNKNOWN
2016-04-23T00:08:08.000000;2016-04-23T00:08:08.000000;25bcff06-f444-44f2-8b08-fc256cf0cb80;447.8;0.2;UNKNOWN
2016-04-23T00:08:15.000000;2016-04-23T00:08:15.000000;bf9ed40e-5a45-4243-9452-5392eaba2da8;447.8;0.02306421;UNKNOWN
2016-04-23T00:08:44.000000;2016-04-23T00:08:44.000000;40ae8538-96a6-40c1-83df-94f315a37faa;447.8;0.03448106;UNKNOWN
2016-04-23T00:08:49.000000;2016-04-23T00:08:49.000000;0d26537d-3752-42e5-81e1-368e069787c7;447.8;0.03448106;UNKNOWN
2016-04-23T00:09:28.000000;2016-04-23T00:09:28.000000;133ab795-554e-47ce-859b-bb33e61d06bd;447.8;0.01829959;UNKNOWN
2016-04-23T00:10:08.000000;2016-04-23T00:10:08.000000;8ed89f4f-5adc-4da1-ab03-fe76391d0c9a;447.79;0.03314559;UNKNOWN
2016-04-23T00:11:51.000000;2016-04-23T00:11:51.000000;462f65ee-4a16-47c4-b24e-687c51d9073e;447.8;0.05798532;UNKNOWN
2016-04-23T00:11:59.000000;2016-04-23T00:11:59.000000;c0073779-a71f-4258-82a4-3e51dfad9969;447.8;0.08619761;UNKNOWN
2016-04-23T00:12:11.000000;2016-04-23T00:12:11.000000;e4778f5e-06ab-4861-a42f-476be99deceb;447.8;0.07907088;UNKNOWN
2016-04-23T00:12:12.000000;2016-04-23T00:12:12.000000;4324e57a-4da4-401c-98a9-b38d5ac5f44f;447.8;0.01771795;UNKNOWN
2016-04-23T00:12:13.000000;2016-04-23T00:12:13.000000;91c7941d-c0f2-426c-a599-4571fcf07ced;447.8;0.01771795;UNKNOWN
2016-04-23T00:12:14.000000;2016-04-23T00:12:14.000000;2cdd8cb9-6aca-4f2d-abd6-eb2e398340fd;447.8;0.01771795;UNKNOWN
2016-04-23T00:12:15.000000;2016-04-23T00:12:15.000000;0cd54a60-aa67-4345-9a73-24b5fc7c6b04;447.8;0.01768252;UNKNOWN
2016-04-23T00:12:19.000000;2016-04-23T00:12:19.000000;df76974f-acf6-490f-b3bc-621069d556a6;447.8;0.10075283;UNKNOWN
2016-04-23T00:12:22.000000;2016-04-23T00:12:22.000000;7c6e7619-aea7-4535-b0f5-f9761801d0b8;447.8;0.10075283;UNKNOWN
2016-04-23T00:12:28.000000;2016-04-23T00:12:28.000000;1a70cf18-9fa7-405d-b7f0-ba2f4f1583a3;447.8;0.05698858;UNKNOWN
2016-04-23T00:12:32.000000;2016-04-23T00:12:32.000000;c598dd50-6295-46ca-8bcc-32a05caabcfc;447.8;0.02004386;UNKNOWN
2016-04-23T00:13:04.000000;2016-04-23T00:13:04.000000;86a03593-d5f2-46b9-9acf-7a6db689914b;447.79;0.03285441;UNKNOWN
2016-04-23T00:13:04.000000;2016-04-23T00:13:04.000000;0ee6cda4-6676-42aa-909b-c61f154addf3;447.79;0.049075;UNKNOWN
2016-04-23T00:14:13.000000;2016-04-23T00:14:13.000000;862c0f6b-7659-4f19-8ff9-e1235a4a1917;447.8;5.0;UNKNOWN
2016-04-23T00:16:04.000000;2016-04-23T00:16:04.000000;71485000-9280-4989-945f-082b367e9c41;447.8;0.1;UNKNOWN
2016-04-23T00:16:14.000000;2016-04-23T00:16:14.000000;d0532262-cdbb-4cc3-94a2-a19ab660ba96;447.8;0.01260881;UNKNOWN
2016-04-23T00:16:17.000000;2016-04-23T00:16:17.000000;92b9deb8-3532-4ca4-b73a-cd797940f634;447.8;0.01669487;UNKNOWN
2016-04-23T00:17:15.000000;2016-04-23T00:17:15.000000;89ef2189-feaf-4e07-92bb-a6943df21c03;447.8;0.09250253;UNKNOWN
2016-04-23T00:17:24.000000;2016-04-23T00:17:24.000000;4e3ace05-2d2c-448c-bf5c-32d46dcad395;447.79;0.03;UNKNOWN
2016-04-23T00:18:55.000000;2016-04-23T00:18:55.000000;728c733a-c505-4ab9-af41-68f097a861b7;447.8;0.07094704;UNKNOWN
2016-04-23T00:18:55.000000;2016-04-23T00:18:55.000000;7d8621bd-e4b8-42b5-85f2-ea06c0747466;447.79;0.01904015;UNKNOWN
2016-04-23T00:22:08.000000;2016-04-23T00:22:08.000000;897d74d4-4d1c-48ff-8ea7-b2e6903de9e9;447.79;0.08833703;UNKNOWN
2016-04-23T00:23:04.000000;2016-04-23T00:23:04.000000;fb5382aa-e30f-49ef-899e-3dcffe5739fa;447.79;0.222;UNKNOWN
2016-04-23T00:23:04.000000;2016-04-23T00:23:04.000000;c212bfcf-f651-44cf-a9af-d0f13248e4da;447.79;0.18825218;UNKNOWN
2016-04-23T00:23:04.000000;2016-04-23T00:23:04.000000;90af1375-c90a-4175-8ce4-67c822f74239;447.79;0.03554782;UNKNOWN
2016-04-23T00:23:04.000000;2016-04-23T00:23:04.000000;92ea9349-2594-48ed-a69f-5118c07ee085;447.79;0.222;UNKNOWN
2016-04-23T00:25:02.000000;2016-04-23T00:25:02.000000;e5ac585e-186e-4ca3-87e0-50145138ee6d;447.8;10.0;UNKNOWN
2016-04-23T00:25:04.000000;2016-04-23T00:25:04.000000;09b58cf9-30f6-49b6-a5d2-80237fdc2362;447.8;6.18623576;UNKNOWN
2016-04-23T00:25:04.000000;2016-04-23T00:25:04.000000;76432789-bfb0-454b-a3a4-474b250f01b0;447.8;0.624;UNKNOWN
2016-04-23T00:25:04.000000;2016-04-23T00:25:04.000000;7002ecfb-8999-43bf-89b2-fd8aa0a7a837;447.8;3.18976424;UNKNOWN
2016-04-23T00:25:06.000000;2016-04-23T00:25:06.000000;84818e44-76bc-4278-933b-6f863f8e438e;447.99;6.18623576;UNKNOWN
2016-04-23T00:25:06.000000;2016-04-23T00:25:06.000000;f7f417e9-e864-4e7b-bab8-c09f0eeb0486;447.8;3.81376424;UNKNOWN
2016-04-23T00:25:11.000000;2016-04-23T00:25:11.000000;37478a4d-d5c1-488b-bd7f-89c480c71646;448.05;3.69623576;UNKNOWN
2016-04-23T00:25:11.000000;2016-04-23T00:25:11.000000;a76d8788-c942-4637-870c-62cba51ad76f;447.99;6.30376424;UNKNOWN
2016-04-23T00:25:31.000000;2016-04-23T00:25:31.000000;0ff3a8ee-e796-4166-affb-25658ce5125c;448.06;0.01;UNKNOWN
2016-04-23T00:28:04.000000;2016-04-23T00:28:04.000000;7bf30d9f-9cf9-4c0f-895f-0172fd802795;448.05;0.04998778;UNKNOWN
2016-04-23T00:29:04.000000;2016-04-23T00:29:04.000000;48efeefc-e8f9-4f69-b75b-77a1012937ad;448.05;0.1104016;UNKNOWN
2016-04-23T00:29:04.000000;2016-04-23T00:29:04.000000;55cc7aa9-e110-46d8-92fe-2ed0d3c42734;448.06;0.02;UNKNOWN
2016-04-23T00:29:57.000000;2016-04-23T00:29:57.000000;a61e79bb-4021-41cf-9b47-9bbd1c90ed38;448.06;0.239546;UNKNOWN
2016-04-23T00:30:24.000000;2016-04-23T00:30:24.000000;ec441925-8fe5-48bb-bb18-92330c9b371e;448.39;0.17890931;UNKNOWN
2016-04-23T00:30:32.000000;2016-04-23T00:30:32.000000;bea2e537-8219-4c37-a670-9a05ae0cb0ec;448.4;0.427836;UNKNOWN
2016-04-23T00:30:37.000000;2016-04-23T00:30:37.000000;15c0fe84-dccf-47dd-bee5-3f5f00a60d8c;448.39;0.03598561;UNKNOWN
2016-04-23T00:30:47.000000;2016-04-23T00:30:47.000000;78faeb95-782f-4a71-b734-46a0c8f8a783;448.54;0.017;UNKNOWN
2016-04-23T00:30:47.000000;2016-04-23T00:30:47.000000;b302df47-a2a1-487b-a14c-3953d0a62a46;448.4;0.8077181;UNKNOWN
2016-04-23T00:30:47.000000;2016-04-23T00:30:47.000000;c4826b8a-fe86-481b-8859-b55246dd7d5c;448.72;4.63976718;UNKNOWN
2016-04-23T00:30:47.000000;2016-04-23T00:30:47.000000;cbf62fe6-0692-4502-b64d-b949714468fb;448.54;9.51061472;UNKNOWN
2016-04-23T00:30:50.000000;2016-04-23T00:30:50.000000;67d2d8d2-6cc6-48d3-9e4d-b410b5fb2ec1;448.53;0.06355468;UNKNOWN
2016-04-23T00:31:00.000000;2016-04-23T00:31:00.000000;2a7d4da2-0bfb-49ca-861d-e9f332c63599;448.96;0.1;UNKNOWN
2016-04-23T00:31:05.000000;2016-04-23T00:31:05.000000;0b1634b7-b92f-46b8-be50-fbde95754721;448.73;0.0705346;UNKNOWN
2016-04-23T00:31:56.000000;2016-04-23T00:31:56.000000;bb88d4a1-6791-4fab-92d8-c8432f1d2d0c;448.95;0.02913811;UNKNOWN
2016-04-23T00:31:59.000000;2016-04-23T00:31:59.000000;74ef586a-56a8-4407-b397-4a8d718b0d84;448.96;0.05065251;UNKNOWN
2016-04-23T00:32:00.000000;2016-04-23T00:32:00.000000;046e5f3c-57bf-42e8-99c5-e6aeeaa25cf5;448.95;0.03815865;UNKNOWN
2016-04-23T00:32:07.000000;2016-04-23T00:32:07.000000;6da62747-8979-4722-a418-0bc6ad65e102;448.95;0.12143364;UNKNOWN
2016-04-23T00:32:21.000000;2016-04-23T00:32:21.000000;97189c55-0fa2-4bc6-b0b7-0192d37bbd92;448.95;0.07971015;UNKNOWN
2016-04-23T00:32:31.000000;2016-04-23T00:32:31.000000;a3761efe-3e96-42e2-82ad-e967365a0c56;448.95;0.08682136;UNKNOWN
2016-04-23T00:32:40.000000;2016-04-23T00:32:40.000000;9a755418-5b42-4472-84a3-99a986069878;448.95;0.05347128;UNKNOWN
2016-04-23T00:32:55.000000;2016-04-23T00:32:55.000000;974f26bf-51f5-4edf-8f7c-7c9cf7be2b7b;448.95;0.02236433;UNKNOWN
2016-04-23T00:33:04.000000;2016-04-23T00:33:04.000000;27e4a985-5437-4883-8e3a-a4300ccb0922;448.96;18.83034749;UNKNOWN
2016-04-23T00:33:04.000000;2016-04-23T00:33:04.000000;c8db9485-a2a0-4726-98d7-398388a9482d;448.95;0.03091038;UNKNOWN
2016-04-23T00:33:15.000000;2016-04-23T00:33:15.000000;ddc545e1-586b-46ff-92ca-f46f0988ee96;448.96;0.04896893;UNKNOWN
2016-04-23T00:33:31.000000;2016-04-23T00:33:31.000000;f5e41fef-1575-44a3-acc2-d044886f3d59;448.96;0.05185108;UNKNOWN
2016-04-23T00:33:43.000000;2016-04-23T00:33:43.000000;9bf9031b-c90d-452c-a2a3-48d9928f9ac5;448.97;3.0;UNKNOWN
2016-04-23T00:33:50.000000;2016-04-23T00:33:50.000000;429dc681-1e3f-4992-858b-d4c28cd9f24f;448.96;0.07293574;UNKNOWN
2016-04-23T00:33:51.000000;2016-04-23T00:33:51.000000;52284359-382e-402c-a533-b3bfbf781d25;448.97;14.9554;UNKNOWN
2016-04-23T00:33:56.000000;2016-04-23T00:33:56.000000;c05b268b-ad1b-4744-862d-16670034b214;448.97;0.0446;UNKNOWN
2016-04-23T00:33:56.000000;2016-04-23T00:33:56.000000;580750c1-be40-41b8-9e75-3f694c227cf7;448.97;14.9108;UNKNOWN
2016-04-23T00:33:59.000000;2016-04-23T00:33:59.000000;e00c4e98-6df7-4f3b-b4d7-eb01be89f4c9;448.98;14.9554;UNKNOWN
2016-04-23T00:34:03.000000;2016-04-23T00:34:03.000000;307c2f04-4f4b-4754-828a-0cfec426085d;448.97;2.45536;UNKNOWN
2016-04-23T00:34:06.000000;2016-04-23T00:34:06.000000;a15ee95a-d30a-47b5-9180-4db57ae92b6e;448.96;0.06589946;UNKNOWN
2016-04-23T00:34:17.000000;2016-04-23T00:34:17.000000;cf819cab-bf70-4a11-becf-3d0f3a51f083;448.97;14.9554;UNKNOWN
2016-04-23T00:34:20.000000;2016-04-23T00:34:20.000000;f5fa830f-5372-461a-9a35-3b9751f3c5f9;448.99;10.8796;UNKNOWN
2016-04-23T00:34:20.000000;2016-04-23T00:34:20.000000;239d7a20-bbc4-4beb-bed2-f9c401e0515c;448.98;3.0446;UNKNOWN
2016-04-23T00:34:20.000000;2016-04-23T00:34:20.000000;950e5107-45ef-4b6a-908b-a827164266b6;448.97;1.0312;UNKNOWN
2016-04-23T00:34:44.000000;2016-04-23T00:34:44.000000;aefec672-3861-4211-8c12-48cec71f8eec;448.97;5.0331;UNKNOWN
2016-04-23T00:34:55.000000;2016-04-23T00:34:55.000000;4a6cebb6-776a-4792-9cc2-f475ba869e33;448.98;0.50606273;UNKNOWN
2016-04-23T00:34:59.000000;2016-04-23T00:34:59.000000;c66d5a71-13f9-4f22-8482-7c528a23f512;449.32;4.525;UNKNOWN
2016-04-23T00:34:59.000000;2016-04-23T00:34:59.000000;1051fd86-4c3f-4b26-b1eb-306b36690a6c;449.31;8.22;UNKNOWN
2016-04-23T00:34:59.000000;2016-04-23T00:34:59.000000;e1682141-e7a6-45b2-b4fa-010868351219;449.29;0.6;UNKNOWN
2016-04-23T00:34:59.000000;2016-04-23T00:34:59.000000;b2637f99-2acd-4ce8-b454-5f07344362fa;448.99;1.6104;UNKNOWN
2016-04-23T00:35:04.000000;2016-04-23T00:35:04.000000;6411a349-dbc5-4fb2-8b49-cae6c059d39a;449.01;0.1115897;UNKNOWN
2016-04-23T00:35:06.000000;2016-04-23T00:35:06.000000;676a15ed-8391-4063-b07a-797d601ec90a;449.02;0.03281602;UNKNOWN
2016-04-23T00:35:08.000000;2016-04-23T00:35:08.000000;424c64cd-88d0-4549-9f0d-9d407b5b2533;449.28;0.04486777;UNKNOWN
2016-04-23T00:35:08.000000;2016-04-23T00:35:08.000000;7e8eb642-82ff-4650-84ed-559281e5c229;449.32;1.5;UNKNOWN
2016-04-23T00:35:29.000000;2016-04-23T00:35:29.000000;d23c8bd5-0b67-4bdc-b688-9e08515af09e;449.31;0.25;UNKNOWN
2016-04-23T00:35:32.000000;2016-04-23T00:35:32.000000;4bc5b169-7a22-407f-8e4e-654c7a32267b;449.31;0.7584;UNKNOWN
2016-04-23T00:35:32.000000;2016-04-23T00:35:32.000000;9aa1184e-2ce4-4dd3-9306-48d1c3fd53f0;449.32;1.02644;UNKNOWN
2016-04-23T00:35:36.000000;2016-04-23T00:35:36.000000;2e616c9e-e01c-4d3d-963e-278e90d08413;449.3;0.08983769;UNKNOWN
2016-04-23T00:35:40.000000;2016-04-23T00:35:40.000000;1cfe1907-5b02-4a35-bec3-dd7e9b33e8c1;449.3;0.03282863;UNKNOWN
2016-04-23T00:35:45.000000;2016-04-23T00:35:45.000000;634d60ab-e8a2-4c3c-840f-21119ab2d382;449.67;0.04208676;UNKNOWN
2016-04-23T00:35:45.000000;2016-04-23T00:35:45.000000;04a6f070-8018-4a72-8907-e83ab912e8d4;449.61;0.035;UNKNOWN
2016-04-23T00:35:45.000000;2016-04-23T00:35:45.000000;1b33146a-3fda-4284-a26d-016fcf3d58c4;449.49;1.3529042;UNKNOWN
2016-04-23T00:35:45.000000;2016-04-23T00:35:45.000000;3f284517-df3b-41f3-bfb6-8d97530797b0;449.34;0.0243;UNKNOWN
2016-04-23T00:35:45.000000;2016-04-23T00:35:45.000000;bdce0612-1d23-43f8-a26d-f1d6cf8facb8;449.92;3.82020468;UNKNOWN
2016-04-23T00:35:45.000000;2016-04-23T00:35:45.000000;ae856d12-94c4-43ed-b45f-9974c7bab41b;449.67;0.033;UNKNOWN
2016-04-23T00:35:45.000000;2016-04-23T00:35:45.000000;39a37622-2015-4ff8-b8bc-a696245e6234;449.43;0.0169;UNKNOWN
2016-04-23T00:35:45.000000;2016-04-23T00:35:45.000000;c57a4db2-33ac-48b8-ab6d-19a1bd41bc5a;449.32;4.67560436;UNKNOWN
2016-04-23T00:35:50.000000;2016-04-23T00:35:50.000000;af090069-cd67-4763-84fe-976656acf60a;449.33;0.04970141;UNKNOWN
2016-04-23T00:35:55.000000;2016-04-23T00:35:55.000000;22546296-7c57-4332-9cdc-6b24088d2bd3;449.9;5.0;UNKNOWN
2016-04-23T00:35:59.000000;2016-04-23T00:35:59.000000;ef38c25b-d964-4beb-a07b-ad3676b583ed;449.9;5.0;UNKNOWN
2016-04-23T00:36:06.000000;2016-04-23T00:36:06.000000;e4f42486-315b-4169-b260-9811c0a76d73;449.9;5.0;UNKNOWN
2016-04-23T00:36:06.000000;2016-04-23T00:36:06.000000;fa526f54-d263-48bb-b0ec-bc7b00c7ed3b;449.95;1.0;UNKNOWN
2016-04-23T00:36:06.000000;2016-04-23T00:36:06.000000;777a86a5-3c34-443f-aad0-dc1e32cdb2ef;449.9;0.0302655;UNKNOWN
2016-04-23T00:36:10.000000;2016-04-23T00:36:10.000000;67e24f2e-26d1-4c88-9129-10a7ab22f390;449.95;1.0;UNKNOWN
2016-04-23T00:36:21.000000;2016-04-23T00:36:21.000000;da23de23-28c0-44bf-a0d8-74964527e637;449.94;0.02152959;UNKNOWN
2016-04-23T00:36:25.000000;2016-04-23T00:36:25.000000;953b00b1-c0b9-4113-944b-930cb34167e5;449.94;2.0;UNKNOWN
2016-04-23T00:36:36.000000;2016-04-23T00:36:36.000000;b4328de2-60ee-4e8f-9865-ebba2150af18;449.94;0.19056753;UNKNOWN
2016-04-23T00:36:37.000000;2016-04-23T00:36:37.000000;aeb3bb49-fdfb-42be-a2a1-6eb1d65c9462;449.94;0.8311984;UNKNOWN
2016-04-23T00:36:42.000000;2016-04-23T00:36:42.000000;41d1d29e-d9af-4a58-88a6-d1f1fe4a346c;449.94;0.06;UNKNOWN
2016-04-23T00:36:43.000000;2016-04-23T00:36:43.000000;09d15cbb-b980-4040-93f6-cb9d0c5994cb;449.98;0.02;UNKNOWN
2016-04-23T00:36:43.000000;2016-04-23T00:36:43.000000;38d015c8-a1ea-48bf-b17c-2a6a0b0414e8;449.98;0.01;UNKNOWN
2016-04-23T00:36:43.000000;2016-04-23T00:36:43.000000;5d68da26-dafa-4652-a596-778340a0810e;449.96;5.0;UNKNOWN
2016-04-23T00:36:43.000000;2016-04-23T00:36:43.000000;009a92a8-f213-46cf-adec-2d778e93cf3b;449.98;0.1573;UNKNOWN
2016-04-23T00:36:43.000000;2016-04-23T00:36:43.000000;f8a25d4b-db7d-4020-b7d9-cdfe39877c5e;449.95;0.8734;UNKNOWN
2016-04-23T00:36:45.000000;2016-04-23T00:36:45.000000;5cec6870-e310-4305-a145-2a2390355ee3;449.98;0.01203419;UNKNOWN
2016-04-23T00:36:46.000000;2016-04-23T00:36:46.000000;6eff69fb-7e73-4f33-945e-96d130ba7579;449.98;0.5;UNKNOWN
2016-04-23T00:37:00.000000;2016-04-23T00:37:00.000000;4adbe6e6-88b1-4b51-83a1-945a956c4433;449.98;0.85959399;UNKNOWN
2016-04-23T00:37:03.000000;2016-04-23T00:37:03.000000;9de3bca5-5cb5-4aaa-ab49-8504077efeae;449.98;0.17815393;UNKNOWN
2016-04-23T00:37:05.000000;2016-04-23T00:37:05.000000;67d8abb0-2d42-471c-af8a-bf5cfda21f18;449.98;0.04274053;UNKNOWN
2016-04-23T00:37:11.000000;2016-04-23T00:37:11.000000;b8eb2609-641d-4f07-b7f3-c6095ea03514;449.98;5.0;UNKNOWN
2016-04-23T00:37:15.000000;2016-04-23T00:37:15.000000;660fe110-49d3-4e31-b26e-627f6a747f53;449.98;10.0;UNKNOWN
2016-04-23T00:37:16.000000;2016-04-23T00:37:16.000000;d82b2e09-a0fb-403c-984c-3f539dc9b497;449.98;0.89709733;UNKNOWN
2016-04-23T00:37:17.000000;2016-04-23T00:37:17.000000;74562923-fd39-4cd1-b3fb-bd909921d6e3;449.98;0.19449762;UNKNOWN
2016-04-23T00:37:24.000000;2016-04-23T00:37:24.000000;9862cc10-2276-4086-8b9a-1894cab1a3e2;449.98;0.5;UNKNOWN
2016-04-23T00:37:25.000000;2016-04-23T00:37:25.000000;11ea11dd-1f1d-484e-8713-e59cd5ec2412;449.98;0.07720963;UNKNOWN
2016-04-23T00:37:28.000000;2016-04-23T00:37:28.000000;2120d65e-1771-42db-9267-e2c97fe526a8;449.98;0.0635;UNKNOWN
2016-04-23T00:37:36.000000;2016-04-23T00:37:36.000000;2dbf3bb4-5b9f-415c-8463-1d4dd71b2fa7;449.98;0.88397394;UNKNOWN
2016-04-23T00:37:37.000000;2016-04-23T00:37:37.000000;392c211e-8f9a-4f82-8b3e-c0cdc3e2c22c;449.98;0.16704261;UNKNOWN
2016-04-23T00:37:41.000000;2016-04-23T00:37:41.000000;44bc446e-a8d4-4677-8445-43e91e6f993d;449.98;9.56345623;UNKNOWN
2016-04-23T00:37:41.000000;2016-04-23T00:37:41.000000;67b7adbf-636a-4ff4-bb8c-97eb699d77ec;449.98;5.43654377;UNKNOWN
2016-04-23T00:37:51.000000;2016-04-23T00:37:51.000000;8390dba3-bb8f-4e22-8995-c5d02d364328;449.98;0.01413644;UNKNOWN
2016-04-23T00:37:52.000000;2016-04-23T00:37:52.000000;f485510f-7da8-44b7-a04e-c78250b03bb0;449.98;0.89522919;UNKNOWN
2016-04-23T00:37:53.000000;2016-04-23T00:37:53.000000;29d202f3-0265-4147-aae4-24d8a50e1a59;450.6;6.0;UNKNOWN
2016-04-23T00:37:53.000000;2016-04-23T00:37:53.000000;638c99fb-e975-48ae-ab08-667425dd5b25;449.98;0.15374064;UNKNOWN
2016-04-23T00:37:53.000000;2016-04-23T00:37:53.000000;c2a62f04-a56a-44e4-8e54-11abc387784f;450.37;0.219565;UNKNOWN
2016-04-23T00:37:53.000000;2016-04-23T00:37:53.000000;fb7574ba-1b92-462c-9683-df43bc1feaa4;450.42;7.67862919;UNKNOWN
2016-04-23T00:37:53.000000;2016-04-23T00:37:53.000000;10d12242-e44f-4894-9f94-0a4dec5601d9;450.61;1.18033424;UNKNOWN
2016-04-23T00:37:53.000000;2016-04-23T00:37:53.000000;fcd023dc-775f-4aa8-867e-19fafff9b969;450.35;0.01;UNKNOWN
2016-04-23T00:37:53.000000;2016-04-23T00:37:53.000000;1e633206-da60-4a36-a94f-821e2f073711;450.29;13.0009;UNKNOWN
2016-04-23T00:37:53.000000;2016-04-23T00:37:53.000000;10df7df9-3c7d-45ac-83bb-ee359ac6b452;450.0;0.12;UNKNOWN
2016-04-23T00:37:53.000000;2016-04-23T00:37:53.000000;67964224-097f-4eec-bc31-865a21844e50;450.0;24.99;UNKNOWN
2016-04-23T00:37:53.000000;2016-04-23T00:37:53.000000;84501db3-0b00-4fe9-85ca-090c63fa74f2;450.14;0.15629473;UNKNOWN
2016-04-23T00:37:53.000000;2016-04-23T00:37:53.000000;ec1af6d5-3b83-4cb0-967a-61a3b0db5476;449.99;12.49;UNKNOWN
2016-04-23T00:37:53.000000;2016-04-23T00:37:53.000000;fe2ea91a-e4d9-468a-9165-7c16ca6164b5;450.16;11.9961;UNKNOWN
2016-04-23T00:37:53.000000;2016-04-23T00:37:53.000000;813ca92a-975e-4131-bdff-78e90f508ae5;450.3;100.0;UNKNOWN
2016-04-23T00:37:53.000000;2016-04-23T00:37:53.000000;c0978af7-5e74-4936-9943-7c27c493661a;450.43;12.6963;UNKNOWN
2016-04-23T00:37:53.000000;2016-04-23T00:37:53.000000;0f178273-920c-4c40-9b7b-1e34392011a0;450.29;7.65999157;UNKNOWN
2016-04-23T00:37:53.000000;2016-04-23T00:37:53.000000;bd6874ac-5d33-4f75-b34b-4c27021c075f;450.26;13.2716;UNKNOWN
2016-04-23T00:37:53.000000;2016-04-23T00:37:53.000000;1ddddc7b-64ad-4639-a865-753161810ea2;450.46;0.8867;UNKNOWN
2016-04-23T00:37:53.000000;2016-04-23T00:37:53.000000;e695e501-39f4-4d06-97dc-e603878ff266;450.0;0.13318314;UNKNOWN
2016-04-23T00:37:53.000000;2016-04-23T00:37:53.000000;c6e24c8c-9694-454e-b1aa-5957b3e9f03c;450.49;6.06505775;UNKNOWN
2016-04-23T00:37:53.000000;2016-04-23T00:37:53.000000;45fbd5f2-d5fd-4939-92ec-417b735032a5;450.0;0.5;UNKNOWN
2016-04-23T00:37:53.000000;2016-04-23T00:37:53.000000;31f82a99-846e-4f56-9c79-9b41f1ce75f5;450.05;0.0504;UNKNOWN
2016-04-23T00:38:02.000000;2016-04-23T00:38:02.000000;f26f1fdf-9250-4b31-a768-3019617b8c3a;450.6;36.94460188;UNKNOWN
2016-04-23T00:38:02.000000;2016-04-23T00:38:02.000000;188aab7e-cf66-472e-9e39-e7b7f7b7ef05;450.6;0.03;UNKNOWN
2016-04-23T00:38:14.000000;2016-04-23T00:38:14.000000;0b052ef4-9b4b-44c1-b2e5-8e7108d7d103;450.68;12.26904859;UNKNOWN
2016-04-23T00:38:15.000000;2016-04-23T00:38:15.000000;982fa094-743a-4330-b982-84e19f948776;450.68;0.83955881;UNKNOWN
2016-04-23T00:38:15.000000;2016-04-23T00:38:15.000000;7126c417-40f2-4f89-a24f-939fe436c8f3;450.68;0.0117;UNKNOWN
2016-04-23T00:38:16.000000;2016-04-23T00:38:16.000000;475317cc-5ca4-4875-973f-bd7ee54f1a94;450.68;0.1;UNKNOWN
2016-04-23T00:38:18.000000;2016-04-23T00:38:18.000000;c26e2a58-07f3-438b-a029-7baf4b52abe2;450.68;10.0;UNKNOWN
2016-04-23T00:38:25.000000;2016-04-23T00:38:25.000000;9e63d07f-c5d0-4737-94c6-f668ef5877f1;450.68;20.39390467;UNKNOWN
2016-04-23T00:38:31.000000;2016-04-23T00:38:31.000000;62ab57b6-348b-4bfa-abf1-50cc5a055463;450.7;0.27284852;UNKNOWN
2016-04-23T00:38:31.000000;2016-04-23T00:38:31.000000;c040ae6f-8252-4dc6-ae98-8fd11ed838e6;450.7;22.1881;UNKNOWN
2016-04-23T00:38:31.000000;2016-04-23T00:38:31.000000;d390fbfa-f0b7-406c-bafe-bb8320b44861;450.69;0.0688;UNKNOWN
2016-04-23T00:38:31.000000;2016-04-23T00:38:31.000000;da1ec476-527c-4da7-9978-7d2703a961cd;450.74;2.47025148;UNKNOWN
2016-04-23T00:38:31.000000;2016-04-23T00:38:31.000000;2d42bcfb-047b-4616-993c-da4f7d277626;450.7;5.0;UNKNOWN
2016-04-23T00:38:32.000000;2016-04-23T00:38:32.000000;13a9448c-4d43-4731-b185-87306a593194;450.68;0.15231411;UNKNOWN
2016-04-23T00:38:54.000000;2016-04-23T00:38:54.000000;6ddb2b96-75c4-433d-b33c-7b3a9f16dce6;450.73;2.58192152;UNKNOWN
2016-04-23T00:38:54.000000;2016-04-23T00:38:54.000000;8851e77f-9e99-42f2-8cfa-966f3468d35d;450.73;5.0;UNKNOWN
2016-04-23T00:39:12.000000;2016-04-23T00:39:12.000000;6433bb52-aae7-49e3-bbde-0882167a3146;450.74;0.0387;UNKNOWN
2016-04-23T00:39:25.000000;2016-04-23T00:39:25.000000;162a4859-177d-4022-aaee-a139535ec9fd;450.73;0.07;UNKNOWN
2016-04-23T00:39:46.000000;2016-04-23T00:39:46.000000;92c19074-210b-44c6-b8cb-8fa48a6e3b63;450.73;0.2;UNKNOWN
2016-04-23T00:39:56.000000;2016-04-23T00:39:56.000000;c4f13700-b133-4a9f-b294-653d02efa005;450.74;0.5;UNKNOWN
2016-04-23T00:40:11.000000;2016-04-23T00:40:11.000000;4853cc37-92ca-42f6-bc24-072268d701cb;450.73;2.4;UNKNOWN
2016-04-23T00:40:24.000000;2016-04-23T00:40:24.000000;c364f2f8-6b1c-4989-b789-d4b28e73d2bb;450.73;0.27368055;UNKNOWN
2016-04-23T00:40:24.000000;2016-04-23T00:40:24.000000;548db2ce-4481-4915-90e3-9e01eff6078e;450.73;10.0;UNKNOWN
2016-04-23T00:40:32.000000;2016-04-23T00:40:32.000000;bdb28884-bab7-4a42-aa11-9dbcfd3c38a5;450.73;0.2;UNKNOWN
2016-04-23T00:40:37.000000;2016-04-23T00:40:37.000000;7d2c74ca-a2c4-41b8-bf7e-c5d6ac58893f;450.73;10.0;UNKNOWN
2016-04-23T00:41:04.000000;2016-04-23T00:41:04.000000;7e206b99-85e5-47a4-a404-09ab062041fc;450.73;0.11448807;UNKNOWN
2016-04-23T00:41:15.000000;2016-04-23T00:41:15.000000;ba913a9e-326f-4d76-be70-b8d20a7c1905;450.74;0.01;UNKNOWN
2016-04-23T00:41:24.000000;2016-04-23T00:41:24.000000;903843d0-01da-4943-903d-8a2d022cec95;450.73;1.49;UNKNOWN
2016-04-23T00:41:35.000000;2016-04-23T00:41:35.000000;fdd83ca8-05d3-438e-9244-3d181c242850;450.74;0.01;UNKNOWN
2016-04-23T00:42:13.000000;2016-04-23T00:42:13.000000;5155e324-7fee-418e-a9af-2e2c7d12a3d7;450.73;10.0;UNKNOWN
2016-04-23T00:42:56.000000;2016-04-23T00:42:56.000000;40298224-e057-4296-bc6b-7490f1da6444;450.73;1.62243628;UNKNOWN
2016-04-23T00:43:01.000000;2016-04-23T00:43:01.000000;a0079562-02d1-487a-8c56-e9c0ada72f5b;450.73;0.2;UNKNOWN
2016-04-23T00:43:03.000000;2016-04-23T00:43:03.000000;eedbd908-46f6-424e-b446-7c8f5203048d;450.73;0.06672;UNKNOWN
2016-04-23T00:43:17.000000;2016-04-23T00:43:17.000000;abb18cf2-ba11-4c63-a9ea-2ac2e5ce82d1;450.73;6.09597489;UNKNOWN
2016-04-23T00:43:59.000000;2016-04-23T00:43:59.000000;7c702fc0-c6b1-438b-a2f2-51e7084f9043;450.72;0.12226882;UNKNOWN
2016-04-23T00:44:07.000000;2016-04-23T00:44:07.000000;a8c56d62-ce52-47ce-99aa-fb1a6e53f81c;450.72;0.01;UNKNOWN
2016-04-23T00:44:32.000000;2016-04-23T00:44:32.000000;27d49cee-3c43-4aef-99a9-38d1e87d8f42;450.72;0.03199773;UNKNOWN
2016-04-23T00:44:32.000000;2016-04-23T00:44:32.000000;daf29c89-f227-48b2-9d08-1f5330a20a49;450.71;2.0;UNKNOWN
2016-04-23T00:44:32.000000;2016-04-23T00:44:32.000000;8984e3ba-e272-4196-967c-53d04496f235;450.71;13.0;UNKNOWN
2016-04-23T00:44:53.000000;2016-04-23T00:44:53.000000;9b92716a-ef04-4585-ada2-9a5e6168e777;450.07;0.44;UNKNOWN
2016-04-23T00:45:25.000000;2016-04-23T00:45:25.000000;155c68e3-fd2f-4a50-afb6-04d611f98f95;450.0;0.01;UNKNOWN
2016-04-23T00:45:25.000000;2016-04-23T00:45:25.000000;2a51a421-07f8-48b5-8337-9e7a3a0b5ec4;450.0;0.01;UNKNOWN
2016-04-23T00:45:25.000000;2016-04-23T00:45:25.000000;f1617407-ae82-47a5-ae13-13b5eb9a60d5;450.0;0.01;UNKNOWN
2016-04-23T00:45:25.000000;2016-04-23T00:45:25.000000;368f03af-4c78-4878-a2e4-59116ed59a1d;450.0;0.01;UNKNOWN
2016-04-23T00:45:25.000000;2016-04-23T00:45:25.000000;cab05875-6c13-4076-8e0b-1535b2bdddec;450.0;0.01;UNKNOWN
2016-04-23T00:45:25.000000;2016-04-23T00:45:25.000000;8b1ed108-76f5-4f3f-b46d-e640bd10fced;450.0;0.01;UNKNOWN
2016-04-23T00:45:25.000000;2016-04-23T00:45:25.000000;59e4d0d2-0f91-4a15-aa5d-d3050dcc998c;450.0;0.01;UNKNOWN
2016-04-23T00:45:25.000000;2016-04-23T00:45:25.000000;6b5991e7-dbea-49fc-90b6-3bad03b6489e;450.0;0.01;UNKNOWN
2016-04-23T00:45:25.000000;2016-04-23T00:45:25.000000;5ed141a0-4af8-4d94-a572-f636531a8039;450.0;0.01;UNKNOWN
2016-04-23T00:45:25.000000;2016-04-23T00:45:25.000000;f183d8fa-6e87-4c45-b81d-53e1ef14e679;450.0;0.01;UNKNOWN
2016-04-23T00:45:25.000000;2016-04-23T00:45:25.000000;7a7a51d6-7fd2-46f8-a1ff-4ae70a2dcf79;450.0;0.056;UNKNOWN
2016-04-23T00:45:25.000000;2016-04-23T00:45:25.000000;4ed4ca30-98df-4354-b5d3-dd8c7ec48c99;450.0;0.2;UNKNOWN
2016-04-23T00:45:25.000000;2016-04-23T00:45:25.000000;3c2f3649-b8a8-4558-8587-d937c2fe59fe;450.0;0.2;UNKNOWN
2016-04-23T00:45:25.000000;2016-04-23T00:45:25.000000;fbe1a25d-96f3-4f98-8d13-82597e9a7f92;450.0;0.2;UNKNOWN
2016-04-23T00:45:47.000000;2016-04-23T00:45:47.000000;9291d8b0-1c11-44f3-9426-a092fb14dc9c;449.02;4.26039536;UNKNOWN
2016-04-23T00:45:47.000000;2016-04-23T00:45:47.000000;a03729ae-4cb8-405b-8c1e-9e32a9e5452b;449.19;23.55862076;UNKNOWN
2016-04-23T00:45:47.000000;2016-04-23T00:45:47.000000;65f3366f-d4e0-475e-81cd-6fe0d5d2d3d7;448.97;8.97407316;UNKNOWN
2016-04-23T00:45:47.000000;2016-04-23T00:45:47.000000;89a56f05-2a08-4d9a-8abb-b867cee52155;449.06;4.26039536;UNKNOWN
2016-04-23T00:45:47.000000;2016-04-23T00:45:47.000000;cae9e380-8be2-48fb-bfff-9b3fe13c28ec;449.11;0.13;UNKNOWN
2016-04-23T00:45:47.000000;2016-04-23T00:45:47.000000;ebfd96f0-e760-46a5-8589-b19166611ab6;449.01;12.49;UNKNOWN
2016-04-23T00:45:47.000000;2016-04-23T00:45:47.000000;9e7f8347-1413-4cd0-880d-2db837e4052d;449.19;0.02482;UNKNOWN
2016-04-23T00:45:47.000000;2016-04-23T00:45:47.000000;9475da79-cfc7-4a2f-a620-ed4032677b65;449.9;0.25;UNKNOWN
2016-04-23T00:45:47.000000;2016-04-23T00:45:47.000000;1295c491-4e7d-4b9b-bfe4-b217701d53bb;449.2;8.13;UNKNOWN
2016-04-23T00:45:47.000000;2016-04-23T00:45:47.000000;8678a5ec-0be9-4ce5-80c0-dd27f760df32;449.2;6.6613;UNKNOWN
2016-04-23T00:45:47.000000;2016-04-23T00:45:47.000000;a256c9d4-da36-4797-8df4-79db52395dfe;448.98;4.26039536;UNKNOWN
2016-04-23T00:46:01.000000;2016-04-23T00:46:01.000000;1783429f-b9ba-4226-a86a-93e7c2e7737c;448.22;10.56836436;UNKNOWN
2016-04-23T00:46:01.000000;2016-04-23T00:46:01.000000;edb84e7d-f0b6-43d0-b0c6-8aff9f6cc2f5;448.75;4.26048612;UNKNOWN
2016-04-23T00:46:01.000000;2016-04-23T00:46:01.000000;de365750-2ed6-4752-bdf1-cba011c8af6b;448.96;9.45;UNKNOWN
2016-04-23T00:46:01.000000;2016-04-23T00:46:01.000000;754cdd80-8d61-42af-aed6-0ded219e87d2;448.82;4.26048612;UNKNOWN
2016-04-23T00:46:01.000000;2016-04-23T00:46:01.000000;74b92ffd-8abe-4864-bd31-dc217f907ac6;449.11;0.13;UNKNOWN
2016-04-23T00:46:01.000000;2016-04-23T00:46:01.000000;ef4a7949-6588-4485-93c7-e6f0e7985a6a;448.7;4.26048612;UNKNOWN
2016-04-23T00:46:01.000000;2016-04-23T00:46:01.000000;4fae312d-68ed-4cd8-b415-9a24155eda27;448.53;12.9919;UNKNOWN
2016-04-23T00:46:01.000000;2016-04-23T00:46:01.000000;1aa36085-2778-4277-9c6f-36d4bcacb44e;448.39;11.76990508;UNKNOWN
2016-04-23T00:46:01.000000;2016-04-23T00:46:01.000000;64ae1837-46b9-47b7-9108-4ce040211802;448.78;4.26048612;UNKNOWN
2016-04-23T00:46:01.000000;2016-04-23T00:46:01.000000;aee66e42-6fad-4dd9-a63c-7b626f030383;448.87;4.26039536;UNKNOWN
2016-04-23T00:46:01.000000;2016-04-23T00:46:01.000000;0575c774-5883-4e19-aad9-ddef7ac9fe23;448.95;4.26039536;UNKNOWN
2016-04-23T00:46:01.000000;2016-04-23T00:46:01.000000;46b5c2ba-4a0f-46dd-a6e3-ab9d61d677e9;448.96;0.223;UNKNOWN
2016-04-23T00:46:01.000000;2016-04-23T00:46:01.000000;3349dd6c-1e04-4efa-af70-520ab0913b99;448.91;4.26039536;UNKNOWN
2016-04-23T00:46:01.000000;2016-04-23T00:46:01.000000;38287ac9-eabc-4376-b9a3-08ad71b6b071;448.83;0.0437;UNKNOWN
2016-04-23T00:46:07.000000;2016-04-23T00:46:07.000000;b043ee81-149b-49ae-865b-94ebbaf171e0;449.09;0.01168;UNKNOWN
2016-04-23T00:46:12.000000;2016-04-23T00:46:12.000000;806ee02a-ac67-42f9-89cb-1a01e0e85398;449.12;0.06197253;UNKNOWN
2016-04-23T00:46:13.000000;2016-04-23T00:46:13.000000;2ca49802-e277-44b3-84bb-d082ccf0c58a;449.12;0.10502747;UNKNOWN
2016-04-23T00:46:13.000000;2016-04-23T00:46:13.000000;0eed5d28-e9d7-4fb3-843a-640812b10055;449.11;0.03292599;UNKNOWN
2016-04-23T00:46:14.000000;2016-04-23T00:46:14.000000;0d0e9d31-d029-485d-9294-36672a4e27bc;448.66;0.06142488;UNKNOWN
2016-04-23T00:46:14.000000;2016-04-23T00:46:14.000000;be90973a-2fb3-4f73-9b22-f3db1e5e8763;449.11;0.02307401;UNKNOWN
2016-04-23T00:46:15.000000;2016-04-23T00:46:15.000000;cbe01388-67c6-4f8f-97b2-24a398427064;448.67;0.16799503;UNKNOWN
2016-04-23T00:46:19.000000;2016-04-23T00:46:19.000000;8066bc0c-3abb-4488-a51a-8e1aff50a30b;448.27;5.28249503;UNKNOWN
2016-04-23T00:46:19.000000;2016-04-23T00:46:19.000000;20d8cfca-cf5a-4828-b2bc-af20655382fb;448.67;6.46520497;UNKNOWN
2016-04-23T00:46:19.000000;2016-04-23T00:46:19.000000;57e934d9-b8ac-407a-a4dc-ce79e6e8f615;448.34;12.2523;UNKNOWN
2016-04-23T00:46:22.000000;2016-04-23T00:46:22.000000;1a26e43c-5bbc-46db-8c9e-bbb1edb19c3e;448.58;0.025;UNKNOWN
2016-04-23T00:46:31.000000;2016-04-23T00:46:31.000000;ebbac12a-74df-49cd-ac92-a042fd369a9e;448.58;2.4;UNKNOWN
2016-04-23T00:46:37.000000;2016-04-23T00:46:37.000000;bd754f1f-ee2f-4bcb-b90d-7fdd75e8051d;448.79;0.04419429;UNKNOWN
2016-04-23T00:46:41.000000;2016-04-23T00:46:41.000000;8c522125-adea-4b65-b69c-f881b478d6ca;448.79;0.04421201;UNKNOWN
2016-04-23T00:46:44.000000;2016-04-23T00:46:44.000000;6e557d02-b65c-47af-8187-67fefb91c759;448.79;0.06311077;UNKNOWN
2016-04-23T00:46:47.000000;2016-04-23T00:46:47.000000;7b4b46ef-b16f-45a0-865a-848d19543fbe;448.79;0.06311077;UNKNOWN
2016-04-23T00:46:51.000000;2016-04-23T00:46:51.000000;7814f3d1-fe7f-4e6f-91ce-bfb245c24955;448.78;0.06311077;UNKNOWN
2016-04-23T00:46:53.000000;2016-04-23T00:46:53.000000;c708fc5d-46e9-4f13-ac76-a6a2e8965bd1;448.78;0.06396851;UNKNOWN
2016-04-23T00:46:57.000000;2016-04-23T00:46:57.000000;fd4e94b2-9ce3-43d0-97cb-59b0b14bdfc6;448.78;0.06396851;UNKNOWN
2016-04-23T00:46:59.000000;2016-04-23T00:46:59.000000;07c22a9f-575a-464b-8717-c9654aeebc9e;448.78;0.06396851;UNKNOWN
2016-04-23T00:47:02.000000;2016-04-23T00:47:02.000000;adc9624e-6f07-4100-9e28-f25d9a75129b;448.71;0.06396851;UNKNOWN
2016-04-23T00:47:05.000000;2016-04-23T00:47:05.000000;bf74a619-34e8-46e6-98c7-77a3ac9526a1;448.71;0.0699738;UNKNOWN
2016-04-23T00:47:09.000000;2016-04-23T00:47:09.000000;b77858d7-d05e-4220-a767-fd566c871f8b;448.42;0.0699738;UNKNOWN
2016-04-23T00:47:13.000000;2016-04-23T00:47:13.000000;7df79111-7b19-49f4-877c-dc8f568562a8;448.42;0.09487281;UNKNOWN
2016-04-23T00:47:15.000000;2016-04-23T00:47:15.000000;07aca0ff-91cb-43e2-892f-51fbd71f51ed;448.42;0.02612145;UNKNOWN
2016-04-23T00:47:15.000000;2016-04-23T00:47:15.000000;cb02edd9-5b66-4cf9-a49f-a04b017955cc;448.42;0.02616333;UNKNOWN
2016-04-23T00:47:16.000000;2016-04-23T00:47:16.000000;ad5e2f23-b986-4289-a495-49af86e20c52;448.42;0.09487281;UNKNOWN
2016-04-23T00:47:16.000000;2016-04-23T00:47:16.000000;93dc90f1-15b4-4f99-9fec-a7e56025c332;448.42;0.02612145;UNKNOWN
2016-04-23T00:47:17.000000;2016-04-23T00:47:17.000000;a982c7bc-3a84-42f1-b5ca-f05ccabb198c;448.42;0.02614806;UNKNOWN
2016-04-23T00:47:19.000000;2016-04-23T00:47:19.000000;e15f8aa6-dc4c-46a6-9f9a-96bfcdbee1ab;448.42;0.02612529;UNKNOWN
2016-04-23T00:47:20.000000;2016-04-23T00:47:20.000000;4e9189ef-48b6-4ca8-b655-c45fb6f38e9b;448.4;0.02612145;UNKNOWN
2016-04-23T00:47:20.000000;2016-04-23T00:47:20.000000;b0c3b7e3-1b22-4d23-97dd-516a407d3e57;448.4;0.09487281;UNKNOWN
2016-04-23T00:47:27.000000;2016-04-23T00:47:27.000000;f8700a96-21e1-4606-b9cf-5ba4897bacc8;448.15;0.01694896;UNKNOWN
2016-04-23T00:47:41.000000;2016-04-23T00:47:41.000000;6fdd9d6c-961a-40af-b58b-a497397d3580;448.15;0.01969578;UNKNOWN
2016-04-23T00:48:00.000000;2016-04-23T00:48:00.000000;a4da0ce0-000e-4090-8d29-f8f8c47fd89b;448.15;0.056;UNKNOWN
2016-04-23T00:48:00.000000;2016-04-23T00:48:00.000000;81f9d92a-a2ff-4920-86ef-f6f7fee9f38f;448.14;0.09070315;UNKNOWN
2016-04-23T00:48:21.000000;2016-04-23T00:48:21.000000;e64495d5-7454-45a9-ae81-24555782ac9e;448.23;6.6269;UNKNOWN
2016-04-23T00:48:21.000000;2016-04-23T00:48:21.000000;bf7f400f-25c4-4621-b2e6-ca70e5888173;448.78;23.518;UNKNOWN
2016-04-23T00:48:21.000000;2016-04-23T00:48:21.000000;004c829d-b3c7-4782-ae14-7bfa2394f99a;448.18;15.65;UNKNOWN
2016-04-23T00:48:21.000000;2016-04-23T00:48:21.000000;95af1489-b4ff-4878-b687-5df45c173b4d;448.79;4.2051;UNKNOWN
2016-04-23T00:48:30.000000;2016-04-23T00:48:30.000000;c4aed848-6ab8-44de-93a8-6be4945c3b46;448.53;8.61;UNKNOWN
2016-04-23T00:48:40.000000;2016-04-23T00:48:40.000000;ba81302f-6a83-4155-9cc6-3717e3738d6c;448.38;0.0246;UNKNOWN
2016-04-23T00:48:49.000000;2016-04-23T00:48:49.000000;d3fad314-19f5-45ae-a73d-847eeafa4c7f;448.75;5.0;UNKNOWN
2016-04-23T00:49:36.000000;2016-04-23T00:49:36.000000;23e3987d-ce65-4b7d-be59-18c621022357;449.18;0.0335203;UNKNOWN
2016-04-23T00:49:36.000000;2016-04-23T00:49:36.000000;98c03a00-b05b-46b7-841c-328add15d712;449.31;4.9664797;UNKNOWN
2016-04-23T00:49:45.000000;2016-04-23T00:49:45.000000;19fcda59-6aee-4742-90c5-2bb4ff09d503;449.1;5.0;UNKNOWN
2016-04-23T00:50:19.000000;2016-04-23T00:50:19.000000;41dbab5f-467a-416e-9480-996b31cb63fa;448.88;0.02482;UNKNOWN
2016-04-23T00:50:19.000000;2016-04-23T00:50:19.000000;1ec29bb2-6806-4bbc-937d-00ab01a7d03e;448.7;7.67625799;UNKNOWN
2016-04-23T00:50:19.000000;2016-04-23T00:50:19.000000;6ee6da97-2043-4b04-9a4d-96acc338919f;448.71;0.167;UNKNOWN
2016-04-23T00:50:19.000000;2016-04-23T00:50:19.000000;1b0ff62e-e516-4db9-9bde-199a8e7a5da4;448.71;13.6383;UNKNOWN
2016-04-23T00:50:19.000000;2016-04-23T00:50:19.000000;f8437ecc-3f31-4e1e-ac1d-1fd18377843e;448.82;6.6737;UNKNOWN
2016-04-23T00:50:19.000000;2016-04-23T00:50:19.000000;a405b3f8-4eb5-4433-9564-fe20cc2173fa;448.89;0.223;UNKNOWN
2016-04-23T00:50:19.000000;2016-04-23T00:50:19.000000;45640bd0-4449-453c-b938-05e480056cba;448.69;14.208;UNKNOWN
2016-04-23T00:50:19.000000;2016-04-23T00:50:19.000000;c3c57481-73a6-42d7-8014-742a9d2e7096;448.52;7.70427359;UNKNOWN
2016-04-23T00:50:19.000000;2016-04-23T00:50:19.000000;8a5b152b-6788-478b-910d-cc8194c7dc0a;448.8;40.0;UNKNOWN
2016-04-23T00:50:19.000000;2016-04-23T00:50:19.000000;f0cbf50d-01c3-463f-bb56-4d1db7363cb1;448.51;9.68464842;UNKNOWN
2016-04-23T00:50:37.000000;2016-04-23T00:50:37.000000;da8b6a7c-ba4d-4026-a576-6cf2a4dd5063;448.52;0.025;UNKNOWN
2016-04-23T00:51:45.000000;2016-04-23T00:51:45.000000;db1cdc47-05fc-4fcf-ad3f-17bc17386a2f;448.93;0.39414129;UNKNOWN
2016-04-23T00:51:45.000000;2016-04-23T00:51:45.000000;8742af35-8369-4bf4-9608-8c315b8fef52;448.93;0.05140973;UNKNOWN
2016-04-23T00:51:46.000000;2016-04-23T00:51:46.000000;b8889a91-3de8-4d31-bc49-217c341d121c;448.93;0.01616396;UNKNOWN
2016-04-23T00:51:46.000000;2016-04-23T00:51:46.000000;fe011c6d-cee7-49e6-8d45-4e17197b90dc;448.93;0.12392369;UNKNOWN
2016-04-23T00:51:47.000000;2016-04-23T00:51:47.000000;7d116096-8756-4ef8-8d39-4505642db23c;448.93;0.04102916;UNKNOWN
2016-04-23T00:51:49.000000;2016-04-23T00:51:49.000000;eac03250-c34b-4444-a1cc-ed25baccfba6;448.93;0.01731574;UNKNOWN
2016-04-23T00:51:51.000000;2016-04-23T00:51:51.000000;4e0c3266-3da5-432f-ad7f-5ebdff479228;448.93;0.90637275;UNKNOWN
2016-04-23T00:51:52.000000;2016-04-23T00:51:52.000000;82457f1c-0383-4419-a879-2795278a0e51;448.92;0.10736173;UNKNOWN
2016-04-23T00:51:52.000000;2016-04-23T00:51:52.000000;4d80e311-f0bc-4c3f-8459-61a2de871a0a;448.92;0.01041313;UNKNOWN
2016-04-23T00:51:52.000000;2016-04-23T00:51:52.000000;23fa1b31-bb43-4e40-8e55-8c4d18ce13e2;448.92;0.07120451;UNKNOWN
2016-04-23T00:51:54.000000;2016-04-23T00:51:54.000000;d9876723-955e-475a-ad94-401c8c027d94;448.91;0.03047764;UNKNOWN
2016-04-23T00:51:54.000000;2016-04-23T00:51:54.000000;b955be12-59ea-4c11-9655-fffa4d91cfb8;448.91;3.0117536;UNKNOWN
2016-04-23T00:51:55.000000;2016-04-23T00:51:55.000000;ddd2918c-19d6-4b5f-8d51-aa307e9fa73a;448.92;0.03441488;UNKNOWN
2016-04-23T00:51:55.000000;2016-04-23T00:51:55.000000;b5f156df-e287-4b4b-a5c3-4f21937baa81;448.92;0.02702082;UNKNOWN
2016-04-23T00:51:56.000000;2016-04-23T00:51:56.000000;164596b5-9272-4b60-ad43-75be8311b00d;448.92;0.30024457;UNKNOWN
2016-04-23T00:52:00.000000;2016-04-23T00:52:00.000000;7178fd91-a4db-4a94-8539-988a38f5b4ac;448.9;0.02437119;UNKNOWN
2016-04-23T00:52:01.000000;2016-04-23T00:52:01.000000;11dd8831-1b76-45ad-8b88-a8f762809feb;448.9;0.30111999;UNKNOWN
2016-04-23T00:52:07.000000;2016-04-23T00:52:07.000000;2f5bbe7f-9709-4cd0-bded-0a95ed1d482d;448.9;0.01041313;UNKNOWN
2016-04-23T00:53:30.000000;2016-04-23T00:53:30.000000;4b3a9f00-ffef-463a-b2be-65e8938313a5;448.69;0.02428601;UNKNOWN
2016-04-23T00:53:31.000000;2016-04-23T00:53:31.000000;5de921b8-afd9-409a-a0cf-e8fb9f3eb208;448.69;0.02428601;UNKNOWN
2016-04-23T00:53:31.000000;2016-04-23T00:53:31.000000;bbbd7c50-7e1d-404d-9704-97ac702d1206;448.69;0.90824049;UNKNOWN
2016-04-23T00:53:31.000000;2016-04-23T00:53:31.000000;83a5d40a-3f36-44f3-9a14-02ffc8126542;448.69;0.03396448;UNKNOWN
2016-04-23T00:53:31.000000;2016-04-23T00:53:31.000000;072850ea-fa41-4b30-b97a-953bf50e25e0;448.69;0.02969301;UNKNOWN
2016-04-23T00:53:31.000000;2016-04-23T00:53:31.000000;231552fc-c695-467e-806d-c87bab3ae144;448.69;0.01823917;UNKNOWN
2016-04-23T00:53:31.000000;2016-04-23T00:53:31.000000;b40c2b31-35a0-4658-bb90-57befb5dce20;448.69;0.10853808;UNKNOWN
2016-04-23T00:53:31.000000;2016-04-23T00:53:31.000000;a00802e1-370e-419c-a170-d83c2a2c8d16;448.69;0.01965473;UNKNOWN
2016-04-23T00:53:33.000000;2016-04-23T00:53:33.000000;d2474c8d-37da-4eca-a102-14bd0a24ceda;448.69;0.018638;UNKNOWN
2016-04-23T00:53:33.000000;2016-04-23T00:53:33.000000;12b58c23-c0f6-46e8-8b94-ebc937b3de5b;448.69;0.02794129;UNKNOWN
2016-04-23T00:53:34.000000;2016-04-23T00:53:34.000000;44d3369b-2fbc-4dda-b772-fab8cf15001d;448.69;0.01893033;UNKNOWN
2016-04-23T00:53:35.000000;2016-04-23T00:53:35.000000;ac63820b-a2a8-468c-8a31-b44db5a3d85c;448.69;0.99730461;UNKNOWN
2016-04-23T00:53:35.000000;2016-04-23T00:53:35.000000;68a5b608-3fef-4171-b003-72d7d8129a35;448.69;0.02605349;UNKNOWN
2016-04-23T00:53:36.000000;2016-04-23T00:53:36.000000;95b60010-82c8-4a30-8714-4a019e6e6620;448.69;0.01313305;UNKNOWN
2016-04-23T00:53:37.000000;2016-04-23T00:53:37.000000;0a19bcc7-05d0-4565-8980-d60c84fe2a7a;448.69;0.0595537;UNKNOWN
2016-04-23T00:53:37.000000;2016-04-23T00:53:37.000000;f896dee6-3511-44a5-9a25-8e592df6c6aa;448.69;1.21079751;UNKNOWN
2016-04-23T00:53:39.000000;2016-04-23T00:53:39.000000;004f8f45-521a-473d-905b-f807f234fbed;448.8;0.17203135;UNKNOWN
2016-04-23T00:53:41.000000;2016-04-23T00:53:41.000000;49f1daa8-6248-49f8-a41b-e19c3fac0014;448.8;0.01892098;UNKNOWN
2016-04-23T00:53:41.000000;2016-04-23T00:53:41.000000;540df28f-6f34-445a-820a-32cff0892456;448.8;0.18811876;UNKNOWN
2016-04-23T00:53:42.000000;2016-04-23T00:53:42.000000;47495a92-74d9-4159-856c-3329ac8a83b6;448.8;0.0772028;UNKNOWN
2016-04-23T00:53:42.000000;2016-04-23T00:53:42.000000;2ce1cc3a-ce3a-4603-8cab-22ec0efbd23c;448.8;0.01152019;UNKNOWN
2016-04-23T00:53:42.000000;2016-04-23T00:53:42.000000;7c815093-90a1-4f5b-8735-9aca53eabe06;448.8;0.18811876;UNKNOWN
2016-04-23T00:53:42.000000;2016-04-23T00:53:42.000000;784490a9-ef19-44ea-ba09-f5a87a274352;448.8;0.01006993;UNKNOWN
2016-04-23T00:53:42.000000;2016-04-23T00:53:42.000000;0c8bdf5f-3939-4aeb-a83b-e94de545b688;448.8;0.18811876;UNKNOWN
2016-04-23T00:53:42.000000;2016-04-23T00:53:42.000000;d0b1d778-16b6-46a7-9905-1791ce6d5560;448.8;0.08832147;UNKNOWN
2016-04-23T00:53:43.000000;2016-04-23T00:53:43.000000;7bcb0743-2006-4213-930f-e561a54f938e;448.8;0.01006993;UNKNOWN
2016-04-23T00:53:43.000000;2016-04-23T00:53:43.000000;f24ca9b3-0b1a-4030-9196-559470801d63;448.8;0.01006993;UNKNOWN
2016-04-23T00:53:43.000000;2016-04-23T00:53:43.000000;8e1923ce-0d99-4c71-b9c6-e9b2dd70ae90;448.8;0.0772028;UNKNOWN
2016-04-23T00:53:43.000000;2016-04-23T00:53:43.000000;ff321f86-9645-4166-83fa-a3db33c27173;448.8;0.18811876;UNKNOWN
2016-04-23T00:53:44.000000;2016-04-23T00:53:44.000000;f71fdeba-c85c-4587-bcb6-9ae2bf0e48b4;448.8;0.01006993;UNKNOWN
2016-04-23T00:54:04.000000;2016-04-23T00:54:04.000000;c6219aa0-59aa-4c9c-8909-0cc5c18522ae;448.69;0.0143;UNKNOWN
2016-04-23T00:54:33.000000;2016-04-23T00:54:33.000000;6ac10cb8-c42b-437c-a536-273b6e43fa0a;448.79;0.0145025;UNKNOWN
2016-04-23T00:54:37.000000;2016-04-23T00:54:37.000000;59be6268-8b50-4a65-8ad3-efc2c13911a6;448.79;0.11853807;UNKNOWN
2016-04-23T00:54:38.000000;2016-04-23T00:54:38.000000;08543162-2f56-4317-8055-288fb0f2a798;448.79;0.01862937;UNKNOWN
2016-04-23T00:54:39.000000;2016-04-23T00:54:39.000000;8bd1ad92-e06b-4049-aede-e9392ebecdfe;448.79;0.01452344;UNKNOWN
2016-04-23T00:54:39.000000;2016-04-23T00:54:39.000000;0737d7d2-c2c7-4251-a51d-a8dc47154ab4;448.79;0.07760464;UNKNOWN
2016-04-23T00:54:39.000000;2016-04-23T00:54:39.000000;9a73341f-d451-4dac-b125-cd2069e898cf;448.79;0.07748042;UNKNOWN
2016-04-23T00:54:40.000000;2016-04-23T00:54:40.000000;b5adb9d0-3ff9-4ebf-8542-3afeeb57c872;448.79;0.17112833;UNKNOWN
2016-04-23T00:54:41.000000;2016-04-23T00:54:41.000000;d50c72e5-e660-4632-9f01-3658eacf82e2;448.79;0.01452344;UNKNOWN
2016-04-23T00:54:41.000000;2016-04-23T00:54:41.000000;eb4d27f1-c10d-4e53-8ac8-83707fe77bb0;448.79;0.07760464;UNKNOWN
2016-04-23T00:54:42.000000;2016-04-23T00:54:42.000000;77bd7c13-ee04-4a05-b7f9-d09e3e2fa90b;448.79;0.01452344;UNKNOWN
2016-04-23T00:54:43.000000;2016-04-23T00:54:43.000000;2bc30f77-2377-4e7b-be43-3bbcc17aefdc;448.79;1.08204628;UNKNOWN
2016-04-23T00:54:44.000000;2016-04-23T00:54:44.000000;84e67323-af8b-4e70-a357-b36877b66be5;448.79;0.1612642;UNKNOWN
2016-04-23T00:54:47.000000;2016-04-23T00:54:47.000000;0f45e4ac-318e-46e1-a433-5d422c535f40;448.8;0.03657646;UNKNOWN
2016-04-23T00:54:50.000000;2016-04-23T00:54:50.000000;0437731b-6f93-4e82-8db4-431d4b3e202b;448.8;0.11307987;UNKNOWN
2016-04-23T00:54:50.000000;2016-04-23T00:54:50.000000;125e0752-a85f-4359-be8d-4d085060ed17;448.8;0.01199181;UNKNOWN
2016-04-23T00:54:52.000000;2016-04-23T00:54:52.000000;d4b3bb09-71fa-4ce2-955c-3a3bd31ddfee;448.8;0.09749436;UNKNOWN
2016-04-23T00:54:55.000000;2016-04-23T00:54:55.000000;dffd1673-075b-4964-b48e-547f6424285d;448.8;0.08123688;UNKNOWN
2016-04-23T00:54:58.000000;2016-04-23T00:54:58.000000;a56d9905-9f88-4c9b-b978-31631da3ad7e;448.8;0.02442811;UNKNOWN
2016-04-23T00:54:59.000000;2016-04-23T00:54:59.000000;8c3142d8-f0dd-4e75-b9e3-29f174180778;448.8;0.06511159;UNKNOWN
2016-04-23T00:55:39.000000;2016-04-23T00:55:39.000000;69531814-edd7-438a-92b2-15d0a73472d7;448.8;0.03661297;UNKNOWN
2016-04-23T00:55:39.000000;2016-04-23T00:55:39.000000;492ba235-3804-49bc-8e63-595f9993c0dc;448.8;0.02446449;UNKNOWN
2016-04-23T00:56:16.000000;2016-04-23T00:56:16.000000;5c9c70ed-165d-4d1a-9679-3b99ea853fef;448.79;0.03796315;UNKNOWN
2016-04-23T00:56:20.000000;2016-04-23T00:56:20.000000;979dfe24-c60a-434b-b6b4-a8d87049967e;448.78;0.167;UNKNOWN
2016-04-23T00:56:20.000000;2016-04-23T00:56:20.000000;4eabbf4f-2a3a-4994-ba1b-e8d392a61a4a;448.79;0.11149693;UNKNOWN
2016-04-23T00:56:20.000000;2016-04-23T00:56:20.000000;1b6e2c61-d787-41d5-8a72-83c9022ebcbb;448.77;0.223;UNKNOWN
2016-04-23T00:56:24.000000;2016-04-23T00:56:24.000000;328ba1ec-53b4-43bb-af0f-5f8f9aaee5c6;448.65;0.27543896;UNKNOWN
2016-04-23T00:56:24.000000;2016-04-23T00:56:24.000000;b29be02b-66c0-40a6-b84a-98beea98543c;448.69;0.17344252;UNKNOWN
2016-04-23T00:56:33.000000;2016-04-23T00:56:33.000000;0efc033a-22c6-4604-b862-46a35e1b5d6c;448.7;0.35945341;UNKNOWN
2016-04-23T00:56:35.000000;2016-04-23T00:56:35.000000;3711debe-ecd5-44d4-bacc-194997cf5474;448.7;0.35945341;UNKNOWN
2016-04-23T00:56:35.000000;2016-04-23T00:56:35.000000;13914bec-372f-465b-ba42-fadc53bbb2b6;448.7;0.14358484;UNKNOWN
2016-04-23T00:56:36.000000;2016-04-23T00:56:36.000000;a10067c9-af09-4171-ac6b-7de65b4617ab;448.7;0.15605498;UNKNOWN
2016-04-23T00:56:39.000000;2016-04-23T00:56:39.000000;83af803a-8642-485f-ab9a-9f7ed659e31c;448.71;0.15605498;UNKNOWN
2016-04-23T00:56:39.000000;2016-04-23T00:56:39.000000;13970b9e-d174-4638-b432-f5d363f00542;448.71;0.15605498;UNKNOWN
2016-04-23T00:56:41.000000;2016-04-23T00:56:41.000000;202102bb-e67c-4577-b80c-802d601bbd0e;448.69;0.40173215;UNKNOWN
2016-04-23T00:56:42.000000;2016-04-23T00:56:42.000000;1d7240a2-2994-4ecc-a60c-2b310e644536;448.69;0.06069032;UNKNOWN
2016-04-23T00:56:50.000000;2016-04-23T00:56:50.000000;60f94407-56b5-4213-87b4-bf7fa44ae017;448.6;3.772576;UNKNOWN
2016-04-23T00:56:50.000000;2016-04-23T00:56:50.000000;0d18249b-8ca2-4eff-8885-dd5a454dab6b;448.61;0.167;UNKNOWN
2016-04-23T00:56:50.000000;2016-04-23T00:56:50.000000;2b411468-77c6-4e10-a482-ac5b27f05645;448.61;0.060424;UNKNOWN
2016-04-23T00:57:13.000000;2016-04-23T00:57:13.000000;f56a2890-4eb4-4826-93b5-01ec47553f64;448.7;0.32338477;UNKNOWN
2016-04-23T00:57:13.000000;2016-04-23T00:57:13.000000;f41fa9e8-138f-405b-95a7-99e80a615db6;448.7;0.16209224;UNKNOWN
2016-04-23T00:57:14.000000;2016-04-23T00:57:14.000000;642ffcb4-cffe-4faa-8ab3-1cd5e97adfd6;448.7;0.07910259;UNKNOWN
2016-04-23T00:57:14.000000;2016-04-23T00:57:14.000000;803b9e9d-da2a-4a78-bf44-63bfe24a6fb6;448.7;0.22499168;UNKNOWN
2016-04-23T00:57:15.000000;2016-04-23T00:57:15.000000;4d330f27-1a6e-4f58-869a-e31e8935a0ef;448.7;0.35196037;UNKNOWN
2016-04-23T00:57:15.000000;2016-04-23T00:57:15.000000;812468d0-89fc-4193-8661-bc66b9ba8c2c;448.7;0.04590787;UNKNOWN
2016-04-23T00:57:15.000000;2016-04-23T00:57:15.000000;b5f92f44-ee8a-4de5-a6a5-fc2b71fad131;448.7;0.06945667;UNKNOWN
2016-04-23T00:57:15.000000;2016-04-23T00:57:15.000000;f9f0ccb8-26b1-4110-b91b-a79de29566e2;448.7;0.40431122;UNKNOWN
2016-04-23T00:57:15.000000;2016-04-23T00:57:15.000000;20fdd089-40b7-4c15-a71c-7a46841fd349;448.7;0.22499168;UNKNOWN
2016-04-23T00:57:24.000000;2016-04-23T00:57:24.000000;db26d863-8f4d-4837-90c4-0f4aca9801c4;448.71;0.05101504;UNKNOWN
2016-04-23T00:57:41.000000;2016-04-23T00:57:41.000000;8ac2d3b4-093b-4b26-9ca1-78da331b54e7;448.7;0.06820314;UNKNOWN
2016-04-23T00:57:50.000000;2016-04-23T00:57:50.000000;8dfa1965-2ed1-4491-acf8-a90da0957ce6;448.7;0.08508461;UNKNOWN
2016-04-23T00:57:51.000000;2016-04-23T00:57:51.000000;44a82542-0945-4fdd-a606-241292cb67d0;448.7;0.01188811;UNKNOWN
2016-04-23T00:57:51.000000;2016-04-23T00:57:51.000000;a99b151e-ebb1-47ce-92eb-5265cbd78e47;448.7;0.09114218;UNKNOWN
2016-04-23T00:57:51.000000;2016-04-23T00:57:51.000000;0c0ce023-dfc0-4274-89ae-b180491d45e6;448.7;0.32383668;UNKNOWN
2016-04-23T00:57:52.000000;2016-04-23T00:57:52.000000;765d386c-860c-4d25-968f-38831ff37487;448.7;0.08553908;UNKNOWN
2016-04-23T00:58:15.000000;2016-04-23T00:58:15.000000;3b350f98-15f3-435e-a4ba-5fae93947003;448.55;0.33025348;UNKNOWN
2016-04-23T00:58:15.000000;2016-04-23T00:58:15.000000;13301c71-5a38-41dd-8fa5-4b1c2436d7de;448.56;0.056;UNKNOWN
2016-04-23T00:58:34.000000;2016-04-23T00:58:34.000000;28572d7f-abfc-4b83-9358-68d1205005d5;448.55;0.167;UNKNOWN
2016-04-23T00:58:40.000000;2016-04-23T00:58:40.000000;aeab72d7-a984-4a32-aedb-723c48d6cfbc;448.55;0.21534613;UNKNOWN
2016-04-23T00:58:40.000000;2016-04-23T00:58:40.000000;970cca14-b10d-4dc9-b765-cd3f13e3be31;448.55;0.23709091;UNKNOWN
2016-04-23T00:58:41.000000;2016-04-23T00:58:41.000000;672845ea-6905-484b-b72d-ec7d13e783bc;448.71;1.38363828;UNKNOWN
2016-04-23T00:58:41.000000;2016-04-23T00:58:41.000000;0ac6be37-b45e-46dc-a5d0-140439fa4ba5;448.55;0.05132365;UNKNOWN
2016-04-23T00:58:42.000000;2016-04-23T00:58:42.000000;b6835784-e012-4ea7-b9fd-c6403f01e26b;448.8;13.73742751;UNKNOWN
2016-04-23T00:58:42.000000;2016-04-23T00:58:42.000000;9d947f27-673c-48b5-a987-76d6623ee802;448.71;0.75147249;UNKNOWN
2016-04-23T00:58:46.000000;2016-04-23T00:58:46.000000;e38c2800-c03c-409a-ba18-a5f9779ecc85;448.8;0.09026293;UNKNOWN
2016-04-23T00:58:46.000000;2016-04-23T00:58:46.000000;c9cbbe0a-d4d3-40b6-b9af-2b35125b9e11;448.8;0.09544258;UNKNOWN
2016-04-23T00:58:47.000000;2016-04-23T00:58:47.000000;68f023c5-8f32-4b72-847e-c7916ce5c955;448.8;0.09026293;UNKNOWN
2016-04-23T00:58:47.000000;2016-04-23T00:58:47.000000;e6c53776-1650-4e8a-9b2e-9301c5a9fca8;448.8;0.09026293;UNKNOWN
2016-04-23T00:58:47.000000;2016-04-23T00:58:47.000000;96589ed4-8d2e-472c-a36a-a2cd3864ef78;448.8;0.09544258;UNKNOWN
2016-04-23T00:58:48.000000;2016-04-23T00:58:48.000000;74031ff2-f5d5-417c-8199-97b3c67f270b;448.8;0.09026293;UNKNOWN
2016-04-23T00:58:56.000000;2016-04-23T00:58:56.000000;ad652cbc-5ad7-49af-9ae3-e408f321beaa;448.55;0.46145518;UNKNOWN
2016-04-23T00:59:06.000000;2016-04-23T00:59:06.000000;fd55dac8-272d-4582-b9ea-c8fa59a875d3;448.58;0.167;UNKNOWN
2016-04-23T00:59:06.000000;2016-04-23T00:59:06.000000;00f44e0c-f927-490f-98d3-20e9871eca64;448.57;0.01517209;UNKNOWN
2016-04-23T00:59:06.000000;2016-04-23T00:59:06.000000;8f352dcd-80c3-4f41-bd58-c0ba86382970;448.58;0.03775362;UNKNOWN
2016-04-23T00:59:06.000000;2016-04-23T00:59:06.000000;92285e29-b4bb-4620-ad0b-aad3424a1e19;448.57;0.15636765;UNKNOWN
2016-04-23T00:59:52.000000;2016-04-23T00:59:52.000000;cb4fdede-736c-445d-bb60-bb0d34f50284;448.8;0.04436172;UNKNOWN
2016-04-23T01:00:28.000000;2016-04-23T01:00:28.000000;93709b10-2c68-43ca-bac1-43506d174da8;448.79;0.01070637;UNKNOWN
2016-04-23T01:00:28.000000;2016-04-23T01:00:28.000000;7bcd653b-3bfb-45c7-874c-e529dd414a91;448.79;0.08208221;UNKNOWN
2016-04-23T01:00:28.000000;2016-04-23T01:00:28.000000;8da9ace2-ac55-431e-9449-14f5202e88af;448.79;0.4029241;UNKNOWN
2016-04-23T01:00:29.000000;2016-04-23T01:00:29.000000;db84de43-e2ad-45cd-b92d-4597ad899648;448.79;0.29408732;UNKNOWN
2016-04-23T01:00:30.000000;2016-04-23T01:00:30.000000;5925ce64-4b7b-4901-a605-8701924ea741;448.8;0.09738416;UNKNOWN
2016-04-23T01:00:30.000000;2016-04-23T01:00:30.000000;d0f4f611-77d7-442a-8e9c-920d25c39462;448.8;0.05255531;UNKNOWN
2016-04-23T01:00:30.000000;2016-04-23T01:00:30.000000;8e2170ec-8eb3-46c2-871f-11f1ebdf3e65;448.8;0.01070637;UNKNOWN
2016-04-23T01:00:30.000000;2016-04-23T01:00:30.000000;d9d076e0-abdb-44d7-860c-67e6ce5575a1;448.8;0.01270228;UNKNOWN
2016-04-23T01:00:46.000000;2016-04-23T01:00:46.000000;5e7a3624-f2dc-422b-8a02-bfc4717a8389;448.8;0.97099199;UNKNOWN
2016-04-23T01:00:47.000000;2016-04-23T01:00:47.000000;7be7e052-a113-4b33-ad5a-b84359e7bde8;448.8;0.02640871;UNKNOWN
2016-04-23T01:00:48.000000;2016-04-23T01:00:48.000000;2ef89d25-6737-41a0-9dcb-2ca514b42da1;448.8;0.02643893;UNKNOWN
2016-04-23T01:00:51.000000;2016-04-23T01:00:51.000000;46d2daf4-24d5-4931-be29-a5e24e300ff0;448.8;0.02643893;UNKNOWN
2016-04-23T01:00:53.000000;2016-04-23T01:00:53.000000;38e55587-3cce-4423-a96f-7d1c74845e44;448.8;0.03685453;UNKNOWN
2016-04-23T01:00:55.000000;2016-04-23T01:00:55.000000;173cccc6-8bc0-4c67-844a-c03631a83865;448.8;0.18657375;UNKNOWN
2016-04-23T01:00:59.000000;2016-04-23T01:00:59.000000;e5fbd9b6-a2c1-4781-b0d8-9488aeb7b2dd;448.8;0.1342058;UNKNOWN
2016-04-23T01:01:07.000000;2016-04-23T01:01:07.000000;96c59d01-fb92-478a-87aa-cc6cea07758b;448.8;0.03915483;UNKNOWN
2016-04-23T01:01:15.000000;2016-04-23T01:01:15.000000;7ebf7e3d-5fd2-4c04-bfac-1fe9b9b0d634;448.8;0.0177174;UNKNOWN
2016-04-23T01:01:16.000000;2016-04-23T01:01:16.000000;b92aa8e5-4152-420b-94c2-2c817af35ac0;448.8;0.0177174;UNKNOWN
2016-04-23T01:01:23.000000;2016-04-23T01:01:23.000000;ef22aa07-03fe-44b9-92c9-90d35034e0d6;448.8;0.9071984;UNKNOWN
2016-04-23T01:01:24.000000;2016-04-23T01:01:24.000000;60048392-1b93-44d5-a428-ce131cacb331;448.8;0.35826554;UNKNOWN
2016-04-23T01:01:24.000000;2016-04-23T01:01:24.000000;cf5fc2ae-7b65-4dfe-87b7-290aca03e07a;448.8;0.01243452;UNKNOWN
2016-04-23T01:01:25.000000;2016-04-23T01:01:25.000000;bc2bbe28-a700-4f62-8d4d-c5e3dc248854;448.8;0.02923527;UNKNOWN
2016-04-23T01:01:25.000000;2016-04-23T01:01:25.000000;5ba0b3e1-f82d-4e20-92cc-d109c626b004;448.8;0.01247139;UNKNOWN
2016-04-23T01:01:25.000000;2016-04-23T01:01:25.000000;9e909fa4-48e5-481c-ae89-ca08de266134;448.8;0.72676954;UNKNOWN
2016-04-23T01:01:26.000000;2016-04-23T01:01:26.000000;4f8b96fc-38df-428b-b7f3-59498055cb01;448.8;0.02134132;UNKNOWN
2016-04-23T01:01:26.000000;2016-04-23T01:01:26.000000;30f5ebf7-36b3-489d-82a6-0da961d60fd2;448.8;0.01838569;UNKNOWN
2016-04-23T01:01:27.000000;2016-04-23T01:01:27.000000;e80e35c1-e7a4-4cd5-832a-67fe283f823b;448.8;0.35687475;UNKNOWN
2016-04-23T01:01:29.000000;2016-04-23T01:01:29.000000;d7ae2432-9cd5-4833-9b36-b0889c03a0a5;448.8;0.28945191;UNKNOWN
2016-04-23T01:01:29.000000;2016-04-23T01:01:29.000000;ee5867bd-3a39-486c-b929-d5ac5f95d508;448.8;0.02686451;UNKNOWN
2016-04-23T01:01:33.000000;2016-04-23T01:01:33.000000;c6b289c9-cff6-4904-a764-a268917e5cd3;448.8;0.02124416;UNKNOWN
2016-04-23T01:01:34.000000;2016-04-23T01:01:34.000000;46bd95e3-7fee-4e0f-96e5-8c18887189d4;448.8;0.02124416;UNKNOWN
2016-04-23T01:01:34.000000;2016-04-23T01:01:34.000000;0b0d6472-86d7-47b8-837f-54be963e0aae;448.8;0.02124416;UNKNOWN
2016-04-23T01:01:36.000000;2016-04-23T01:01:36.000000;2d4efbcd-f3c3-412e-b508-36840241b7b3;448.8;0.02124416;UNKNOWN
2016-04-23T01:02:09.000000;2016-04-23T01:02:09.000000;7142b37a-272e-4bc1-833e-69e725cf8218;448.8;0.02144997;UNKNOWN
2016-04-23T01:02:16.000000;2016-04-23T01:02:16.000000;0718b70a-2020-4d6b-be42-9284639a8ae8;448.79;0.15188308;UNKNOWN
2016-04-23T01:02:20.000000;2016-04-23T01:02:20.000000;21f89bad-9fcf-46e6-954a-e44c908f8a56;448.8;0.01295089;UNKNOWN
2016-04-23T01:02:20.000000;2016-04-23T01:02:20.000000;84d8590c-dab1-473f-afb8-aed188e44585;448.8;0.09929021;UNKNOWN
2016-04-23T01:02:20.000000;2016-04-23T01:02:20.000000;1b7b0fea-f4a5-44db-9b09-376c210e23e5;448.8;0.0366313;UNKNOWN
2016-04-23T01:02:21.000000;2016-04-23T01:02:21.000000;ea5e127c-b3c0-4b01-aa5d-f64b6f088749;448.8;0.08774531;UNKNOWN
2016-04-23T01:02:21.000000;2016-04-23T01:02:21.000000;51ace0c4-f380-46a8-b741-54a9717a14e9;448.8;0.01144504;UNKNOWN
2016-04-23T01:02:28.000000;2016-04-23T01:02:28.000000;6d9081dd-e0d6-47f5-abd5-22ad63a27ccc;448.8;0.02279997;UNKNOWN
2016-04-23T01:02:29.000000;2016-04-23T01:02:29.000000;fd399103-ba32-4a08-931f-094b16cfc3e2;448.8;0.02087204;UNKNOWN
2016-04-23T01:02:46.000000;2016-04-23T01:02:46.000000;be9426e4-98d3-4deb-8d7b-69a5ff90bc35;448.79;0.060284;UNKNOWN
2016-04-23T01:02:46.000000;2016-04-23T01:02:46.000000;dc2b493a-46c5-463c-b591-bb5c1750772a;448.79;0.24968692;UNKNOWN
2016-04-23T01:02:47.000000;2016-04-23T01:02:47.000000;ce5df367-6ed7-48df-9860-315642b4b242;448.8;1.3536;UNKNOWN
2016-04-23T01:02:57.000000;2016-04-23T01:02:57.000000;c472c41d-3b7e-4253-b8ef-4fdedaaf1e24;448.79;0.81422145;UNKNOWN
2016-04-23T01:02:58.000000;2016-04-23T01:02:58.000000;b9d3ef3f-ac0e-4959-a957-a5d3b45db245;448.79;0.21871644;UNKNOWN
2016-04-23T01:02:59.000000;2016-04-23T01:02:59.000000;82bea5a6-06a8-4f58-8a55-36682ff9a942;448.79;0.59604409;UNKNOWN
2016-04-23T01:03:00.000000;2016-04-23T01:03:00.000000;c9486809-ba92-4a17-b916-fe93d9d28390;448.79;0.21870241;UNKNOWN
2016-04-23T01:03:01.000000;2016-04-23T01:03:01.000000;42e643af-c2c7-4f9a-a9ca-100e152f9159;448.79;0.21885772;UNKNOWN
2016-04-23T01:03:02.000000;2016-04-23T01:03:02.000000;f4a8d071-40db-40a9-8f11-9c9b6a71316c;448.79;0.28667836;UNKNOWN
2016-04-23T01:03:26.000000;2016-04-23T01:03:26.000000;b1c4ab6a-dfc5-4081-80a6-115f2961e1ca;448.57;0.01127345;UNKNOWN
2016-04-23T01:03:26.000000;2016-04-23T01:03:26.000000;15006fad-628c-40c9-a9c9-0bfefa8ea29c;448.57;0.0109942;UNKNOWN
2016-04-23T01:03:26.000000;2016-04-23T01:03:26.000000;6e3e4818-7070-4245-b23d-eeee4843fe27;448.57;0.0109942;UNKNOWN
2016-04-23T01:03:26.000000;2016-04-23T01:03:26.000000;703049ab-d328-4a49-914a-9b180c5c4c69;448.57;0.01329423;UNKNOWN
2016-04-23T01:03:26.000000;2016-04-23T01:03:26.000000;c515b460-d6d3-4021-b8f3-c2e23eca951b;448.57;0.81673848;UNKNOWN
2016-04-23T01:03:27.000000;2016-04-23T01:03:27.000000;1b6ace8d-4440-4f2e-bbd2-4e3d0c1dbdf2;448.57;0.21922646;UNKNOWN
2016-04-23T01:03:28.000000;2016-04-23T01:03:28.000000;db0187bb-9b54-459e-8391-db82c3a104ee;448.57;0.01295876;UNKNOWN
2016-04-23T01:03:28.000000;2016-04-23T01:03:28.000000;5f6e09b1-0460-4f61-a87b-e4616290b67a;448.57;0.01097106;UNKNOWN
2016-04-23T01:03:29.000000;2016-04-23T01:03:29.000000;d7d8514a-49a8-4722-82e6-9e1558802b0f;448.57;0.02248733;UNKNOWN
2016-04-23T01:03:29.000000;2016-04-23T01:03:29.000000;4d4bedf7-d4b5-4a51-bd20-8d712c9b0359;448.57;0.01192414;UNKNOWN
2016-04-23T01:04:08.000000;2016-04-23T01:04:08.000000;c6a3f86f-af17-4f20-a0f9-10130421db22;448.55;0.02445566;UNKNOWN
2016-04-23T01:04:08.000000;2016-04-23T01:04:08.000000;7e97ea98-418a-4e26-827b-2ad4334d291d;448.55;0.09485657;UNKNOWN
2016-04-23T01:04:08.000000;2016-04-23T01:04:08.000000;fd37eb3f-8b2f-481e-968c-997a62e162cc;448.55;0.0134111;UNKNOWN
2016-04-23T01:04:29.000000;2016-04-23T01:04:29.000000;ec7e6bb8-4f6b-43f2-b28d-5de673a4af58;448.55;0.02713127;UNKNOWN
2016-04-23T01:04:29.000000;2016-04-23T01:04:29.000000;73cc9153-70f5-40ed-9e2d-dbafb266c05f;448.55;0.03882821;UNKNOWN
2016-04-23T01:04:29.000000;2016-04-23T01:04:29.000000;6467023b-d032-4e41-ad49-5480435d141a;448.55;0.06369951;UNKNOWN
2016-04-23T01:04:32.000000;2016-04-23T01:04:32.000000;e1153483-ea36-4fa7-a8f9-ed7bdbd77826;448.55;0.07615558;UNKNOWN
2016-04-23T01:04:32.000000;2016-04-23T01:04:32.000000;08bf38cd-d098-4869-9274-c5078f62e5b5;448.55;0.01643557;UNKNOWN
2016-04-23T01:04:33.000000;2016-04-23T01:04:33.000000;2ce65fa8-9828-414d-9fad-fdb8d84a3e6c;448.55;0.02850015;UNKNOWN
2016-04-23T01:04:34.000000;2016-04-23T01:04:34.000000;8605442b-402f-42d8-8915-5a0b70eea579;448.55;0.04067127;UNKNOWN
2016-04-23T01:04:34.000000;2016-04-23T01:04:34.000000;0e2574fb-882b-485b-b113-78358e96c06e;448.55;0.01789026;UNKNOWN
2016-04-23T01:04:35.000000;2016-04-23T01:04:35.000000;d325efd9-807c-458a-8635-fdb10a00f958;448.55;0.01483562;UNKNOWN
2016-04-23T01:04:35.000000;2016-04-23T01:04:35.000000;210a3081-c1a6-433c-b8bf-62267c84bb7a;448.55;0.02854584;UNKNOWN
2016-04-23T01:04:36.000000;2016-04-23T01:04:36.000000;37a2fddc-723a-4109-855c-426f3434e9e4;448.55;0.02854584;UNKNOWN
2016-04-23T01:04:37.000000;2016-04-23T01:04:37.000000;91d374c5-ee2f-4bfe-898a-a1ae7ddfe28e;448.55;0.02846117;UNKNOWN
2016-04-23T01:04:37.000000;2016-04-23T01:04:37.000000;8d0985dd-8d9f-438d-9c13-051ca56c4396;448.55;0.02854584;UNKNOWN
2016-04-23T01:04:39.000000;2016-04-23T01:04:39.000000;ac3e8c15-4149-468b-a890-d1902aba7301;448.55;0.04075554;UNKNOWN
2016-04-23T01:04:41.000000;2016-04-23T01:04:41.000000;5c5cc667-bf88-4dd8-bfd4-a191c31ae31c;448.55;0.05772217;UNKNOWN
2016-04-23T01:04:42.000000;2016-04-23T01:04:42.000000;659bc7d4-7b00-45bd-8b41-9b5a751abf28;448.55;0.01696515;UNKNOWN
2016-04-23T01:04:43.000000;2016-04-23T01:04:43.000000;4040c241-b99f-4ac9-89e2-3cf324608a37;448.55;0.04455471;UNKNOWN
2016-04-23T01:04:45.000000;2016-04-23T01:04:45.000000;b5ef5006-3e14-4358-bd71-db82875982b8;448.55;0.0117747;UNKNOWN
2016-04-23T01:04:47.000000;2016-04-23T01:04:47.000000;5710a17c-72da-4675-bdfd-8e530d69eb1a;448.55;0.02149388;UNKNOWN
2016-04-23T01:04:47.000000;2016-04-23T01:04:47.000000;431555cd-9918-4f52-80fe-999cac74bd4e;448.55;0.01857567;UNKNOWN
2016-04-23T01:04:48.000000;2016-04-23T01:04:48.000000;81d2e165-fed5-4253-b9ac-c3b9b3bcf4f9;448.55;0.0375379;UNKNOWN
2016-04-23T01:04:49.000000;2016-04-23T01:04:49.000000;f08dcab1-2165-430a-8d28-2524e66b5026;448.55;0.04668215;UNKNOWN
2016-04-23T01:04:49.000000;2016-04-23T01:04:49.000000;794bb1ff-4c64-418f-94cd-dacf616c8d88;448.55;0.03266215;UNKNOWN
2016-04-23T01:04:50.000000;2016-04-23T01:04:50.000000;8e5985f3-e245-4f4e-b419-7b888540ec90;448.55;0.02069124;UNKNOWN
2016-04-23T01:04:50.000000;2016-04-23T01:04:50.000000;a62449a4-2cea-43e2-92bc-192341dc9561;448.55;0.01269856;UNKNOWN
2016-04-23T01:04:51.000000;2016-04-23T01:04:51.000000;19e52766-e912-4e25-8ad0-fc8b4cde5a6c;448.55;0.02531083;UNKNOWN
2016-04-23T01:04:52.000000;2016-04-23T01:04:52.000000;cf24e96d-ba9e-470c-8bd6-675132cee807;448.55;0.01579399;UNKNOWN
2016-04-23T01:04:53.000000;2016-04-23T01:04:53.000000;e3356064-b63b-428a-8cc7-69c7f6998602;448.55;0.01143024;UNKNOWN
2016-04-23T01:04:53.000000;2016-04-23T01:04:53.000000;518577ea-e50a-4cf2-b3c0-6b053c7807c9;448.55;0.01271381;UNKNOWN
2016-04-23T01:04:53.000000;2016-04-23T01:04:53.000000;3cd94778-6aa8-4be2-b9ad-af8b0fd66b2f;448.55;0.01271381;UNKNOWN
2016-04-23T01:04:54.000000;2016-04-23T01:04:54.000000;5f44ebbc-177c-4d0c-917a-8346da00a4c5;448.55;0.01068469;UNKNOWN
2016-04-23T01:04:54.000000;2016-04-23T01:04:54.000000;0a7f9e1d-a5b7-4cf1-9ca5-d53084f2dc16;448.55;0.01761112;UNKNOWN
2016-04-23T01:04:54.000000;2016-04-23T01:04:54.000000;e9ac002a-c285-4966-837a-07c1e3a4fc66;448.55;0.01761112;UNKNOWN
2016-04-23T01:04:55.000000;2016-04-23T01:04:55.000000;05c7b9cd-3ca9-464b-95db-d4899b64eb9d;448.55;0.03049467;UNKNOWN
2016-04-23T01:04:56.000000;2016-04-23T01:04:56.000000;3c59a7cc-5671-4dbd-964f-f3ad4f285cb9;448.55;0.01271891;UNKNOWN
2016-04-23T01:04:57.000000;2016-04-23T01:04:57.000000;2ffd6f01-9dfb-4a95-b25c-74b9c57b8022;448.55;0.04588933;UNKNOWN
2016-04-23T01:04:59.000000;2016-04-23T01:04:59.000000;f781b956-4053-4c59-a3e9-180301b0fecd;448.55;0.01017306;UNKNOWN
2016-04-23T01:05:06.000000;2016-04-23T01:05:06.000000;d06c8bc3-2cab-4a8d-8e27-cb4962abc6ea;448.54;0.04632531;UNKNOWN
2016-04-23T01:05:28.000000;2016-04-23T01:05:28.000000;94a87e27-5471-4b2d-b8ef-56dd50194764;448.54;0.01397469;UNKNOWN
2016-04-23T01:05:28.000000;2016-04-23T01:05:28.000000;16185347-5767-4cd5-bacf-be4c7a91a148;448.53;0.03070278;UNKNOWN
2016-04-23T01:05:55.000000;2016-04-23T01:05:55.000000;17b2d9af-dd47-41e8-b06b-e80b9748ba21;448.52;1.5;UNKNOWN
2016-04-23T01:05:59.000000;2016-04-23T01:05:59.000000;5e438c6a-ab5a-408b-880c-c30fb2b211a8;448.52;0.0361575;UNKNOWN
2016-04-23T01:06:01.000000;2016-04-23T01:06:01.000000;d55efb1f-1eb0-4bbf-b253-f19cf117697c;448.52;0.19230461;UNKNOWN
2016-04-23T01:06:03.000000;2016-04-23T01:06:03.000000;752fb1fa-c11f-441d-bf0a-1e2692e9e473;448.52;0.84109019;UNKNOWN
2016-04-23T01:06:04.000000;2016-04-23T01:06:04.000000;0fe623a8-68dd-4ff3-802d-70d48540fba2;448.52;0.41290467;UNKNOWN
2016-04-23T01:06:04.000000;2016-04-23T01:06:04.000000;8002af22-3491-4880-989f-70aab52c8a11;448.52;0.03670542;UNKNOWN
2016-04-23T01:06:04.000000;2016-04-23T01:06:04.000000;69043c36-c9f5-46eb-99e9-9b357e0a9f1e;448.52;0.05385713;UNKNOWN
2016-04-23T01:06:05.000000;2016-04-23T01:06:05.000000;0b8427db-3347-42cc-9d49-96430835d463;448.52;0.01758547;UNKNOWN
2016-04-23T01:06:39.000000;2016-04-23T01:06:39.000000;0d799261-7c97-47f4-8f08-962dcf38ef15;448.51;0.05;UNKNOWN
2016-04-23T01:07:44.000000;2016-04-23T01:07:44.000000;0a15cee4-ee4a-4d4d-9d37-dbb4777536ef;448.51;0.05585181;UNKNOWN
2016-04-23T01:10:42.000000;2016-04-23T01:10:42.000000;d0dcfe9b-64d4-4047-b52d-2177372b66cd;448.52;0.02092019;UNKNOWN
2016-04-23T01:10:42.000000;2016-04-23T01:10:42.000000;10cf3f4b-07c5-40e5-b7ab-b582c00ae83a;448.52;0.02092019;UNKNOWN
2016-04-23T01:10:43.000000;2016-04-23T01:10:43.000000;2fb861e0-8a58-4cf4-8eea-5c2fb489c3dc;448.52;0.02092019;UNKNOWN
2016-04-23T01:10:44.000000;2016-04-23T01:10:44.000000;58e28585-070f-4d67-bea2-0530f4f55e6c;448.52;0.02092019;UNKNOWN
2016-04-23T01:11:04.000000;2016-04-23T01:11:04.000000;e29b9114-57da-4e53-b453-36efec8680a3;448.49;0.09446759;UNKNOWN
2016-04-23T01:11:04.000000;2016-04-23T01:11:04.000000;3f6c5d25-28d1-4773-b118-6cff93902315;448.51;0.09414819;UNKNOWN
2016-04-23T01:11:18.000000;2016-04-23T01:11:18.000000;85ea8d85-5f36-4cba-b38f-8f14b4702dfa;448.42;0.223;UNKNOWN
2016-04-23T01:12:10.000000;2016-04-23T01:12:10.000000;cca4a663-6722-42c4-b09a-84aa5959a166;448.42;0.2;UNKNOWN
2016-04-23T01:12:29.000000;2016-04-23T01:12:29.000000;15b9068f-9c38-47e1-9517-163893cb8c70;448.41;0.0437;UNKNOWN
2016-04-23T01:13:55.000000;2016-04-23T01:13:55.000000;b55dbdd6-914b-4852-9fb5-dd966a5bd100;448.24;0.05;UNKNOWN
2016-04-23T01:15:05.000000;2016-04-23T01:15:05.000000;d8887b2c-78a0-4066-ba5f-7f5df4147c36;448.1;0.52844265;UNKNOWN
2016-04-23T01:15:05.000000;2016-04-23T01:15:05.000000;258b95d1-d88f-4bf1-80e9-4f5fac653dfe;448.13;0.53;UNKNOWN
2016-04-23T01:15:05.000000;2016-04-23T01:15:05.000000;54cefb3d-1b4c-4044-a487-4400c2059dc7;448.13;4.26411956;UNKNOWN
2016-04-23T01:15:05.000000;2016-04-23T01:15:05.000000;0a9d2d23-d9c1-40b5-8436-ea4a2646b4d9;448.13;4.26443779;UNKNOWN
2016-04-23T01:15:05.000000;2016-04-23T01:15:05.000000;2449c659-6e0a-4a77-a1ff-c1d3e2e0df47;448.12;0.223;UNKNOWN
2016-04-23T01:15:05.000000;2016-04-23T01:15:05.000000;a2364394-db31-4c4b-8286-3fc7f49ab6db;448.1;0.19;UNKNOWN
2016-04-23T01:15:24.000000;2016-04-23T01:15:24.000000;899531fd-9a02-4157-bb1d-33ab114dcc22;448.1;0.056;UNKNOWN
2016-04-23T01:15:59.000000;2016-04-23T01:15:59.000000;fdfacd86-4cf4-499e-abd1-e32ebdcb5cc1;448.02;0.01;UNKNOWN
2016-04-23T01:16:04.000000;2016-04-23T01:16:04.000000;68e4cec4-0dfe-4c9c-b03c-7b219a7de1a8;448.03;0.1;UNKNOWN
2016-04-23T01:16:05.000000;2016-04-23T01:16:05.000000;83a89a5e-f6de-499b-8265-772457a73b9f;448.02;0.01;UNKNOWN
2016-04-23T01:16:15.000000;2016-04-23T01:16:15.000000;c70cafd3-117e-44a5-921b-d50753a13f2f;448.02;0.01179318;UNKNOWN
2016-04-23T01:18:48.000000;2016-04-23T01:18:48.000000;57f01b8c-4c07-43f8-8d1f-33aa8a05047f;448.02;0.72668942;UNKNOWN
2016-04-23T01:20:31.000000;2016-04-23T01:20:31.000000;54d4b917-4935-4ab3-b267-98959e4357fd;448.03;0.4305;UNKNOWN
2016-04-23T01:24:16.000000;2016-04-23T01:24:16.000000;61388be4-2051-4d35-8b8f-d2ba53d400ec;448.02;0.1677387;UNKNOWN
2016-04-23T01:25:55.000000;2016-04-23T01:25:55.000000;5dfe5eff-85b9-430c-97d8-a506a0f727f2;448.03;0.01137874;UNKNOWN
2016-04-23T01:26:19.000000;2016-04-23T01:26:19.000000;3445a370-2256-4d69-9df8-3929ce77e5bc;448.03;0.71213736;UNKNOWN
2016-04-23T01:26:24.000000;2016-04-23T01:26:24.000000;ddf755e8-bb8f-4055-940e-c4da0f21fc98;448.03;0.11566584;UNKNOWN
2016-04-23T01:28:27.000000;2016-04-23T01:28:27.000000;0af49371-422c-4771-a1e8-bfddac94c7ae;448.03;5.9026;UNKNOWN
2016-04-23T01:29:18.000000;2016-04-23T01:29:18.000000;d34180e6-e461-43c1-8888-da1df10cc13b;448.03;0.03720348;UNKNOWN
2016-04-23T01:30:27.000000;2016-04-23T01:30:27.000000;5a501c0e-ed60-4ac4-a4a2-b2fe1440de85;448.03;0.02219978;UNKNOWN
2016-04-23T01:32:03.000000;2016-04-23T01:32:03.000000;6f4f6abe-064a-4d87-b17c-4c53a1a3ca70;448.03;0.03337;UNKNOWN
2016-04-23T01:33:03.000000;2016-04-23T01:33:03.000000;3a19915b-a1ad-4e6b-a3d9-d0a6f17419a7;448.03;0.01669;UNKNOWN
2016-04-23T01:33:10.000000;2016-04-23T01:33:10.000000;f66dd624-a7b6-4ebd-90d7-962633514633;448.03;0.056;UNKNOWN
2016-04-23T01:34:04.000000;2016-04-23T01:34:04.000000;00f07827-34f0-4a37-b8a0-355a856d5869;448.02;0.07228857;UNKNOWN
2016-04-23T01:34:05.000000;2016-04-23T01:34:05.000000;4a841f7c-2c09-4c43-b7ad-67e688790e9f;448.02;4.26334694;UNKNOWN
2016-04-23T01:34:05.000000;2016-04-23T01:34:05.000000;b74d45c9-9b35-40f5-ad19-54445df68ae8;448.02;5.67769013;UNKNOWN
2016-04-23T01:34:05.000000;2016-04-23T01:34:05.000000;a2d96fa0-0e99-4da3-be2d-5193153fdf81;448.02;0.05896293;UNKNOWN
2016-04-23T01:35:04.000000;2016-04-23T01:35:04.000000;3bcc49ab-5002-48c2-bede-c56ad0a90ab3;448.02;4.20438401;UNKNOWN
2016-04-23T01:35:04.000000;2016-04-23T01:35:04.000000;e0508950-caf3-48de-81a6-b504966f894f;448.02;1.25517673;UNKNOWN
2016-04-23T01:38:14.000000;2016-04-23T01:38:14.000000;3fd63ffa-0f8a-45bc-8b01-5bf9b04cc8bf;448.03;12.3958;UNKNOWN
2016-04-23T01:40:08.000000;2016-04-23T01:40:08.000000;47c22f92-f5e7-443e-95f2-44276e65e7aa;448.02;0.08828389;UNKNOWN
2016-04-23T01:41:52.000000;2016-04-23T01:41:52.000000;8b92b178-f0b4-4725-bf47-cb4a7116dddf;448.03;10.0;UNKNOWN
2016-04-23T01:43:44.000000;2016-04-23T01:43:44.000000;71cef302-c453-4ea9-b67f-5af8e83aba15;448.02;0.02236516;UNKNOWN
2016-04-23T01:44:07.000000;2016-04-23T01:44:07.000000;27c9437a-9dc3-4edc-9251-dad05e8e3e02;448.02;0.02414688;UNKNOWN
2016-04-23T01:45:31.000000;2016-04-23T01:45:31.000000;cf4f409c-8c82-4129-9a34-355596004390;448.03;0.37597092;UNKNOWN
2016-04-23T01:46:46.000000;2016-04-23T01:46:46.000000;b886d977-74d4-40ef-bdc8-3568ce2abbd7;448.02;0.25;UNKNOWN
2016-04-23T01:50:08.000000;2016-04-23T01:50:08.000000;c9600510-3e37-495b-ba29-d8bdffd705f4;448.02;0.05515776;UNKNOWN
2016-04-23T01:50:09.000000;2016-04-23T01:50:09.000000;4316adf9-3fe0-4f67-adbc-ca485851d8c0;448.02;0.0220631;UNKNOWN
2016-04-23T01:50:09.000000;2016-04-23T01:50:09.000000;b50904cc-86c7-466a-9445-531d0f1b4be2;448.02;0.05118754;UNKNOWN
2016-04-23T01:51:08.000000;2016-04-23T01:51:08.000000;1c75002d-9553-4dff-8b50-8e5c4ebf34c1;448.02;23.5391;UNKNOWN
2016-04-23T01:51:08.000000;2016-04-23T01:51:08.000000;db075cfa-7cb8-4197-aa7d-45b68cb51860;448.02;4.26198417;UNKNOWN
2016-04-23T01:51:08.000000;2016-04-23T01:51:08.000000;0d7ac352-9472-4051-9ac6-fe50cca25ae8;448.02;4.26239291;UNKNOWN
2016-04-23T01:51:08.000000;2016-04-23T01:51:08.000000;69554103-1dd9-4cc0-bcdc-179528a14278;448.02;4.2614847;UNKNOWN
2016-04-23T01:51:08.000000;2016-04-23T01:51:08.000000;8f6d92da-215e-46c7-ac40-bb09f273ddad;448.02;6.27904472;UNKNOWN
2016-04-23T01:51:08.000000;2016-04-23T01:51:08.000000;f7fdd92f-311f-4e8e-8d00-bd473aaade1f;448.02;4.26171172;UNKNOWN
2016-04-23T01:51:08.000000;2016-04-23T01:51:08.000000;412ebc7c-680f-4d8f-b5dd-7f3784b9da0a;448.02;4.2605315;UNKNOWN
2016-04-23T01:51:13.000000;2016-04-23T01:51:13.000000;211049ae-376d-4485-8c05-9c8320223d9b;448.03;0.060306;UNKNOWN
2016-04-23T01:51:34.000000;2016-04-23T01:51:34.000000;7f368372-a5dd-46de-ada4-2be6bd8504a4;448.0;4.26202958;UNKNOWN
2016-04-23T01:51:34.000000;2016-04-23T01:51:34.000000;a2351ae2-0510-4529-89ac-9ee1c8943aee;448.0;0.02;UNKNOWN
2016-04-23T01:51:34.000000;2016-04-23T01:51:34.000000;cefcacfa-8528-4178-a475-433ec99ad2c0;448.01;0.168;UNKNOWN
2016-04-23T01:51:34.000000;2016-04-23T01:51:34.000000;423c7194-d728-4c58-878b-33c13e318ad2;448.0;0.056;UNKNOWN
2016-04-23T01:51:34.000000;2016-04-23T01:51:34.000000;fdd7a6cb-c071-418e-bc42-7cc38d748909;448.0;24.99;UNKNOWN
2016-04-23T01:51:34.000000;2016-04-23T01:51:34.000000;61c74ab0-b439-45ce-acbb-72e07e8fd5f1;448.01;12.49;UNKNOWN
2016-04-23T01:51:36.000000;2016-04-23T01:51:36.000000;cdb66c9c-0399-4937-8c56-e9f613a62008;448.0;0.897105;UNKNOWN
2016-04-23T01:52:34.000000;2016-04-23T01:52:34.000000;73b09c14-f4e0-4240-98e3-fb3021ac8d3b;448.0;0.02;UNKNOWN
2016-04-23T01:52:47.000000;2016-04-23T01:52:47.000000;9951b1d5-a98a-4f35-a3f8-1a63f0c1abb9;448.0;0.02;UNKNOWN
2016-04-23T01:52:58.000000;2016-04-23T01:52:58.000000;ba4bbb8e-8ffc-471b-8bbc-2b77c9082c0f;448.0;0.02;UNKNOWN
2016-04-23T01:53:42.000000;2016-04-23T01:53:42.000000;91ea5896-8d73-4610-978c-313f3deca705;447.99;0.4;UNKNOWN
2016-04-23T01:54:08.000000;2016-04-23T01:54:08.000000;a4aac6b6-6dc4-4398-b432-c2c74b013fc2;447.99;0.027886;UNKNOWN
2016-04-23T01:54:08.000000;2016-04-23T01:54:08.000000;43fe57a2-a4f7-4d4e-b6d1-d0f22c9fe559;447.99;0.0683941;UNKNOWN
2016-04-23T01:54:08.000000;2016-04-23T01:54:08.000000;7e856630-f0d3-4b45-8060-394f95356432;447.99;0.11031308;UNKNOWN
2016-04-23T01:55:28.000000;2016-04-23T01:55:28.000000;ccc5eb15-4bae-4ed7-a61a-3f628476ba79;447.99;0.2433738;UNKNOWN
2016-04-23T01:57:04.000000;2016-04-23T01:57:04.000000;47fdcf4e-6288-48ce-8cbd-bb75ad703759;447.9;0.056;UNKNOWN
2016-04-23T01:57:04.000000;2016-04-23T01:57:04.000000;6b474ada-e4ce-4bf9-b52d-34e30d8d52db;447.89;0.01524947;UNKNOWN
2016-04-23T01:57:04.000000;2016-04-23T01:57:04.000000;1c106102-d59d-424e-8e9b-0657fc1b2adb;447.99;0.02206261;UNKNOWN
2016-04-23T01:57:04.000000;2016-04-23T01:57:04.000000;83391dc4-9bb4-4128-9bde-d489c42ed231;447.99;0.07680241;UNKNOWN
2016-04-23T01:57:04.000000;2016-04-23T01:57:04.000000;b14f2b52-3f41-43fb-b2ca-a11e979df217;447.98;0.01;UNKNOWN
2016-04-23T01:58:28.000000;2016-04-23T01:58:28.000000;1d20ac0d-6d89-4e74-b178-a8378f8948c1;447.89;0.0438;UNKNOWN
2016-04-23T01:58:28.000000;2016-04-23T01:58:28.000000;fd7f153d-75dd-458a-ae07-f9fe1fce5694;447.89;0.0609;UNKNOWN
2016-04-23T01:58:28.000000;2016-04-23T01:58:28.000000;05eac2ec-8e03-4dd1-a723-b1245788754d;447.9;0.991355;UNKNOWN
2016-04-23T01:58:28.000000;2016-04-23T01:58:28.000000;1ff231cc-1566-4e18-b7fb-0d68691bdf0a;447.87;0.260358;UNKNOWN
2016-04-23T01:58:28.000000;2016-04-23T01:58:28.000000;db56616f-5e22-4a89-8135-f30efa068fce;447.72;0.02180227;UNKNOWN
2016-04-23T01:58:28.000000;2016-04-23T01:58:28.000000;f0c931de-85c5-4e87-ab68-2b30ad78b7f4;447.58;5.15624332;UNKNOWN
2016-04-23T01:58:28.000000;2016-04-23T01:58:28.000000;d3d65597-29ec-4e71-a78a-6cd2f69cc5e8;447.57;3.43564141;UNKNOWN
2016-04-23T01:58:28.000000;2016-04-23T01:58:28.000000;add68f25-4200-410e-bff7-badd7f4ba711;447.6;0.0299;UNKNOWN
2016-04-23T01:59:01.000000;2016-04-23T01:59:01.000000;23f51354-9055-48ba-9524-ff6bff6675b6;447.72;0.1002;UNKNOWN
2016-04-23T01:59:11.000000;2016-04-23T01:59:11.000000;f2c52b05-d862-4496-970d-2757dd4eb804;447.57;0.97231;UNKNOWN
2016-04-23T01:59:54.000000;2016-04-23T01:59:54.000000;d4c96c62-b6f6-48d6-9031-525bf7615697;447.56;0.222;UNKNOWN
2016-04-23T01:59:54.000000;2016-04-23T01:59:54.000000;72843251-fda5-4d73-be73-c0c07c0b6304;447.56;0.222;UNKNOWN
2016-04-23T01:59:54.000000;2016-04-23T01:59:54.000000;aae3e6f2-9f27-44b1-adf3-f97b5b0678d4;447.44;0.08716068;UNKNOWN
2016-04-23T01:59:54.000000;2016-04-23T01:59:54.000000;3954ffde-3113-4ed9-9921-83f66ed1850a;447.5;5.0;UNKNOWN
2016-04-23T01:59:54.000000;2016-04-23T01:59:54.000000;227a857a-4928-484c-9b37-edd3c846fc30;447.22;4.267044;UNKNOWN
2016-04-23T01:59:54.000000;2016-04-23T01:59:54.000000;8b2e66eb-3e5c-4b2c-845a-b0837e8fa3d9;447.51;6.6734;UNKNOWN
2016-04-23T01:59:54.000000;2016-04-23T01:59:54.000000;e4c3b89e-9aa7-400e-8fcb-669602c3349a;447.56;0.222;UNKNOWN
2016-04-23T01:59:54.000000;2016-04-23T01:59:54.000000;22cb89a4-b61d-4f21-8aef-defe2715ee84;447.56;0.222;UNKNOWN
2016-04-23T01:59:54.000000;2016-04-23T01:59:54.000000;bcaf834f-9653-4d7d-b838-9949f6826eb5;447.56;0.222;UNKNOWN
2016-04-23T01:59:54.000000;2016-04-23T01:59:54.000000;f721957f-d3bb-4ce1-a06b-12d75bc6004c;447.56;0.222;UNKNOWN
2016-04-23T01:59:54.000000;2016-04-23T01:59:54.000000;56f41cbc-179a-4b2c-94ca-137568633575;447.56;0.222;UNKNOWN
2016-04-23T01:59:54.000000;2016-04-23T01:59:54.000000;cf3186ad-54ca-4915-a9f3-82c1246b6fb6;447.56;0.222;UNKNOWN
2016-04-23T01:59:54.000000;2016-04-23T01:59:54.000000;f5333e52-4455-4cd8-b9d7-4d41f94e9cac;447.56;0.222;UNKNOWN
2016-04-23T01:59:54.000000;2016-04-23T01:59:54.000000;81cc19fe-430e-40fd-89d8-482093f37880;447.56;0.222;UNKNOWN
2016-04-23T01:59:54.000000;2016-04-23T01:59:54.000000;d49f091f-3cdc-46cc-9cdb-cc6e7182b4a1;447.56;0.222;UNKNOWN
2016-04-23T01:59:54.000000;2016-04-23T01:59:54.000000;34a0be20-417c-430f-88d4-f679b75090f7;447.56;0.222;UNKNOWN
2016-04-23T01:59:54.000000;2016-04-23T01:59:54.000000;a6db840e-d4a2-409b-844d-5aecef701c39;447.56;0.222;UNKNOWN
2016-04-23T01:59:54.000000;2016-04-23T01:59:54.000000;52785b5e-bacc-4458-a063-367180d80057;447.56;0.222;UNKNOWN
2016-04-23T01:59:54.000000;2016-04-23T01:59:54.000000;7fdc6171-fd5e-4224-97b5-4b24a702010e;447.56;0.222;UNKNOWN
2016-04-23T01:59:54.000000;2016-04-23T01:59:54.000000;d3ff6723-9ca7-4364-ab25-92f5422e4914;447.56;0.222;UNKNOWN
2016-04-23T01:59:54.000000;2016-04-23T01:59:54.000000;04262ac6-76d2-4ef4-8e3b-74afd5453007;447.56;0.222;UNKNOWN
2016-04-23T01:59:54.000000;2016-04-23T01:59:54.000000;7c8c9b32-403f-471b-b33f-5235d4d3f279;447.56;0.202;UNKNOWN
2016-04-23T01:59:54.000000;2016-04-23T01:59:54.000000;1dbbecb5-1bba-4eae-9fdd-8cf79a445961;447.56;0.222;UNKNOWN
2016-04-23T01:59:54.000000;2016-04-23T01:59:54.000000;6c22ab81-d8fa-458c-96cc-05d8b130ea98;447.56;0.222;UNKNOWN
2016-04-23T01:59:54.000000;2016-04-23T01:59:54.000000;04a04396-d970-4b02-87b9-3d56ca9a49f6;447.56;0.222;UNKNOWN
2016-04-23T01:59:54.000000;2016-04-23T01:59:54.000000;7ee478bf-68f2-4b64-b768-8e5b3207619b;447.56;0.222;UNKNOWN
2016-04-23T02:00:27.000000;2016-04-23T02:00:27.000000;6d130046-df87-42e9-bb2f-939807936093;447.38;0.0438;UNKNOWN
2016-04-23T02:00:27.000000;2016-04-23T02:00:27.000000;ce23b27d-8ea5-4eca-94bc-0bab98b0cf36;447.38;0.061;UNKNOWN
2016-04-23T02:01:05.000000;2016-04-23T02:01:05.000000;fa65388b-d6f4-4d4d-b45b-b79a876ab134;447.37;0.14378817;UNKNOWN
2016-04-23T02:01:06.000000;2016-04-23T02:01:06.000000;0e9b02ee-5ca3-43e6-8f66-efeb0f0600cf;447.37;0.14378817;UNKNOWN
2016-04-23T02:01:27.000000;2016-04-23T02:01:27.000000;94ba16ae-e59e-4c3b-90b2-1573453e526b;447.38;0.909052;UNKNOWN
2016-04-23T02:01:31.000000;2016-04-23T02:01:31.000000;97e6479a-5a1a-4a1b-bf4d-57c6c9686c58;447.37;0.222;UNKNOWN
2016-04-23T02:01:31.000000;2016-04-23T02:01:31.000000;e4d59d10-e8b4-4a5f-b5d8-bd379b0de124;447.37;0.222;UNKNOWN
2016-04-23T02:02:01.000000;2016-04-23T02:02:01.000000;bbb08a14-8eb6-47ff-a6a6-1e41d6e18603;447.3;0.02;UNKNOWN
2016-04-23T02:02:08.000000;2016-04-23T02:02:08.000000;07e8caef-8c11-42f1-9731-d4082a7e32ad;447.3;0.05388512;UNKNOWN
2016-04-23T02:02:11.000000;2016-04-23T02:02:11.000000;19f42de5-00c5-49a9-8a18-6723ab005690;447.3;0.02;UNKNOWN
2016-04-23T02:02:19.000000;2016-04-23T02:02:19.000000;e7cc2897-034b-415a-8cce-679ec25870df;447.27;0.02;UNKNOWN
2016-04-23T02:02:27.000000;2016-04-23T02:02:27.000000;668e7a4e-c96a-43dc-bf34-5de15100c9c3;447.27;0.02;UNKNOWN
2016-04-23T02:02:41.000000;2016-04-23T02:02:41.000000;2b6ed380-c6a7-448b-bf5e-9cff6e6cf683;447.23;0.02;UNKNOWN
2016-04-23T02:02:47.000000;2016-04-23T02:02:47.000000;e0cb12a0-f934-47b9-b726-f5803db6eff8;447.23;0.02;UNKNOWN
2016-04-23T02:02:59.000000;2016-04-23T02:02:59.000000;a14728fe-1334-4cd4-82f6-ab9cd6609e36;447.23;0.02;UNKNOWN
2016-04-23T02:03:04.000000;2016-04-23T02:03:04.000000;19049450-f065-4d71-a29d-dc6a9c812dba;447.22;0.1141;UNKNOWN
2016-04-23T02:03:07.000000;2016-04-23T02:03:07.000000;e295a5bc-3cee-48eb-824e-614148f490cc;447.23;0.02;UNKNOWN
2016-04-23T02:03:25.000000;2016-04-23T02:03:25.000000;5c39f8d3-a87a-4d0f-91ad-cda5dca2bf66;447.23;0.02;UNKNOWN
2016-04-23T02:03:32.000000;2016-04-23T02:03:32.000000;6f40999d-1415-4c6e-999d-c09f336ae5c0;447.23;0.02;UNKNOWN
2016-04-23T02:03:39.000000;2016-04-23T02:03:39.000000;87063a42-3931-4721-82b5-5fc967d947ae;447.23;0.02;UNKNOWN
2016-04-23T02:03:53.000000;2016-04-23T02:03:53.000000;846cc6d7-86f0-41ed-b8c5-80fafe73f46e;447.23;0.02;UNKNOWN
2016-04-23T02:04:04.000000;2016-04-23T02:04:04.000000;6292f88f-a76a-4149-9abd-46a12a4604b9;447.23;0.02;UNKNOWN
2016-04-23T02:04:11.000000;2016-04-23T02:04:11.000000;275a02d5-c673-44fe-be10-3d9abe55fa11;447.23;0.02;UNKNOWN
2016-04-23T02:04:18.000000;2016-04-23T02:04:18.000000;5204a29c-c84d-4bf5-a737-62810e34d5b8;447.23;0.02;UNKNOWN
2016-04-23T02:04:26.000000;2016-04-23T02:04:26.000000;8e708962-dd0e-4725-9bf2-6f2dc3183e73;447.23;0.02;UNKNOWN
2016-04-23T02:04:32.000000;2016-04-23T02:04:32.000000;6fd516c9-eeb8-43e1-a75c-ba94ef5b973f;447.23;0.981046;UNKNOWN
2016-04-23T02:04:37.000000;2016-04-23T02:04:37.000000;aba56337-abe3-4496-9541-516107c5e111;447.23;0.981046;UNKNOWN
2016-04-23T02:04:38.000000;2016-04-23T02:04:38.000000;d3dd8db9-d55e-4d24-9d33-bc2d009826d4;447.23;0.02;UNKNOWN
2016-04-23T02:04:43.000000;2016-04-23T02:04:43.000000;453e1bbf-09f1-47f2-9401-a7eca89d4eb5;447.23;0.81180245;UNKNOWN
2016-04-23T02:04:49.000000;2016-04-23T02:04:49.000000;f06aa82c-3ce5-446a-a729-06f04ddf52e0;447.23;0.81180245;UNKNOWN
2016-04-23T02:05:01.000000;2016-04-23T02:05:01.000000;ea829074-daa7-4538-95cd-64d8ac6f1fed;447.22;6.6807;UNKNOWN
2016-04-23T02:06:00.000000;2016-04-23T02:06:00.000000;61da35a6-2ec8-4f22-8ba5-8a28ecdf2a08;447.21;0.01;UNKNOWN
2016-04-23T02:06:10.000000;2016-04-23T02:06:10.000000;519d3650-ebd2-41dd-9ff3-e523dc82d549;447.22;0.02;UNKNOWN
2016-04-23T02:06:15.000000;2016-04-23T02:06:15.000000;88bbc2a9-3c12-4c64-b9a8-9f19d48cdad5;447.21;0.01;UNKNOWN
2016-04-23T02:06:45.000000;2016-04-23T02:06:45.000000;afa3bd1f-0d2f-46b8-af05-2daf6209b948;447.21;0.100898;UNKNOWN
2016-04-23T02:06:45.000000;2016-04-23T02:06:45.000000;92330847-3597-4b56-8529-d8d84a7161b8;447.21;0.8121;UNKNOWN
2016-04-23T02:08:07.000000;2016-04-23T02:08:07.000000;002939d3-6bc8-4527-a3c2-bad403e27a8a;447.22;0.2;UNKNOWN
2016-04-23T02:09:32.000000;2016-04-23T02:09:32.000000;9159494d-5f9c-4fb1-a7ca-80acac148ad4;447.22;8.80791526;UNKNOWN
2016-04-23T02:09:51.000000;2016-04-23T02:09:51.000000;10e81105-ef04-4567-b0d5-50138a55e5ae;447.18;2.73799281;UNKNOWN
2016-04-23T02:09:51.000000;2016-04-23T02:09:51.000000;cf9a2850-2432-46f2-9d2f-0ce74f85d267;447.21;4.26200719;UNKNOWN
2016-04-23T02:09:59.000000;2016-04-23T02:09:59.000000;770a7e32-bbfb-4222-975b-deae14075b77;447.18;6.6679;UNKNOWN
2016-04-23T02:10:08.000000;2016-04-23T02:10:08.000000;f8c7d718-eebe-49eb-9fa4-9e3a69c63b4c;447.17;0.0330976;UNKNOWN
2016-04-23T02:10:38.000000;2016-04-23T02:10:38.000000;45a46973-a6ad-425c-9136-ae7ef435b215;447.17;0.48;UNKNOWN
2016-04-23T02:11:03.000000;2016-04-23T02:11:03.000000;efc64099-27be-42e4-9eb0-f29b66d774be;447.18;0.10100858;UNKNOWN
2016-04-23T02:11:16.000000;2016-04-23T02:11:16.000000;fd631617-a8db-4e7b-944d-d16fcf6e7a78;447.18;0.02275104;UNKNOWN
2016-04-23T02:12:00.000000;2016-04-23T02:12:00.000000;745c1989-1b40-45c2-be61-c47329587ab6;447.17;0.04481534;UNKNOWN
2016-04-23T02:12:08.000000;2016-04-23T02:12:08.000000;7c9697e6-f6d0-47ea-826f-6088e5062087;447.17;0.09746588;UNKNOWN
2016-04-23T02:14:08.000000;2016-04-23T02:14:08.000000;fcf5d565-ea10-48ce-9dc8-60bb95b4c256;447.17;0.766935;UNKNOWN
2016-04-23T02:14:16.000000;2016-04-23T02:14:16.000000;3f203925-bd56-4557-ab8b-6f2de3c0425b;447.17;0.1299645;UNKNOWN
2016-04-23T02:15:29.000000;2016-04-23T02:15:29.000000;d070772a-445a-46a8-92c5-4bbc478fa35a;447.18;0.501;UNKNOWN
2016-04-23T02:15:52.000000;2016-04-23T02:15:52.000000;b72476c0-c841-488b-bfa9-f2e9b5ffc436;447.18;0.501;UNKNOWN
2016-04-23T02:16:05.000000;2016-04-23T02:16:05.000000;325b69ff-2e66-4d4d-b917-a54ae3c00e1d;447.18;0.1;UNKNOWN
2016-04-23T02:16:05.000000;2016-04-23T02:16:05.000000;e71f1242-4742-4a4b-b05f-f561240f4cb7;447.18;0.01;UNKNOWN
2016-04-23T02:16:55.000000;2016-04-23T02:16:55.000000;f68bfac3-806d-4ba0-9de5-a2f5e2bb4c62;447.18;0.041;UNKNOWN
2016-04-23T02:18:05.000000;2016-04-23T02:18:05.000000;2cf5bdc6-7810-45d3-ba8f-b49fa4298fd4;447.17;0.3594;UNKNOWN
2016-04-23T02:19:04.000000;2016-04-23T02:19:04.000000;729c9b40-ca34-4aea-ae03-8494e95655cd;447.17;0.2238;UNKNOWN
2016-04-23T02:19:28.000000;2016-04-23T02:19:28.000000;a7e784c9-e310-4ead-8c01-9a692f55966a;447.17;1.12038365;UNKNOWN
2016-04-23T02:20:58.000000;2016-04-23T02:20:58.000000;7e09f999-da63-4080-afb0-849a1d3104a3;447.18;0.1;UNKNOWN
2016-04-23T02:24:24.000000;2016-04-23T02:24:24.000000;3e0f5a26-e31d-4bdc-bb41-dc05610a3bc6;447.17;0.2;UNKNOWN
2016-04-23T02:24:47.000000;2016-04-23T02:24:47.000000;a013cfbf-bc12-4686-b864-96603ef8c98a;447.18;0.5;UNKNOWN
2016-04-23T02:25:24.000000;2016-04-23T02:25:24.000000;1680751e-a074-4a8e-820b-ef05f8a92a22;447.18;1.0;UNKNOWN
2016-04-23T02:26:04.000000;2016-04-23T02:26:04.000000;31f99ca8-0627-4d0d-99b6-9f3d127309ce;447.18;0.01326;UNKNOWN
2016-04-23T02:26:28.000000;2016-04-23T02:26:28.000000;51ec1910-6597-425b-b477-579cdedb13b9;447.18;0.5;UNKNOWN
2016-04-23T02:27:27.000000;2016-04-23T02:27:27.000000;b3745e6d-a9e3-491a-b83a-c205d7dc4acf;447.18;0.501;UNKNOWN
2016-04-23T02:27:49.000000;2016-04-23T02:27:49.000000;9570f783-8ffa-49bf-979d-7e1abd74291c;447.18;0.4;UNKNOWN
2016-04-23T02:28:24.000000;2016-04-23T02:28:24.000000;51dbd6fa-6429-4973-b32d-4156c1ec4aa2;447.17;0.31558154;UNKNOWN
2016-04-23T02:28:24.000000;2016-04-23T02:28:24.000000;571579a8-6f44-454b-98c7-77be29c41f60;447.17;0.8944328;UNKNOWN
2016-04-23T02:30:08.000000;2016-04-23T02:30:08.000000;9e96fac0-d161-450a-b077-3c33197e59b0;447.17;0.226317;UNKNOWN
2016-04-23T02:31:30.000000;2016-04-23T02:31:30.000000;a6e9a6c6-8eab-4e35-be57-62996323d525;447.18;0.0491;UNKNOWN
2016-04-23T02:32:24.000000;2016-04-23T02:32:24.000000;aaa2d0ba-b2f3-42e5-bb9e-3c28001d2607;447.17;0.10083452;UNKNOWN
2016-04-23T02:33:14.000000;2016-04-23T02:33:14.000000;81b3f723-a362-44e1-899a-783aeb0bfb98;447.17;0.044411;UNKNOWN
2016-04-23T02:33:37.000000;2016-04-23T02:33:37.000000;26dcfae3-e0c7-4392-a264-aa2a3488fbad;447.17;0.22408;UNKNOWN
2016-04-23T02:33:43.000000;2016-04-23T02:33:43.000000;96bc9fd2-abbc-47cf-b9c6-1c07ba77ea2a;447.17;0.06498225;UNKNOWN
2016-04-23T02:33:57.000000;2016-04-23T02:33:57.000000;ab1d4b4b-8ff5-43dd-924d-418aa7fc68db;447.18;0.0444;UNKNOWN
2016-04-23T02:34:56.000000;2016-04-23T02:34:56.000000;17d5e635-585c-4b68-a702-d76691c53b53;447.17;0.07842685;UNKNOWN
2016-04-23T02:35:18.000000;2016-04-23T02:35:18.000000;03d519b5-733b-4eb2-9dc3-c661497a8b26;447.17;0.0443112;UNKNOWN
2016-04-23T02:38:08.000000;2016-04-23T02:38:08.000000;6720b412-022d-48e4-a428-e47e6a339ecd;447.17;0.14368221;UNKNOWN
2016-04-23T02:39:04.000000;2016-04-23T02:39:04.000000;4a8d46ef-7be4-4a93-8d46-9e84c71e901a;447.07;0.0438;UNKNOWN
2016-04-23T02:39:04.000000;2016-04-23T02:39:04.000000;8ecbf834-4ee6-4d39-ad94-df02d17f3a9a;447.0;0.15057783;UNKNOWN
2016-04-23T02:39:04.000000;2016-04-23T02:39:04.000000;37eebddd-5687-41a8-8ead-47f704f8b79a;447.07;0.061;UNKNOWN
2016-04-23T02:39:04.000000;2016-04-23T02:39:04.000000;c02ddeaa-9824-487a-8e51-1fe8f5217510;447.0;0.2;UNKNOWN
2016-04-23T02:39:04.000000;2016-04-23T02:39:04.000000;b6a83b0e-4616-4e4b-946a-639a1bb67ebd;447.1;0.2;UNKNOWN
2016-04-23T02:39:04.000000;2016-04-23T02:39:04.000000;ddf964cf-e9d8-40a0-83eb-6e6b2084bfc6;447.11;6.6761;UNKNOWN
2016-04-23T02:39:04.000000;2016-04-23T02:39:04.000000;7748d8fd-ac2d-44b1-9f74-11fcc44da2b3;447.17;3.17852217;UNKNOWN
2016-04-23T02:39:04.000000;2016-04-23T02:39:04.000000;2ebdae48-6029-482d-b688-739810d41a67;447.01;12.49;UNKNOWN
2016-04-23T02:39:04.000000;2016-04-23T02:39:04.000000;6e887716-0bdb-408d-b952-ef2872e3e8b9;447.1;5.0;UNKNOWN
2016-04-23T02:40:46.000000;2016-04-23T02:40:46.000000;78c2d03d-b4dc-4670-98eb-edd39f5de957;447.01;0.51;UNKNOWN
2016-04-23T02:42:20.000000;2016-04-23T02:42:20.000000;fac53f24-925f-485d-9097-03dd4b649756;447.0;0.25;UNKNOWN
2016-04-23T02:42:20.000000;2016-04-23T02:42:20.000000;456df151-3724-4c67-adaa-a698be41dbb9;446.98;1.67337783;UNKNOWN
2016-04-23T02:42:20.000000;2016-04-23T02:42:20.000000;eb7989fb-211a-429d-afe7-1d474fcf94cf;447.0;2.90862217;UNKNOWN
2016-04-23T02:42:20.000000;2016-04-23T02:42:20.000000;c3fb85f5-044a-4f7a-be57-3300c91a463a;446.99;0.168;UNKNOWN
2016-04-23T02:42:26.000000;2016-04-23T02:42:26.000000;90e8a2a5-bcde-48b0-9618-5ffe7484db44;446.98;0.224;UNKNOWN
2016-04-23T02:42:26.000000;2016-04-23T02:42:26.000000;01496f5e-9bf5-4f9c-b2f7-1d88c3c76fba;446.96;0.50537019;UNKNOWN
2016-04-23T02:42:26.000000;2016-04-23T02:42:26.000000;d11231b9-f1b5-4fba-9ea5-d2ee228f4f1f;446.97;4.27062981;UNKNOWN
2016-04-23T02:43:35.000000;2016-04-23T02:43:35.000000;cd4d543b-c945-4d63-a14d-f302cc6dc518;446.91;0.01751715;UNKNOWN
2016-04-23T02:43:40.000000;2016-04-23T02:43:40.000000;f1f3551b-4447-4190-9391-4a76f511a75a;446.91;0.01751715;UNKNOWN
2016-04-23T02:45:48.000000;2016-04-23T02:45:48.000000;869b1b17-7744-466d-90c3-6eaad126240a;446.87;0.168;UNKNOWN
2016-04-23T02:50:08.000000;2016-04-23T02:50:08.000000;117e3f76-3328-4966-943b-8cd4b06ae461;446.86;0.01911242;UNKNOWN
2016-04-23T02:50:56.000000;2016-04-23T02:50:56.000000;814ecaf9-3f3f-424b-86ff-76fd735a1b82;446.87;0.48964885;UNKNOWN
2016-04-23T02:50:56.000000;2016-04-23T02:50:56.000000;32086d8d-ddf1-4163-a39c-5f65d89ecbb3;446.87;0.06386724;UNKNOWN
2016-04-23T02:50:58.000000;2016-04-23T02:50:58.000000;5e2b91e0-a952-432f-a631-59d39edae798;446.87;0.04980648;UNKNOWN
2016-04-23T02:50:58.000000;2016-04-23T02:50:58.000000;a7c3c644-3a0e-4aa8-acae-d8ebd7ccb982;446.87;0.02953525;UNKNOWN
2016-04-23T02:50:58.000000;2016-04-23T02:50:58.000000;2b31208d-17d0-4eb0-9a4f-f8e805197c0b;446.87;0.22643696;UNKNOWN
2016-04-23T02:50:59.000000;2016-04-23T02:50:59.000000;8a29bd62-52ca-42ac-bfec-ec978801777f;446.87;0.02408983;UNKNOWN
2016-04-23T02:50:59.000000;2016-04-23T02:50:59.000000;921f7b3a-ab84-4ddd-b87b-7f41063ead77;446.87;0.18468869;UNKNOWN
2016-04-23T02:51:03.000000;2016-04-23T02:51:03.000000;c1a3a2c4-274c-424d-ac3c-3f3154d40928;446.87;0.27090481;UNKNOWN
2016-04-23T02:51:03.000000;2016-04-23T02:51:03.000000;0b13ac77-5605-441b-96f0-804d2203bd9e;446.87;0.03533541;UNKNOWN
2016-04-23T02:51:04.000000;2016-04-23T02:51:04.000000;fe19cd79-aa51-4be3-af69-fcaf0bf2e344;446.87;0.34882348;UNKNOWN
2016-04-23T02:51:04.000000;2016-04-23T02:51:04.000000;1149cd60-08c1-415a-8bb3-990558dfc85e;446.87;0.0231266;UNKNOWN
2016-04-23T02:51:04.000000;2016-04-23T02:51:04.000000;90d5697d-b210-40e2-a016-e827c3c9a126;446.87;0.04549871;UNKNOWN
2016-04-23T02:51:06.000000;2016-04-23T02:51:06.000000;c3c1d836-4314-4814-8cec-66dc5bad309b;446.87;0.01932418;UNKNOWN
2016-04-23T02:51:06.000000;2016-04-23T02:51:06.000000;f110331f-a9fb-4981-a400-06e64db398ba;446.87;0.14815211;UNKNOWN
2016-04-23T02:51:09.000000;2016-04-23T02:51:09.000000;b1573b0d-29a7-4d79-b874-050eb632a627;446.87;0.11280544;UNKNOWN
2016-04-23T02:52:30.000000;2016-04-23T02:52:30.000000;59d21bc2-89a7-4a9d-acf0-55cd3af8a395;446.87;0.0170039;UNKNOWN
2016-04-23T02:55:09.000000;2016-04-23T02:55:09.000000;f4daeaea-ad87-423d-aadb-8a23363b08bf;446.87;0.01222339;UNKNOWN
2016-04-23T02:55:12.000000;2016-04-23T02:55:12.000000;6d49e791-1600-4deb-90be-ff8223d61fa4;446.87;0.27148308;UNKNOWN
2016-04-23T02:58:06.000000;2016-04-23T02:58:06.000000;03704106-9a98-418d-8ca5-ced7c2c10c5f;446.86;0.5;UNKNOWN
2016-04-23T03:00:15.000000;2016-04-23T03:00:15.000000;278920de-2621-4179-aa5e-e8265a9a0475;446.87;0.03;UNKNOWN
2016-04-23T03:02:37.000000;2016-04-23T03:02:37.000000;036f277d-944a-4bd1-a8ad-925033e638aa;446.87;0.65;UNKNOWN
2016-04-23T03:03:06.000000;2016-04-23T03:03:06.000000;65a57ff0-a3a8-42ad-8e4e-ba244eaaf77a;446.87;7.485;UNKNOWN
2016-04-23T03:04:49.000000;2016-04-23T03:04:49.000000;27e5820a-cf64-4cf4-93f7-1337ac3af1a0;446.87;5.01;UNKNOWN
2016-04-23T03:05:52.000000;2016-04-23T03:05:52.000000;637724eb-1f82-44f5-b261-7152c0d3fd84;446.87;0.01;UNKNOWN
2016-04-23T03:07:26.000000;2016-04-23T03:07:26.000000;ecc7f81d-1966-4477-b28a-312476ea44af;446.86;0.00691155;UNKNOWN
2016-04-23T03:08:10.000000;2016-04-23T03:08:10.000000;514a3abe-e633-41d2-b289-99b579cd3029;446.87;0.2;UNKNOWN
2016-04-23T03:10:58.000000;2016-04-23T03:10:58.000000;463c27f2-dba4-42ee-8bbd-f46a6dc68619;446.87;0.7148;UNKNOWN
2016-04-23T03:11:01.000000;2016-04-23T03:11:01.000000;6a664041-d2e3-4f97-89d5-4f9182be70c4;446.87;0.1002;UNKNOWN
2016-04-23T03:12:20.000000;2016-04-23T03:12:20.000000;7ee2d253-f670-4c3e-9c8e-fee1e3a31de2;446.87;0.0148035;UNKNOWN
2016-04-23T03:14:58.000000;2016-04-23T03:14:58.000000;5fb83347-2e4d-4ea6-a074-186f802d04ca;446.86;0.045;UNKNOWN
2016-04-23T03:16:04.000000;2016-04-23T03:16:04.000000;f3f2d08a-f45d-405c-8057-f1f532735c84;446.87;0.1;UNKNOWN
2016-04-23T03:16:31.000000;2016-04-23T03:16:31.000000;e60da3d0-2ccf-4c76-9248-e0526e09b117;446.87;0.02980742;UNKNOWN
2016-04-23T03:16:34.000000;2016-04-23T03:16:34.000000;433a86ac-3bae-4944-a802-b94af9664242;446.87;0.02980742;UNKNOWN
2016-04-23T03:21:25.000000;2016-04-23T03:21:25.000000;7a7e54ff-ecfd-4b40-8d22-b2275d435d91;446.87;5.0;UNKNOWN
2016-04-23T03:21:37.000000;2016-04-23T03:21:37.000000;7ebb0814-8414-4a0d-9442-87af1f6743a5;446.87;0.01480433;UNKNOWN
2016-04-23T03:22:08.000000;2016-04-23T03:22:08.000000;5dee429a-cc2a-4234-828a-6dec3098e4e3;446.87;10.0;UNKNOWN
2016-04-23T03:24:17.000000;2016-04-23T03:24:17.000000;acab31e0-7e17-41d1-afb2-0427e2290040;446.87;0.12;UNKNOWN
2016-04-23T03:24:21.000000;2016-04-23T03:24:21.000000;58c999db-61ee-497d-b72e-8a4d41d8da11;446.87;0.02178504;UNKNOWN
2016-04-23T03:36:50.000000;2016-04-23T03:36:50.000000;a21754e0-f93e-455d-83bb-09799e3616c8;446.87;0.05;UNKNOWN
2016-04-23T03:39:17.000000;2016-04-23T03:39:17.000000;7852c9c7-2281-4c08-9eb8-613daabba7b6;446.87;0.045;UNKNOWN
2016-04-23T03:39:21.000000;2016-04-23T03:39:21.000000;7df8693b-b361-48ba-b8bf-b13cca8f1ac3;446.86;2.0;UNKNOWN
2016-04-23T03:41:33.000000;2016-04-23T03:41:33.000000;219c1c9d-c155-417d-b50d-76e23193aa4b;446.86;5.0;UNKNOWN
2016-04-23T03:41:53.000000;2016-04-23T03:41:53.000000;6053aabd-ab9c-4d74-9b46-aca0e5a989d0;446.87;2.0;UNKNOWN
2016-04-23T03:42:11.000000;2016-04-23T03:42:11.000000;b306b861-4972-449d-b98b-16cdb8c4784c;446.87;4.0;UNKNOWN
2016-04-23T03:42:23.000000;2016-04-23T03:42:23.000000;82ddfb7f-ca1f-4fac-a0a9-ec19122d3e9a;446.87;2.0;UNKNOWN
2016-04-23T03:48:37.000000;2016-04-23T03:48:37.000000;422cb758-bad4-40f9-86e1-1e97f207123c;446.87;0.1;UNKNOWN
2016-04-23T03:48:53.000000;2016-04-23T03:48:53.000000;039dc025-a563-4768-9843-add2d27f2002;446.87;0.02;UNKNOWN
2016-04-23T03:49:22.000000;2016-04-23T03:49:22.000000;cc2d7131-414d-42fc-89ff-a77d6085efa2;446.87;0.01;UNKNOWN
2016-04-23T03:52:09.000000;2016-04-23T03:52:09.000000;6a8acdcb-e2c1-4d20-b3e1-cde36940d27c;446.86;0.35364075;UNKNOWN
2016-04-23T03:54:00.000000;2016-04-23T03:54:00.000000;2e985470-c55e-4740-bc0d-2190c7b1b7de;446.86;2.20604117;UNKNOWN
2016-04-23T03:56:40.000000;2016-04-23T03:56:40.000000;f9bf4090-65ce-4aa0-95d4-b97331a618d7;446.87;0.1;UNKNOWN
2016-04-23T03:58:35.000000;2016-04-23T03:58:35.000000;76787aa0-b1dc-4c58-8045-1ba1915187a6;446.87;5.06323546;UNKNOWN
2016-04-23T04:00:01.000000;2016-04-23T04:00:01.000000;dbab0dac-d231-4d64-a45a-524676ee4dbb;446.87;1.0775621;UNKNOWN
2016-04-23T04:00:34.000000;2016-04-23T04:00:34.000000;57069a63-9ea8-41c7-a8e1-55e296aa9069;446.87;0.01715286;UNKNOWN
2016-04-23T04:00:37.000000;2016-04-23T04:00:37.000000;e3be1759-40f2-4a97-9e82-c36ef26d0b20;446.87;0.01715286;UNKNOWN
2016-04-23T04:00:37.000000;2016-04-23T04:00:37.000000;ce7bbe15-dfeb-4f15-ac1f-760ea9067ca4;446.87;0.01715286;UNKNOWN
2016-04-23T04:00:38.000000;2016-04-23T04:00:38.000000;86f2beaa-a7f5-430a-9053-7ac9b79923c6;446.87;0.01715286;UNKNOWN
2016-04-23T04:00:42.000000;2016-04-23T04:00:42.000000;54cd1957-be1d-4d13-aa7f-b69300e40012;446.87;0.01417137;UNKNOWN
2016-04-23T04:00:43.000000;2016-04-23T04:00:43.000000;23242dff-e368-43a3-80bf-a87987746c0b;446.87;0.01417137;UNKNOWN
2016-04-23T04:00:43.000000;2016-04-23T04:00:43.000000;65eac8eb-cc9e-43f3-84f7-39a6c11e7425;446.87;0.01417137;UNKNOWN
2016-04-23T04:00:44.000000;2016-04-23T04:00:44.000000;a0884780-5ac6-43a9-be0e-970f442e7b4f;446.87;0.01417137;UNKNOWN
2016-04-23T04:00:45.000000;2016-04-23T04:00:45.000000;2ac16221-9fbf-4e01-b449-631940eee334;446.87;0.03908023;UNKNOWN
2016-04-23T04:00:46.000000;2016-04-23T04:00:46.000000;3d423b67-635a-4507-938f-30729db19fb2;446.87;0.03907673;UNKNOWN
2016-04-23T04:00:46.000000;2016-04-23T04:00:46.000000;5179859b-5097-46cb-b487-eb7605d97dbc;446.87;0.03907673;UNKNOWN
2016-04-23T04:00:47.000000;2016-04-23T04:00:47.000000;af7438a5-3047-4355-9121-6ae541b537d8;446.87;0.03906799;UNKNOWN
2016-04-23T04:01:13.000000;2016-04-23T04:01:13.000000;69856af2-2ddf-4d7d-bbe7-75da66f6e7c7;446.87;0.59642112;UNKNOWN
2016-04-23T04:04:22.000000;2016-04-23T04:04:22.000000;a79c0828-f428-46b2-b671-82f80c1018fa;446.86;0.99;UNKNOWN
2016-04-23T04:04:53.000000;2016-04-23T04:04:53.000000;5366ff6e-718c-488f-8d1f-8181b048973d;446.86;0.44833735;UNKNOWN
2016-04-23T04:07:56.000000;2016-04-23T04:07:56.000000;5db128e8-3bb9-4607-8a04-c1768d47c5f8;446.87;2.8643794;UNKNOWN
2016-04-23T04:07:56.000000;2016-04-23T04:07:56.000000;0be72c57-870f-4cfa-b756-e54c3aed5c9c;446.87;2.5844206;UNKNOWN
2016-04-23T04:08:07.000000;2016-04-23T04:08:07.000000;97c0f172-a91d-4cb7-b85c-9aca45083a63;446.87;0.2;UNKNOWN
2016-04-23T04:09:59.000000;2016-04-23T04:09:59.000000;570590b3-e11d-46c2-a7d1-7df71528991f;446.86;6.43095676;UNKNOWN
2016-04-23T04:09:59.000000;2016-04-23T04:09:59.000000;b1b25be5-53a6-4cdc-ad76-dfed3291c90d;446.86;3.23026257;UNKNOWN
2016-04-23T04:10:29.000000;2016-04-23T04:10:29.000000;9060559f-027a-4e5c-9bb3-906f92a5f78a;446.87;0.21534083;UNKNOWN
2016-04-23T04:11:22.000000;2016-04-23T04:11:22.000000;4e51b5c4-c6da-46a4-b639-c5e86082ff09;446.87;0.21534722;UNKNOWN
2016-04-23T04:15:41.000000;2016-04-23T04:15:41.000000;5c76c77f-03ec-4d6f-be5b-e66b2f9687ca;446.86;4.5751609;UNKNOWN
2016-04-23T04:15:41.000000;2016-04-23T04:15:41.000000;ea48c1f2-12e3-481e-abb8-685bd89982e9;446.86;0.4248391;UNKNOWN
2016-04-23T04:16:04.000000;2016-04-23T04:16:04.000000;c6cdf32c-1f42-4418-aa6a-16a5a5dcaa38;446.87;0.1;UNKNOWN
2016-04-23T04:16:09.000000;2016-04-23T04:16:09.000000;6df4f7fd-5b59-414e-a7b0-6ead38f5b9d8;446.87;0.1652;UNKNOWN
2016-04-23T04:17:11.000000;2016-04-23T04:17:11.000000;9f02736f-d407-4a2b-a45f-f2235c3b7335;446.86;0.05125664;UNKNOWN
2016-04-23T04:17:11.000000;2016-04-23T04:17:11.000000;0093ccde-ca1c-47dc-a21c-6e93aee05393;446.86;0.32419329;UNKNOWN
2016-04-23T04:17:11.000000;2016-04-23T04:17:11.000000;e340135a-0991-4e6f-903f-96a3542cdbea;446.86;0.16315122;UNKNOWN
2016-04-23T04:17:11.000000;2016-04-23T04:17:11.000000;7fe778b4-c671-4b0e-9a3c-5d220893ec37;446.86;0.25988632;UNKNOWN
2016-04-23T04:17:11.000000;2016-04-23T04:17:11.000000;3c204969-8f5a-4e34-9c61-19d1cae55cda;446.86;1.53692409;UNKNOWN
2016-04-23T04:17:11.000000;2016-04-23T04:17:11.000000;3029e49a-fab5-456d-9da8-c5412fdee571;446.86;1.05417746;UNKNOWN
2016-04-23T04:17:11.000000;2016-04-23T04:17:11.000000;13ea3951-0581-45c9-a60b-ad79cb439b2b;446.86;0.41605099;UNKNOWN
2016-04-23T04:17:11.000000;2016-04-23T04:17:11.000000;66a258cf-ce7b-4b05-9bd4-05f779d87cd1;446.86;0.0331092;UNKNOWN
2016-04-23T04:17:11.000000;2016-04-23T04:17:11.000000;14e59fd7-35a1-4420-952f-e7d4d13ff7a6;446.71;3.98941251;UNKNOWN
2016-04-23T04:17:11.000000;2016-04-23T04:17:11.000000;504fd116-d26d-458a-a6b0-afa7859d216e;446.86;0.49472652;UNKNOWN
2016-04-23T04:17:11.000000;2016-04-23T04:17:11.000000;0fdabbde-4b1f-44ad-a4a6-be36e6d65634;446.76;0.0848;UNKNOWN
2016-04-23T04:17:11.000000;2016-04-23T04:17:11.000000;a0e9f685-6885-4ab0-97d4-c427b313a073;446.86;0.08665074;UNKNOWN
2016-04-23T04:17:11.000000;2016-04-23T04:17:11.000000;4d0d4d0d-179e-42dd-89ff-8e8a8446997d;446.86;0.08397037;UNKNOWN
2016-04-23T04:17:11.000000;2016-04-23T04:17:11.000000;d5189678-c8db-4d93-96cd-8c22e9fdb26a;446.86;0.01977324;UNKNOWN
2016-04-23T04:17:11.000000;2016-04-23T04:17:11.000000;2739eb72-aecf-45e6-b8fd-0616749385b2;446.76;0.0439;UNKNOWN
2016-04-23T04:17:11.000000;2016-04-23T04:17:11.000000;9b832b92-a23c-49ff-8c49-5f1558c80e04;446.75;0.03;UNKNOWN
2016-04-23T04:17:11.000000;2016-04-23T04:17:11.000000;70c50c70-8238-477a-b18a-4efaf3a57d5a;446.74;4.22307687;UNKNOWN
2016-04-23T04:17:11.000000;2016-04-23T04:17:11.000000;eedae010-4b53-4318-8537-f24fdc28d281;446.72;10.0;UNKNOWN
2016-04-23T04:17:11.000000;2016-04-23T04:17:11.000000;73a3ff33-2c2a-48e0-aab7-0bfdb14f4fa2;446.76;0.061;UNKNOWN
2016-04-23T04:17:11.000000;2016-04-23T04:17:11.000000;9420fc5d-c394-4747-b7ef-f0c6e51f0ae9;446.86;0.02197027;UNKNOWN
2016-04-23T04:17:11.000000;2016-04-23T04:17:11.000000;2599160d-a62e-4d44-8b99-a2571c931574;446.86;0.02197027;UNKNOWN
2016-04-23T04:17:11.000000;2016-04-23T04:17:11.000000;97167280-5fed-4702-899f-ccb3f7e64209;446.84;3.0;UNKNOWN
2016-04-23T04:17:39.000000;2016-04-23T04:17:39.000000;988cd50f-515e-41fc-83c4-371bec28f936;446.7;3.5;UNKNOWN
2016-04-23T04:17:40.000000;2016-04-23T04:17:40.000000;9cfd306d-175d-4c23-a78a-ca2b837934ee;446.7;5.0;UNKNOWN
2016-04-23T04:18:30.000000;2016-04-23T04:18:30.000000;d2bde414-90ac-4eec-96a5-970208bc7e85;446.66;2.04523443;UNKNOWN
2016-04-23T04:18:30.000000;2016-04-23T04:18:30.000000;e5fe8b93-d347-42bd-a733-c0ae46fdf028;446.7;0.22857107;UNKNOWN
2016-04-23T04:18:30.000000;2016-04-23T04:18:30.000000;6798c642-e013-4eb9-90b6-fa53e439fcfb;446.67;0.033;UNKNOWN
