time_exchange;time_coinpai;guid;price;base_amount;taker_side
2016-04-04T00:05:44.000000;2016-04-04T00:05:44.470000;d4a7e0e8-8a06-4363-81c2-507e18043f91;11.61;0.134568;BUY
2016-04-04T00:05:58.000000;2016-04-04T00:05:58.413000;1da9953d-fd75-4eca-8d8e-bec3e9d77dff;11.61;0.130074;BUY
2016-04-04T00:06:10.000000;2016-04-04T00:06:10.217000;7304f81e-cc0a-4256-9b8d-be701d1b0151;11.61;0.131581;BUY
2016-04-04T00:06:15.000000;2016-04-04T00:06:15.997000;7e39f364-7cea-4d6d-acd9-5d90ed47e700;11.61;0.127906;BUY
2016-04-04T00:06:26.000000;2016-04-04T00:06:26.727000;a28c6806-00fb-436e-9806-fdb10c334d8c;11.61;0.132865;BUY
2016-04-04T00:09:29.000000;2016-04-04T00:09:29.130000;96915404-98fe-4cca-ad35-cb8f88c88041;11.606;0.131732;SELL
2016-04-04T00:09:29.000000;2016-04-04T00:09:29.140000;11ddfa28-2af3-4d70-9fb0-271edcb98f17;11.6;33.0028;SELL
2016-04-04T00:09:29.000000;2016-04-04T00:09:29.147000;08ba6e1b-7920-4692-87b8-7763c22fb4a9;11.548;0.1;SELL
2016-04-04T00:09:29.000000;2016-04-04T00:09:29.177000;172a304f-ee87-47b0-9eb9-d716877b2ffd;11.546;0.1;SELL
2016-04-04T00:09:29.000000;2016-04-04T00:09:29.177000;7c2f3da8-15cb-488b-966b-e6a5e2f4785e;11.545;0.1;SELL
2016-04-04T00:09:29.000000;2016-04-04T00:09:29.177000;3a81a26d-5384-494a-a286-68c22656239c;11.545;0.565468;SELL
2016-04-04T00:14:33.000000;2016-04-04T00:14:33.280000;ebf91cfa-8e9c-4bcf-8056-8daac0e34fb8;11.596;0.130197;BUY
2016-04-04T00:15:55.000000;2016-04-04T00:15:55.323000;edfe8926-e212-406b-a500-1602c059cf88;11.596;51.477403;BUY
2016-04-04T00:17:17.000000;2016-04-04T00:17:17.563000;046882a0-8dfe-4b8e-b23b-8804fb7d8d44;11.605;0.135822;SELL
2016-04-04T00:17:41.000000;2016-04-04T00:17:41.163000;ec6aa055-5058-4ca2-8e0e-ed3ce2f1b122;11.606;0.126719;SELL
2016-04-04T00:17:42.000000;2016-04-04T00:17:42.223000;1d177718-49ba-4d47-8071-1ef431af1878;11.596;16.02285083;SELL
2016-04-04T00:18:06.000000;2016-04-04T00:18:06.080000;358ce399-b21d-425f-9734-53d408814155;11.606;0.13582;SELL
2016-04-04T00:18:06.000000;2016-04-04T00:18:06.097000;d67038dd-0459-44f5-bd5d-b95c3093f1e5;11.596;4.78765534;SELL
2016-04-04T00:21:21.000000;2016-04-04T00:21:21.743000;13bd5a06-2638-438a-bf84-2ea1f6490309;11.608;0.135743;SELL
2016-04-04T00:21:21.000000;2016-04-04T00:21:21.757000;f4d1ff29-4735-4708-9aa0-d83b003e052f;11.596;0.22758715;SELL
2016-04-04T00:21:33.000000;2016-04-04T00:21:33.983000;369e3ea8-6072-453c-9381-2ce316629977;11.608;0.131856;SELL
2016-04-04T00:21:33.000000;2016-04-04T00:21:33.997000;9adcc306-383d-49f6-a124-a1faca0746c5;11.596;0.23160807;SELL
2016-04-04T00:39:26.000000;2016-04-04T00:39:26.580000;c52405aa-3cfb-41a5-8a98-f231165248ac;11.6;0.120635;BUY
2016-04-04T00:39:33.000000;2016-04-04T00:39:33.370000;da2c9f39-149a-47bd-91cc-9bd20241b6e1;11.6;0.131726;BUY
2016-04-04T00:39:44.000000;2016-04-04T00:39:44.560000;0f92a136-7890-47ba-a070-2c8c1e829b04;11.6;0.135406;BUY
2016-04-04T00:53:17.000000;2016-04-04T00:53:17.637000;3875856e-5de5-4f2a-8bfb-23222ee515b5;11.6;49.612233;BUY
2016-04-04T00:53:56.000000;2016-04-04T00:53:56.433000;cefed575-85fc-4b7a-8ff4-ed2e1cc661c9;11.608;3.4674;BUY
2016-04-04T00:53:56.000000;2016-04-04T00:53:56.450000;2b50c727-e465-4bcc-9e76-a23a1781c2f4;11.61;47.090798;BUY
2016-04-04T00:54:51.000000;2016-04-04T00:54:51.983000;f9784244-ac7f-4dab-ba81-019aed0deaf7;11.665;38.0;BUY
2016-04-04T02:20:40.000000;2016-04-04T02:20:40.497000;c6a2069e-1b7d-402f-80c0-6e0b0c751f54;11.659;2.68029098;BUY
2016-04-04T02:25:02.000000;2016-04-04T02:25:02.300000;ffda6b12-275f-4e30-83af-88690ba27c45;11.63;2.96131392;SELL
2016-04-04T02:26:19.000000;2016-04-04T02:26:19.983000;99b4a09a-51dc-410f-be68-7a79cef5c892;11.658;2.0;BUY
2016-04-04T02:34:00.000000;2016-04-04T02:34:00.860000;8a058f1d-d05a-45fb-abd6-bba905d7c9d9;11.63;7.25768429;SELL
2016-04-04T02:34:04.000000;2016-04-04T02:34:04.253000;68549e48-5759-4ac7-96e3-77af53076fbc;11.63;2.98026444;SELL
2016-04-04T02:34:51.000000;2016-04-04T02:34:51.270000;05cc1a6c-53ff-41ef-82fe-8bed58df6e9d;11.63;7.50638367;SELL
2016-04-04T02:34:55.000000;2016-04-04T02:34:55.307000;b7118396-2888-4fc7-aaca-d3397626810c;11.63;4.79925518;SELL
2016-04-04T02:34:59.000000;2016-04-04T02:34:59.543000;a0018ad2-01dd-446b-88b3-9e6b391518e1;11.63;3.2961075;SELL
2016-04-04T02:38:33.000000;2016-04-04T02:38:33.307000;2acd6a87-d319-4d8d-92c3-dd50fbb5e3dd;11.63;2.0;BUY
2016-04-04T02:39:08.000000;2016-04-04T02:39:08.320000;bf60b1b7-6e31-4ecb-8a21-7697290145c1;11.615;0.43047923;SELL
2016-04-04T02:42:00.000000;2016-04-04T02:42:00.647000;fa4c40c4-8bd3-4d60-9105-6297ff84ad26;11.63;0.63941804;BUY
2016-04-04T02:49:11.000000;2016-04-04T02:49:11.310000;faaabec0-9b3d-4da4-8e35-36549e84da5f;11.605;0.131449;SELL
2016-04-04T02:51:11.000000;2016-04-04T02:51:11.877000;cd71190e-fc10-4a11-9e4f-08d1168e9682;11.606;0.13369;SELL
2016-04-04T02:51:18.000000;2016-04-04T02:51:18.720000;57e3d175-3abc-40de-8867-f4bbf8103c22;11.605;0.133731;BUY
2016-04-04T02:51:29.000000;2016-04-04T02:51:29.800000;ef954dfe-dc1c-476e-97f7-731b4b157481;11.605;0.130741;BUY
2016-04-04T02:57:16.000000;2016-04-04T02:57:16.333000;3fa1c92c-3d0e-4992-abcb-796086f9eadb;11.603;0.13952;SELL
2016-04-04T02:57:27.000000;2016-04-04T02:57:27.087000;9c770a7e-7767-4f42-a02c-5c22a9c59105;11.599;0.129449;SELL
2016-04-04T02:59:44.000000;2016-04-04T02:59:44.757000;7f53096b-cfe3-449a-bb11-ddc5edf60910;11.597;0.133196;BUY
2016-04-04T03:00:18.000000;2016-04-04T03:00:18.800000;4533354e-b82f-48d5-80d9-b590a9927e48;11.593;0.131085;BUY
2016-04-04T03:00:39.000000;2016-04-04T03:00:39.343000;479203cf-f443-4f31-b517-153b6445bb01;11.586;0.132852;SELL
2016-04-04T03:00:50.000000;2016-04-04T03:00:50.790000;09bb0398-b15d-42b2-af7c-f756518994e3;11.583;0.116408;BUY
2016-04-04T03:01:00.000000;2016-04-04T03:01:00.760000;c19d6cae-319e-46b5-baa1-2a878ab3cf20;11.58;0.131475;BUY
2016-04-04T03:01:10.000000;2016-04-04T03:01:10.803000;608c17eb-190a-4ce6-8144-4a57cad2e0fe;11.578;0.132056;BUY
2016-04-04T03:01:41.000000;2016-04-04T03:01:41.100000;cf33266f-c7da-4ae2-88f0-896cf07c595b;11.578;0.124716;BUY
2016-04-04T03:01:46.000000;2016-04-04T03:01:46.560000;3a4745da-e13e-41dd-bcd7-ae39454ae7cd;11.578;0.129487;BUY
2016-04-04T03:01:57.000000;2016-04-04T03:01:57.070000;5e9265b0-0c30-4f5a-b2b2-c2a7dfdc87d3;11.578;0.12778;BUY
2016-04-04T03:02:01.000000;2016-04-04T03:02:01.243000;0d46b748-e7be-4036-a077-0deaa1bbcb5a;11.578;0.120535;BUY
2016-04-04T03:02:10.000000;2016-04-04T03:02:10.570000;e0e47fa8-eca3-4ac2-81b6-1ab9af2cd5d1;11.578;0.128003;BUY
2016-04-04T03:02:29.000000;2016-04-04T03:02:29.253000;eaf301b3-f0bc-424f-90bf-a1ccb4ca7d95;11.578;0.128827;BUY
2016-04-04T03:02:38.000000;2016-04-04T03:02:38.413000;b4d59e92-f05d-4116-bc69-5197043735f4;11.578;0.133652;BUY
2016-04-04T03:02:44.000000;2016-04-04T03:02:45.003000;2404ac87-eb2c-4385-80b4-9459bc48b1ac;11.578;0.13557;BUY
2016-04-04T03:03:09.000000;2016-04-04T03:03:09.870000;8a8ae0fe-6f32-4bdd-8bb7-f239fc45378d;11.554;0.135532;SELL
2016-04-04T03:03:09.000000;2016-04-04T03:03:09.890000;527be1d9-cfdb-4704-94bb-8ba2f63631e6;11.543;0.1;SELL
2016-04-04T03:03:09.000000;2016-04-04T03:03:09.893000;adb0138f-029e-44a3-ba8c-171b66e9ff92;11.542;0.1;SELL
2016-04-04T03:03:09.000000;2016-04-04T03:03:09.927000;c291894d-2034-4529-ab60-69e565168261;11.542;0.1;SELL
2016-04-04T03:03:09.000000;2016-04-04T03:03:09.927000;2f66a60c-4140-4443-a315-0dcfe46d843a;11.541;0.1;SELL
2016-04-04T03:03:09.000000;2016-04-04T03:03:09.927000;e1f18a6f-9c0c-4207-922e-178af39886d4;11.521;5.659293;SELL
2016-04-04T03:03:09.000000;2016-04-04T03:03:09.927000;c405e9a6-359a-4d19-8a15-1384f53b22b7;11.52;22.548575;SELL
2016-04-04T03:06:06.000000;2016-04-04T03:06:06.273000;7eeaac07-8ae8-46b7-b6fd-a398f67a33df;11.578;28.549505;BUY
2016-04-04T03:10:49.000000;2016-04-04T03:10:49.330000;4e8f0464-416a-4a3a-98da-8ff7f42a4805;11.605;0.123066;BUY
2016-04-04T03:10:57.000000;2016-04-04T03:10:57.283000;af159755-3af8-46a7-ba40-892ba03334c6;11.605;0.128952;BUY
2016-04-04T03:19:19.000000;2016-04-04T03:19:19.577000;8a42184c-3f9a-47e7-9e35-cc3a0356e41e;11.601;0.133278;BUY
2016-04-04T03:27:43.000000;2016-04-04T03:27:43.067000;0ea3c0ba-d49f-49d3-8faf-01641bc278b0;11.606;0.13199;BUY
2016-04-04T03:29:06.000000;2016-04-04T03:29:06.503000;8c45f4c3-c399-410d-a057-218001421b66;11.602;0.131044;BUY
2016-04-04T03:29:16.000000;2016-04-04T03:29:16.303000;04f9fd5d-1dff-4943-9cf7-8339f4c84fcd;11.6;0.13074;BUY
2016-04-04T03:29:40.000000;2016-04-04T03:29:40.743000;5b3bc33c-3e18-44da-90be-c0b15fa4a7aa;11.6;0.134143;BUY
2016-04-04T03:40:46.000000;2016-04-04T03:40:46.277000;a9f629a0-8891-4594-adcf-0844edb8be1c;11.603;0.128871;BUY
2016-04-04T03:40:50.000000;2016-04-04T03:40:51.003000;572848a4-e409-4f9a-8bed-607ce0d8d82d;11.603;0.134942;BUY
2016-04-04T03:47:26.000000;2016-04-04T03:47:26.777000;518ae2a0-52a3-46ec-a614-b39cc24ab424;11.523;28.4924;SELL
2016-04-04T04:00:06.000000;2016-04-04T04:00:06.047000;49d6b17f-72df-4085-a328-7dfda5628c89;11.583;0.121867;SELL
2016-04-04T04:00:08.000000;2016-04-04T04:00:08.373000;d02cbfc4-46fe-4080-b774-e87ebc1875b5;11.583;0.12809;SELL
2016-04-04T04:00:18.000000;2016-04-04T04:00:18.153000;c02f2f75-8eba-409e-a63b-1b07a8bc8547;11.58;0.132097;BUY
2016-04-04T04:00:26.000000;2016-04-04T04:00:26.137000;c0d5d535-addb-4b48-a3a5-e4650e1f9e5a;11.575;0.128946;BUY
2016-04-04T04:21:56.000000;2016-04-04T04:21:56.570000;d09c56a5-aa9d-4f5b-8b24-6629edc3c8aa;11.573;0.128145;BUY
2016-04-04T04:22:00.000000;2016-04-04T04:22:00.547000;c3a57e31-f79e-4bf3-b6c4-0821b67e1cf4;11.573;0.11564;BUY
2016-04-04T04:22:08.000000;2016-04-04T04:22:08.793000;20a21885-7aab-454a-bcfd-62b318cc7f21;11.573;0.132639;BUY
2016-04-04T04:41:47.000000;2016-04-04T04:41:47.800000;bc810da3-022e-45ba-b937-2d7a47324d1d;11.573;0.118307;BUY
2016-04-04T04:41:59.000000;2016-04-04T04:41:59.963000;1d2a543c-1904-4d66-a6a2-d031df625e79;11.573;0.127128;BUY
2016-04-04T04:50:38.000000;2016-04-04T04:50:38.687000;8f0a54de-1eba-41c3-bd5b-9f6593b077d1;11.573;0.109705;BUY
2016-04-04T04:59:22.000000;2016-04-04T04:59:22.750000;37d299d7-112b-4ff1-922f-868c14df6a8e;11.573;0.127203;BUY
2016-04-04T05:03:10.000000;2016-04-04T05:03:10.403000;ce6e2de6-d90e-4aab-a094-db98ee6a6ab1;11.564;0.129217;SELL
2016-04-04T05:03:10.000000;2016-04-04T05:03:10.410000;8fbffe8e-c838-4ac2-97d3-e69fd7e2de4b;11.521;2.74052832;SELL
2016-04-04T05:03:10.000000;2016-04-04T05:03:10.987000;982a0050-23b8-408c-bdcf-07060b8b5f96;11.521;2.14056446;SELL
2016-04-04T05:07:42.000000;2016-04-04T05:07:42.883000;c2d8d120-ad26-427c-8869-71bdf7296b8d;11.573;0.117143;BUY
2016-04-04T05:13:51.000000;2016-04-04T05:13:51.337000;a552f9e4-7960-4f17-9922-b81e601a4d69;11.587;0.132407;SELL
2016-04-04T05:15:51.000000;2016-04-04T05:15:51.687000;b17bcdac-f4e4-4735-b8a5-9339eab8cfc0;11.59;0.131871;BUY
2016-04-04T05:24:37.000000;2016-04-04T05:24:37.493000;e274439f-00af-498c-8faa-16c0e04c16bc;11.596;0.129357;BUY
2016-04-04T05:33:09.000000;2016-04-04T05:33:09.263000;d80f24b9-abd8-4e84-a515-87f751603648;11.58;0.125397;BUY
2016-04-04T05:35:12.000000;2016-04-04T05:35:12.997000;307ff40c-64ee-42cb-83c9-9158c4016eec;11.58;0.118245;BUY
2016-04-04T05:43:48.000000;2016-04-04T05:43:48.647000;a3cb6f9d-c752-48eb-886f-5b5370d1f70e;11.58;0.120879;BUY
2016-04-04T05:51:52.000000;2016-04-04T05:51:53.047000;55e21ba0-3498-45b3-97c7-a2f003a132d9;11.58;0.126519;BUY
2016-04-04T05:51:59.000000;2016-04-04T05:51:59.067000;4b84302b-762c-49a6-aaa8-35554a138b9d;11.58;0.134965;BUY
2016-04-04T06:01:40.000000;2016-04-04T06:01:40.140000;07a26085-831e-4f76-ba31-939c6052a42c;11.58;0.132377;BUY
2016-04-04T06:01:48.000000;2016-04-04T06:01:48.150000;801d5cb2-f143-4f8b-9663-e1d7758d8547;11.58;0.116904;BUY
2016-04-04T06:10:36.000000;2016-04-04T06:10:36.760000;68e8bc99-5b21-4fdd-ad57-95c9f0979f42;11.58;0.127825;BUY
2016-04-04T06:19:06.000000;2016-04-04T06:19:06.370000;fc8adf2b-df91-4be0-8911-5009c2e64e5f;11.572;0.132688;BUY
2016-04-04T06:27:42.000000;2016-04-04T06:27:42.613000;4012bc2d-90b7-4cf9-84f3-710a5dc62e73;11.572;0.126146;BUY
2016-04-04T06:35:42.000000;2016-04-04T06:35:42.230000;4c338b45-f504-4e77-b465-9ff448af4b19;11.572;0.118529;BUY
2016-04-04T06:35:53.000000;2016-04-04T06:35:53.213000;c36b44c7-cba9-406d-af00-bb1750e9aba6;11.572;0.132282;BUY
2016-04-04T06:37:54.000000;2016-04-04T06:37:54.893000;28b2e964-ae14-448b-bde3-c64c75773cbe;11.572;0.121328;BUY
2016-04-04T06:44:57.000000;2016-04-04T06:44:57.833000;57d1e186-4df6-4af3-a93f-1713af1a87e0;11.567;0.131952;SELL
2016-04-04T06:44:57.000000;2016-04-04T06:44:57.850000;96bb5749-c069-4b4a-9bf7-54d5a661ee14;11.52;0.003688;SELL
2016-04-04T06:48:20.000000;2016-04-04T06:48:21.000000;b797aa95-f5f8-401f-9e9d-245025a3acfe;11.571;0.121954;BUY
2016-04-04T06:56:26.000000;2016-04-04T06:56:26.920000;2568e5b4-7aa6-4714-9fd8-10dcebed991b;11.569;0.124844;SELL
2016-04-04T06:59:44.000000;2016-04-04T06:59:44.763000;649af48c-f07e-461d-8579-6fc2dcadbe0f;11.566;0.134128;BUY
2016-04-04T07:07:42.000000;2016-04-04T07:07:42.900000;fec51f28-383e-48cf-b43a-f24f23536caf;11.566;0.118352;BUY
2016-04-04T07:07:53.000000;2016-04-04T07:07:53.630000;542591c2-55a7-4052-8eb1-a731c4815b96;11.566;0.121842;BUY
2016-04-04T07:17:07.000000;2016-04-04T07:17:07.197000;a1ed64a1-c39a-4c14-b1f1-5707d58244a0;11.561;0.123295;BUY
2016-04-04T07:18:21.000000;2016-04-04T07:18:21.723000;5dd61d9d-e399-4fb7-ab71-eeaa0aee6016;11.561;10.0;BUY
2016-04-04T07:21:26.000000;2016-04-04T07:21:26.360000;d35ddac0-af6e-40ad-b073-66f0edc77db0;11.52;1.0;SELL
2016-04-04T07:25:29.000000;2016-04-04T07:25:29.473000;30f8b7d2-e3b1-478f-957a-3665e1df6dba;11.561;0.133915;BUY
2016-04-04T07:33:55.000000;2016-04-04T07:33:55.833000;25481f8d-9046-485d-8fa5-83cd23134d90;11.558;0.119511;SELL
2016-04-04T07:38:07.000000;2016-04-04T07:38:07.953000;3bf521e0-8095-4520-b269-3ffaef0bd90c;11.553;7.88681373;SELL
2016-04-04T07:38:07.000000;2016-04-04T07:38:07.970000;9de42952-d181-4f87-a5b5-ba6d8bd0c1c7;11.52;0.11318627;SELL
2016-04-04T07:43:53.000000;2016-04-04T07:43:53.497000;ae913bda-6b15-4229-8704-a33032d2b8b3;11.52;34.7;SELL
2016-04-04T07:44:10.000000;2016-04-04T07:44:10.253000;b46a813b-bfbf-49d2-9d8b-35d0afb30241;11.52;34.7;SELL
2016-04-04T07:47:02.000000;2016-04-04T07:47:02.433000;e64278a0-84d8-414a-8d72-f05329f49637;11.52;1.44893071;SELL
2016-04-04T07:57:51.000000;2016-04-04T07:57:51.230000;0e9ed74c-06e3-46e9-b040-096cacc84f24;11.52;85.0;SELL
2016-04-04T07:58:26.000000;2016-04-04T07:58:26.367000;c9dd614a-18ad-4010-99a0-0830b2a0b5b2;11.52;0.48562002;SELL
2016-04-04T07:58:26.000000;2016-04-04T07:58:26.373000;da632544-17c8-4173-971e-fa51e8e0bb13;11.487;0.01437998;SELL
2016-04-04T08:27:59.000000;2016-04-04T08:27:59.177000;6b2deac6-2a5e-48e8-8466-11c5be37bc12;11.553;0.5;BUY
2016-04-04T09:12:36.000000;2016-04-04T09:12:36.753000;9b36f131-7eef-4463-9fae-640d93c5cf2d;11.464;0.1;SELL
2016-04-04T09:12:36.000000;2016-04-04T09:12:36.757000;2e5526f6-2fab-4469-b914-a3b91f686462;11.456;0.1;SELL
2016-04-04T09:12:36.000000;2016-04-04T09:12:36.757000;83fe60c5-f8d9-4d0e-b199-01a7bc131afd;11.456;0.1;SELL
2016-04-04T09:12:36.000000;2016-04-04T09:12:36.787000;558332ee-95aa-41d0-951b-97bace4790a0;11.455;0.1;SELL
2016-04-04T09:12:36.000000;2016-04-04T09:12:36.787000;5b4ef03f-388b-4dfd-9b12-86534c7d92c5;11.453;0.85;SELL
2016-04-04T09:12:36.000000;2016-04-04T09:12:36.787000;69a2b487-3f32-4048-8cfb-64bf40268e78;11.451;1.4287;SELL
2016-04-04T09:34:42.000000;2016-04-04T09:34:42.427000;ffcd1a0d-a6aa-4a2e-b3e9-7882a7b94c61;11.5;0.39718231;BUY
2016-04-04T09:34:42.000000;2016-04-04T09:34:42.440000;f37f4768-d84f-43a0-a96f-c30966c9ecb7;11.548;0.54895589;BUY
2016-04-04T09:34:42.000000;2016-04-04T09:34:42.457000;fcb70766-02a7-4045-acff-b4f1d2dc66dc;11.549;7.1770618;BUY
2016-04-04T09:54:02.000000;2016-04-04T09:54:02.977000;545ae7c1-56cc-484b-bccb-4ec04082cc11;11.456;50.0;SELL
2016-04-04T10:05:03.000000;2016-04-04T10:05:03.573000;8a897e42-6b09-4958-8664-a2d4ab1b5f7b;11.45;0.3503;SELL
2016-04-04T10:05:07.000000;2016-04-04T10:05:07.710000;22d18760-cbf9-424f-99fb-73b54d81f96f;11.45;1.75099999;SELL
2016-04-04T10:05:38.000000;2016-04-04T10:05:38.173000;5f525ef7-f7d2-4144-a284-da0fa89036be;11.45;11.75493463;SELL
2016-04-04T10:05:38.000000;2016-04-04T10:05:38.613000;4e34a781-d14f-4e1e-818c-464864d342bd;11.45;0.3503;SELL
2016-04-04T10:05:39.000000;2016-04-04T10:05:39.837000;a4685181-e9db-4eed-a7a7-e507c0378cad;11.45;0.3503;SELL
2016-04-04T10:05:41.000000;2016-04-04T10:05:41.287000;a15298a0-de82-4f3d-a951-8210d8ded3b5;11.45;11.75493463;SELL
2016-04-04T10:05:41.000000;2016-04-04T10:05:41.603000;88014739-b224-4b28-bea4-3a5e13c344ad;11.45;0.3503;SELL
2016-04-04T10:05:42.000000;2016-04-04T10:05:42.590000;edea8716-4355-40b6-b88a-ffad6f3f009b;11.45;11.75493463;SELL
2016-04-04T10:05:43.000000;2016-04-04T10:05:43.567000;086764d1-b144-49e6-9e73-4b2278376a18;11.45;0.3503;SELL
2016-04-04T10:06:11.000000;2016-04-04T10:06:11.477000;2adf645c-36c5-4e55-a1ed-a13085f29494;11.45;0.998;SELL
2016-04-04T10:06:11.000000;2016-04-04T10:06:11.917000;380257c3-db76-44d7-87f8-8e187f9381a5;11.45;1.0;SELL
2016-04-04T10:06:57.000000;2016-04-04T10:06:58.000000;55b3158b-edbc-48b9-b7ad-4991150ea326;11.45;9.23469612;SELL
2016-04-04T10:06:57.000000;2016-04-04T10:06:58.010000;5003298d-73f8-4ef1-8986-f777de271622;11.45;0.1;SELL
2016-04-04T10:06:57.000000;2016-04-04T10:06:58.010000;af620812-4c90-42c2-8b94-f080e79b1d6e;11.45;0.1;SELL
2016-04-04T10:06:57.000000;2016-04-04T10:06:58.313000;9501bd86-9b27-4d63-b137-79447849e6d1;11.45;12.225572;SELL
2016-04-04T10:06:57.000000;2016-04-04T10:06:58.323000;9c06fbd6-1043-43f8-83ed-2bf5997c7393;11.445;0.1;SELL
2016-04-04T10:06:57.000000;2016-04-04T10:06:58.327000;4ca2b914-f6db-449c-ad7e-ae402416bd2a;11.436;0.1;SELL
2016-04-04T10:06:57.000000;2016-04-04T10:06:58.353000;a8fa0eb1-500a-4b88-bcc7-565a43d5cfe8;11.436;0.1;SELL
2016-04-04T10:06:57.000000;2016-04-04T10:06:58.360000;1536d2ca-ee9b-40ac-8a3c-112337f8a05d;11.436;0.1;SELL
2016-04-04T10:06:57.000000;2016-04-04T10:06:58.383000;13c2cbfd-77ff-483b-b8bf-c5ec45d585a3;11.435;0.1;SELL
2016-04-04T10:06:57.000000;2016-04-04T10:06:58.383000;295f4022-8b53-4595-b97b-b58c6303119d;11.421;2.5;SELL
2016-04-04T10:06:57.000000;2016-04-04T10:06:58.383000;2b8b5cf7-6d68-48c4-b78b-4c80f7700fe3;11.42;50.0;SELL
2016-04-04T10:06:57.000000;2016-04-04T10:06:58.383000;e5e2e22b-5f14-4c18-8170-a862f4ced252;11.418;15.02429835;SELL
2016-04-04T10:10:16.000000;2016-04-04T10:10:16.130000;046654b6-9da7-44d7-afd9-4639d2bd9a19;11.454;0.1;SELL
2016-04-04T10:10:21.000000;2016-04-04T10:10:21.540000;56252316-48cb-4587-be39-8da20bf0e257;11.455;0.1;SELL
2016-04-04T10:10:28.000000;2016-04-04T10:10:29.050000;91987145-8386-4c9a-94a6-5dd59508a562;11.455;0.037643;SELL
2016-04-04T10:10:28.000000;2016-04-04T10:10:29.060000;ca45622b-bf8a-4ef2-84c3-bdfb3870013e;11.414;0.2793;SELL
2016-04-04T10:10:28.000000;2016-04-04T10:10:29.067000;1c581267-cb48-4ad6-b9fa-2d8795dcaf10;11.411;0.683057;SELL
2016-04-04T10:10:35.000000;2016-04-04T10:10:35.103000;26c7f201-8f60-42b8-801a-f4c04c9aa0b1;11.465;0.137656;SELL
2016-04-04T10:10:53.000000;2016-04-04T10:10:53.937000;590a393f-68b8-4bcc-88fb-19f91cce7d6f;11.453;0.133619;SELL
2016-04-04T10:10:57.000000;2016-04-04T10:10:57.637000;9030bcdb-b4a1-4897-9812-478ff9b714d1;11.411;3.0;SELL
2016-04-04T10:12:18.000000;2016-04-04T10:12:18.780000;7a99aa77-e943-4ec2-92e8-7dbaf379f257;11.44;0.134279;SELL
2016-04-04T10:12:18.000000;2016-04-04T10:12:18.790000;10e6923d-d3b7-4eed-80c6-545ea1944b09;11.411;0.548114;SELL
2016-04-04T10:12:27.000000;2016-04-04T10:12:27.670000;d40d1d13-d491-45a3-9945-7ec53deaae09;11.44;0.1;SELL
2016-04-04T10:12:53.000000;2016-04-04T10:12:53.820000;367338d2-a92d-40a2-9436-5e517c0cd881;11.446;0.138477;SELL
2016-04-04T10:12:53.000000;2016-04-04T10:12:53.823000;082c09d1-25dc-442c-8e9d-bf2265658f2b;11.411;0.004029;SELL
2016-04-04T10:12:53.000000;2016-04-04T10:12:53.843000;94781362-7b1a-4a85-9beb-8da3d50b6d39;11.41;11.65320215;SELL
2016-04-04T10:15:53.000000;2016-04-04T10:15:53.653000;c1671093-8f5f-403a-93d7-5aa899680807;11.45;0.135088;BUY
2016-04-04T10:16:03.000000;2016-04-04T10:16:03.757000;710a0ab5-b52e-414b-a7b9-92e60a1ed4c6;11.45;0.132944;BUY
2016-04-04T10:16:09.000000;2016-04-04T10:16:09.660000;b76a8c79-649a-487d-9a4f-95368cc5e107;11.45;0.133789;SELL
2016-04-04T10:16:28.000000;2016-04-04T10:16:28.950000;a27e7533-2612-4b23-b32c-7e4174c02abe;11.45;0.128755;SELL
2016-04-04T10:16:37.000000;2016-04-04T10:16:37.063000;5847c2df-4c47-481c-9160-0d53a96b1f46;11.45;0.127522;SELL
2016-04-04T10:16:39.000000;2016-04-04T10:16:39.743000;fb8c1130-c3cf-487c-90d0-0eaf1a8da625;11.45;0.138679;BUY
2016-04-04T10:16:55.000000;2016-04-04T10:16:55.750000;f4ece027-9de9-4d5b-b704-c75d475b02e5;11.451;0.136818;BUY
2016-04-04T10:18:55.000000;2016-04-04T10:18:55.327000;e7cd65a3-1858-448a-9aec-e22ef7fea6e6;11.44;0.12925;SELL
2016-04-04T10:19:03.000000;2016-04-04T10:19:03.763000;bc31c088-325a-4894-8b42-735eaee671f9;11.439;0.134072;BUY
2016-04-04T10:19:48.000000;2016-04-04T10:19:48.667000;df584568-b9cf-4cf4-a558-eedf6d2f9633;11.432;0.13;SELL
2016-04-04T10:19:55.000000;2016-04-04T10:19:55.420000;cbc03784-c0ab-4e79-89c8-39486af8a18c;11.432;0.130487;SELL
2016-04-04T10:19:55.000000;2016-04-04T10:19:55.433000;ab07a9f2-d8d1-4040-875c-c9415ddf72d9;11.411;3.069513;SELL
2016-04-04T10:19:56.000000;2016-04-04T10:19:56.820000;6db4ddbb-ab87-4ed8-87b5-af1a82909a7c;11.432;0.13;BUY
2016-04-04T10:19:57.000000;2016-04-04T10:19:57.157000;7d81a730-2691-40e9-968f-a581b20a3992;11.432;0.003818;SELL
2016-04-04T10:19:59.000000;2016-04-04T10:19:59.477000;25019010-42e9-4be7-9160-0ef9f78452e6;11.411;0.66;SELL
2016-04-04T10:20:02.000000;2016-04-04T10:20:02.200000;dc6ae420-1e38-404f-bb08-9a200512c93d;11.411;20.301587;SELL
2016-04-04T10:20:02.000000;2016-04-04T10:20:02.207000;4dd9a5c0-bff1-4143-9f38-9bf9d9053b8a;11.41;83.148413;SELL
2016-04-04T10:20:05.000000;2016-04-04T10:20:05.817000;857cb0f5-8f54-4ca5-9928-2e7d9ca5ab8b;11.41;5.19838485;SELL
2016-04-04T10:20:10.000000;2016-04-04T10:20:10.760000;378e07ca-8f38-45e9-bce9-272b7503b55a;11.4;2.28715046;SELL
2016-04-04T10:20:11.000000;2016-04-04T10:20:11.467000;7ac35825-03e6-43b3-ac9c-c81e702701a4;11.4;315.23;SELL
2016-04-04T10:20:11.000000;2016-04-04T10:20:11.497000;8e8d2eb4-fda9-455e-8e85-c7be7bd7a621;11.4;300.0;SELL
2016-04-04T10:20:12.000000;2016-04-04T10:20:12.250000;f9c17736-2866-416b-bf4a-28dee8796abf;11.406;0.131726;SELL
2016-04-04T10:20:12.000000;2016-04-04T10:20:12.257000;c06804b6-fb8b-4b29-a1cc-23b4d48723da;11.4;20.998274;SELL
2016-04-04T10:20:13.000000;2016-04-04T10:20:13.270000;63bd09bc-d47e-47f4-8385-2b3771165e90;11.4;15.5;SELL
2016-04-04T10:20:14.000000;2016-04-04T10:20:14.533000;9a75f62b-9dac-40c3-bf27-d448fb5d7986;11.4;7.87099458;SELL
2016-04-04T10:20:15.000000;2016-04-04T10:20:15.220000;585f6b30-e541-4fc6-982a-5a87b7e99900;11.4;7.88676812;SELL
2016-04-04T10:20:16.000000;2016-04-04T10:20:16.140000;f2c4f2bb-244c-46bc-8b0f-281c4d485833;11.4;7.88676812;SELL
2016-04-04T10:20:16.000000;2016-04-04T10:20:16.230000;a185947e-8cf4-4239-af0d-ac85d49889e1;11.4;7.87099424;SELL
2016-04-04T10:20:17.000000;2016-04-04T10:20:17.810000;4bedad3b-63b0-449c-9c23-55133e2b520e;11.4;7.87099424;SELL
2016-04-04T10:20:17.000000;2016-04-04T10:20:17.840000;62041256-13cf-42a0-85e7-4462fbf3a48c;11.4;7.87099424;SELL
2016-04-04T10:20:17.000000;2016-04-04T10:20:18.017000;44da9b81-94ca-431f-ba91-24f6b078c54e;11.4;60.01;SELL
2016-04-04T10:20:18.000000;2016-04-04T10:20:18.660000;c6355934-4a8b-409f-bfb7-aa2d7b1157ed;11.4;7.88676778;SELL
2016-04-04T10:20:18.000000;2016-04-04T10:20:18.843000;a70d4094-c6d2-4960-bab3-d05c684f5110;11.4;61.51;SELL
2016-04-04T10:20:19.000000;2016-04-04T10:20:19.477000;521e338b-1e96-42a4-a4f4-6b44853abb07;11.4;7.87099424;SELL
2016-04-04T10:20:19.000000;2016-04-04T10:20:19.547000;98dce378-d613-4b83-9d84-1f81f66eab4c;11.4;40.17111823;SELL
2016-04-04T10:20:19.000000;2016-04-04T10:20:19.560000;1e1c6c4b-b0a3-4e31-a50c-5feb1dd92ad9;11.4;13.30888177;SELL
2016-04-04T10:20:20.000000;2016-04-04T10:20:20.387000;ec8202d3-ac19-4f40-a3c1-2a85cb4c05eb;11.4;7.87099424;SELL
2016-04-04T10:20:20.000000;2016-04-04T10:20:20.860000;cd47193f-16c4-4f30-900a-3efd467dd91c;11.4;7.88676778;SELL
2016-04-04T10:20:20.000000;2016-04-04T10:20:20.880000;3db90ecd-1f82-4cd4-966f-1b3917e2225c;11.4;20.93335621;SELL
2016-04-04T10:20:20.000000;2016-04-04T10:20:20.893000;4bd31ca7-dea3-4ba8-825e-39758045a520;11.4;0.2;SELL
2016-04-04T10:20:44.000000;2016-04-04T10:20:44.500000;04fe226c-3903-4ca6-88f5-621c8106d573;11.39;0.13;SELL
2016-04-04T10:20:44.000000;2016-04-04T10:20:44.990000;62e2f94b-3248-41a7-b8de-19fe2732de7e;11.39;0.003332;SELL
2016-04-04T10:20:46.000000;2016-04-04T10:20:46.107000;90720514-9289-4894-bf06-f2c4881f4bb9;11.39;0.13;BUY
2016-04-04T10:20:46.000000;2016-04-04T10:20:46.327000;c405995c-f3fd-44f1-97cd-b0b2d717d900;11.391;0.003307;SELL
2016-04-04T10:21:00.000000;2016-04-04T10:21:00.860000;53363ba0-fcee-461b-8021-f24a6eff8890;11.388;0.131032;BUY
2016-04-04T10:21:12.000000;2016-04-04T10:21:12.383000;cdbdc287-137a-46d0-ba40-2f5d4b1c93ba;11.385;0.1;SELL
2016-04-04T10:21:12.000000;2016-04-04T10:21:12.393000;cdfab468-1123-47b9-95e9-c9a0b1e3098b;11.385;0.03;SELL
2016-04-04T10:21:13.000000;2016-04-04T10:21:13.623000;9041d156-d2c0-464c-9a5e-386e7620e493;11.385;0.07;SELL
2016-04-04T10:21:13.000000;2016-04-04T10:21:13.630000;f8ea926e-50db-42f4-80c7-05a74e21ad1a;11.384;0.06;SELL
2016-04-04T10:21:14.000000;2016-04-04T10:21:14.350000;10ca8265-b96f-48f4-84c1-4bac52e86b99;11.384;0.074768;SELL
2016-04-04T10:21:25.000000;2016-04-04T10:21:25.340000;bbddfd70-50ab-4e5d-8033-a6c74d21504a;11.379;0.125088;SELL
2016-04-04T10:21:43.000000;2016-04-04T10:21:43.737000;80da8e59-0b32-46d0-9cc1-45cb0261abcb;11.375;0.12985;SELL
2016-04-04T10:21:43.000000;2016-04-04T10:21:43.747000;fad74d08-8373-4e44-9a4d-82b1964c15ac;11.359;0.85;SELL
2016-04-04T10:21:43.000000;2016-04-04T10:21:43.760000;278cd32c-897e-4db9-af33-4b2c82db7707;11.35;8.60999074;SELL
2016-04-04T10:21:57.000000;2016-04-04T10:21:57.447000;0a7c4413-9769-492e-9cc5-5f16d19014d5;11.374;0.13;SELL
2016-04-04T10:21:58.000000;2016-04-04T10:21:58.127000;7cc25c40-d3e6-4795-ac2d-dd21d7ad13e2;11.374;0.00406;SELL
2016-04-04T10:22:02.000000;2016-04-04T10:22:02.700000;a6b2dd12-0704-4bc0-b362-85834b64966a;11.373;0.57223248;BUY
2016-04-04T10:22:13.000000;2016-04-04T10:22:13.493000;321be1e3-c9fd-439d-9097-a4814d80e4bd;11.37;0.130191;SELL
2016-04-04T10:22:13.000000;2016-04-04T10:22:13.507000;c865ee65-1bca-4243-a7df-abbfecbaaae0;11.35;1.259809;SELL
2016-04-04T10:22:29.000000;2016-04-04T10:22:29.063000;ee8d78d8-620b-42a0-ab21-8ef98d95b26a;11.361;0.127854;SELL
2016-04-04T10:22:47.000000;2016-04-04T10:22:47.777000;15b00789-29bc-4eb1-96dc-8a27c1b349a7;11.357;0.13;SELL
2016-04-04T10:22:48.000000;2016-04-04T10:22:48.860000;4d76f9a0-67f5-4e23-ae8f-50c40327b18f;11.357;0.002822;SELL
2016-04-04T10:22:49.000000;2016-04-04T10:22:49.687000;ea1f5203-3cdc-41f0-b738-2b53718c160c;11.35;0.13020026;SELL
2016-04-04T10:22:49.000000;2016-04-04T10:22:49.693000;5ddce394-4c42-4104-8a99-7dbb7bdbe0f2;11.33;0.1;SELL
2016-04-04T10:22:49.000000;2016-04-04T10:22:49.707000;426e146d-08f4-4176-bc9d-b8e26fb1acfa;11.3;34.69979974;SELL
2016-04-04T10:22:55.000000;2016-04-04T10:22:55.933000;d5f9411d-e3d1-4620-99f5-67f55f4bf69a;11.355;0.133489;BUY
2016-04-04T10:28:37.000000;2016-04-04T10:28:37.760000;b153d5f9-e8bd-4c9f-843f-12591db2838e;11.3;3.02892677;SELL
2016-04-04T10:28:56.000000;2016-04-04T10:28:56.717000;82462936-3a76-47e3-aaf6-157d6e183c49;11.3;12.27;SELL
2016-04-04T10:28:57.000000;2016-04-04T10:28:57.870000;65449a80-94e4-4f7e-9245-0139cc322e63;11.3;0.00127349;SELL
2016-04-04T10:31:00.000000;2016-04-04T10:31:00.347000;ea954424-f5b5-4eed-bec3-ea6cda9d8210;11.288;0.14;BUY
2016-04-04T10:34:32.000000;2016-04-04T10:34:32.880000;05654860-19e7-46d7-87c5-d05b856895ee;11.262;5.07;SELL
2016-04-04T10:35:33.000000;2016-04-04T10:35:33.937000;242a86eb-3725-49f3-996a-b54d3b4d91ae;11.262;0.0015;SELL
2016-04-04T10:35:33.000000;2016-04-04T10:35:33.947000;34f940ba-71f1-4652-ab9b-1e62b656b882;11.26;11.1785;SELL
2016-04-04T10:35:36.000000;2016-04-04T10:35:36.907000;da515923-f479-4521-9f04-08b6c4677c88;11.26;6.23;SELL
2016-04-04T10:35:38.000000;2016-04-04T10:35:38.050000;05ce8dae-a626-4778-a34e-0f86ff82089b;11.26;40.09;SELL
2016-04-04T10:35:39.000000;2016-04-04T10:35:39.050000;25cfd36b-9aea-4c8d-b6ae-7ec43b9a77ff;11.26;3.39;SELL
2016-04-04T10:35:47.000000;2016-04-04T10:35:47.147000;0a6b7788-94da-44e9-8a9e-b2f456c079cb;11.283;0.54;BUY
2016-04-04T10:35:48.000000;2016-04-04T10:35:48.617000;920a5142-69ae-48c4-b041-d7549bfa530a;11.26;11.76;SELL
2016-04-04T10:35:51.000000;2016-04-04T10:35:51.960000;f489a0b3-b85f-4eb2-b704-9cbd74072241;11.26;27.35;SELL
2016-04-04T10:35:52.000000;2016-04-04T10:35:52.260000;312c1046-a382-4ed3-8655-f77e40e98457;11.279;0.54;BUY
2016-04-04T10:35:52.000000;2016-04-04T10:35:52.787000;7bf6bcbc-993b-4977-8e77-9ab89197d387;11.26;0.0015;SELL
2016-04-04T10:35:53.000000;2016-04-04T10:35:53.137000;082c7e63-0393-4868-8b75-79e162325c80;11.26;0.10484935;BUY
2016-04-04T10:35:58.000000;2016-04-04T10:35:58.497000;c9d10591-efe3-4f82-93cb-057634f0a0d4;11.25;50.0;SELL
2016-04-04T10:35:58.000000;2016-04-04T10:35:58.510000;00428aa4-6702-4c5b-a061-fd62ed631b9a;11.25;4.0;SELL
2016-04-04T10:36:59.000000;2016-04-04T10:36:59.597000;38120e83-83ba-41f9-abe6-b4b382dce7db;11.231;0.54950594;SELL
2016-04-04T10:37:01.000000;2016-04-04T10:37:01.910000;da888a76-c67d-462f-85e3-51c293f9be39;11.23;7.43255666;SELL
2016-04-04T10:37:04.000000;2016-04-04T10:37:04.357000;08fc5dbf-20c5-4b7a-b258-ab44e91423a3;11.272;0.130083;BUY
2016-04-04T10:37:13.000000;2016-04-04T10:37:13.117000;46ec4f3e-bbd8-44a1-9859-0ac887356c67;11.265;0.132287;BUY
2016-04-04T10:37:24.000000;2016-04-04T10:37:24.650000;71faf469-7180-4ff5-84b6-f4eb65309a11;11.261;0.128077;BUY
2016-04-04T10:37:26.000000;2016-04-04T10:37:26.447000;3a26f7fc-75e7-4811-aed6-305d1e77f27c;11.259;4.81924351;BUY
2016-04-04T10:37:34.000000;2016-04-04T10:37:34.367000;988a8447-b44e-40d6-84dc-135ddb230587;11.255;0.132707;BUY
2016-04-04T10:37:45.000000;2016-04-04T10:37:45.100000;c008eaab-28f8-45dc-9d8a-8f2b833469de;11.324;0.131312;BUY
2016-04-04T10:37:59.000000;2016-04-04T10:37:59.230000;50a87f44-b553-425f-90e5-128b7d498190;11.321;0.131835;BUY
2016-04-04T10:42:29.000000;2016-04-04T10:42:29.990000;4650a004-2ae6-44b1-9d05-bc7b9fa51b9e;11.314;11.87244228;BUY
2016-04-04T10:42:29.000000;2016-04-04T10:42:30.000000;ba1eb5e6-f1ac-4164-83fe-ee7d8791ca6a;11.315;26.51845772;BUY
2016-04-04T10:50:28.000000;2016-04-04T10:50:28.800000;dd946e4b-5725-4bc2-9846-009dd85f5593;11.309;0.1;BUY
2016-04-04T10:50:28.000000;2016-04-04T10:50:28.807000;8baec10e-afa7-4389-8101-537c71f8c55b;11.31;24.9;BUY
2016-04-04T11:13:39.000000;2016-04-04T11:13:39.080000;bc757aa2-42db-4aad-b9c2-5964097e99e4;11.318;0.13;SELL
2016-04-04T11:13:39.000000;2016-04-04T11:13:39.967000;a9c6fc59-c995-40d2-b151-c4ea5260f5ae;11.318;0.000164;SELL
2016-04-04T11:13:43.000000;2016-04-04T11:13:43.253000;43350b2c-a86f-4a7b-a36b-8a965e20fabb;11.318;0.127349;BUY
2016-04-04T11:26:42.000000;2016-04-04T11:26:42.280000;76ca21f3-6872-4f2a-abbe-8a7b892b6784;11.232;0.1;SELL
2016-04-04T11:26:42.000000;2016-04-04T11:26:42.290000;c4dbc506-47b8-4503-ac4b-f2b6d6a7d7f3;11.23;0.2503;SELL
2016-04-04T11:26:50.000000;2016-04-04T11:26:50.600000;c5b82876-a14a-48d7-a4d6-74cfa9caa16b;11.23;0.54895589;SELL
2016-04-04T11:26:52.000000;2016-04-04T11:26:52.230000;aef25b55-367c-4c6b-bc67-140985329d15;11.23;0.54895589;SELL
2016-04-04T11:26:53.000000;2016-04-04T11:26:53.193000;ad36b786-bd3b-43e8-bde3-7c634e1cf334;11.23;0.54895589;SELL
2016-04-04T11:26:54.000000;2016-04-04T11:26:54.703000;d11f8191-14a4-49f1-b5ae-7b8b3055d2e5;11.23;0.54895589;SELL
2016-04-04T11:27:03.000000;2016-04-04T11:27:03.373000;c20ed2b0-cfe1-4f67-9c27-0b251f86f657;11.23;0.12131978;SELL
2016-04-04T11:27:03.000000;2016-04-04T11:27:03.380000;2f8ec058-1132-46ab-af52-6d3039f55f53;11.23;20.46687378;SELL
2016-04-04T11:28:24.000000;2016-04-04T11:28:24.510000;4b1292b6-5e71-43b8-986c-3571558eb511;11.23;0.54895589;SELL
2016-04-04T11:28:25.000000;2016-04-04T11:28:25.743000;103ea538-c1bc-41a9-9f43-35ab858cf07c;11.23;0.54895589;SELL
2016-04-04T11:31:19.000000;2016-04-04T11:31:19.260000;fcdef4df-5b28-48d0-8f05-b81af1cd21b5;11.278;0.13;SELL
2016-04-04T11:31:20.000000;2016-04-04T11:31:20.347000;17ffa466-115a-4be3-b7a3-6b965b45d210;11.278;0.001328;SELL
2016-04-04T11:31:29.000000;2016-04-04T11:31:29.790000;d1b5276c-43f2-4e32-bad9-eb23e946b5ca;11.276;0.13;SELL
2016-04-04T11:31:30.000000;2016-04-04T11:31:30.240000;0b5e1dd8-c761-4b20-8ad6-80c336c0e795;11.276;0.001552;SELL
2016-04-04T11:31:35.000000;2016-04-04T11:31:35.397000;ea3d9d7e-89d8-4732-b8b2-7921a8c38d56;11.274;0.131493;BUY
2016-04-04T11:31:46.000000;2016-04-04T11:31:46.890000;a8d2ec52-f0a3-4946-8f8f-3fcbef471cc7;11.258;0.129803;SELL
2016-04-04T11:32:58.000000;2016-04-04T11:32:58.940000;222d8aa3-7fb7-4ee8-85d7-ee4a2eecdc5b;11.258;0.13;SELL
2016-04-04T11:33:00.000000;2016-04-04T11:33:00.580000;2f2e3ee6-4908-44a4-a07e-bd3eda370bc2;11.258;0.001524;SELL
2016-04-04T11:35:15.000000;2016-04-04T11:35:15.583000;a9376076-0fb4-4ba5-9895-511a983d3186;11.262;51.3784;BUY
2016-04-04T11:35:15.000000;2016-04-04T11:35:15.613000;6fff503c-56da-4f2c-bca7-8156ac10b032;11.272;20.48277397;BUY
2016-04-04T11:35:15.000000;2016-04-04T11:35:15.613000;82657e64-132f-4f30-a524-a9f48fa09d48;11.273;0.54895589;BUY
2016-04-04T11:35:15.000000;2016-04-04T11:35:15.613000;fe07fef7-a724-4c6a-890d-41731f085d89;11.32;200.0;BUY
2016-04-04T11:35:15.000000;2016-04-04T11:35:15.617000;27697bd6-9093-4e9f-9401-3f0e4a828426;11.321;0.54895589;BUY
2016-04-04T11:35:15.000000;2016-04-04T11:35:15.643000;1505ddf0-70af-433c-a15d-dd002906f116;11.324;0.3503;BUY
2016-04-04T11:35:15.000000;2016-04-04T11:35:15.643000;b6916e1c-53c3-447f-92a3-a5ce2eb15037;11.342;0.1;BUY
2016-04-04T11:35:15.000000;2016-04-04T11:35:15.643000;3d87bf50-2371-4662-98f7-1e9a648730d1;11.344;0.1;BUY
2016-04-04T11:35:15.000000;2016-04-04T11:35:15.643000;1bc09abb-c96a-4e16-98c6-7b58ce9e990e;11.352;0.1;BUY
2016-04-04T11:35:15.000000;2016-04-04T11:35:15.643000;3f2bcbef-b9d3-429b-9652-222344801e1d;11.355;76.39061425;BUY
2016-04-04T11:35:18.000000;2016-04-04T11:35:18.697000;4e3a5ff2-2a5a-4627-8baa-7bdc6236079f;11.271;19.78433898;BUY
2016-04-04T11:35:18.000000;2016-04-04T11:35:18.707000;8c6480ee-b9cf-4e80-a7bb-ded8aea6401e;11.323;0.3503;BUY
2016-04-04T11:35:18.000000;2016-04-04T11:35:18.710000;f49acf13-ed16-46fd-b99c-376b335aa071;11.355;8.98938575;BUY
2016-04-04T11:35:18.000000;2016-04-04T11:35:18.737000;88ebcc76-c623-4178-84b7-fe299d131807;11.355;76.9599964;BUY
2016-04-04T11:35:18.000000;2016-04-04T11:35:18.740000;9dfca47b-aceb-4893-9235-2b78f57a9ec0;11.355;10.878968;BUY
2016-04-04T11:35:18.000000;2016-04-04T11:35:18.740000;5cfb4136-e6d8-4e68-99ee-0623107065ef;11.355;86.845865;BUY
2016-04-04T11:35:18.000000;2016-04-04T11:35:18.750000;fec73bed-cd50-4584-941a-730e8931774c;11.364;19.76799519;BUY
2016-04-04T11:35:18.000000;2016-04-04T11:35:18.770000;3f00c353-969c-4c8c-9e31-02f0e461dfaf;11.376;0.1;BUY
2016-04-04T11:35:18.000000;2016-04-04T11:35:18.773000;70fcf2ea-d9ca-4478-9d6b-d7cdfab3855b;11.383;0.1;BUY
2016-04-04T11:35:18.000000;2016-04-04T11:35:18.800000;4021c9bd-5bc3-479b-b6e2-fcc1c36e9251;11.41;5.19838485;BUY
2016-04-04T11:35:18.000000;2016-04-04T11:35:18.800000;1cdf00d8-c2ad-421c-b792-3ca72d7ed810;11.452;0.216481;BUY
2016-04-04T11:35:18.000000;2016-04-04T11:35:18.800000;b9913d25-3b36-4d0c-831d-f0558681298c;11.452;0.3501;BUY
2016-04-04T11:35:18.000000;2016-04-04T11:35:18.803000;08e8279a-3992-4255-b9e3-c6b56dc1a4da;11.466;104.247;BUY
2016-04-04T11:35:18.000000;2016-04-04T11:35:18.830000;0c558d5c-5d95-4abb-991e-4a7a484e0624;11.466;16.21118483;BUY
2016-04-04T11:52:41.000000;2016-04-04T11:52:41.813000;0b6abd3a-56ac-4471-b3fd-89eae51f2ec2;11.311;2.0;BUY
2016-04-04T11:53:42.000000;2016-04-04T11:53:42.073000;66446249-48f2-4f8d-9fd4-c203fae94ded;11.23;35.5;SELL
2016-04-04T11:54:45.000000;2016-04-04T11:54:45.253000;2cbcc00d-d73d-4d38-b243-82950c95f33e;11.23;2.93521444;SELL
2016-04-04T11:54:45.000000;2016-04-04T11:54:45.260000;46cc72a8-8eb8-4664-ab69-10df08ceb71c;11.23;30.38838556;SELL
2016-04-04T11:56:11.000000;2016-04-04T11:56:11.903000;e97947bc-069a-4ecd-9696-e6387d635b74;11.312;0.12868;BUY
2016-04-04T11:56:19.000000;2016-04-04T11:56:19.870000;222c4d8d-37d9-4f83-bc47-dc6afc534976;11.312;0.127146;BUY
2016-04-04T12:07:52.000000;2016-04-04T12:07:52.557000;64a78c11-1eeb-4f54-b2af-4a38f9198e6b;11.324;0.125384;BUY
2016-04-04T12:15:19.000000;2016-04-04T12:15:19.753000;97268054-9310-4f4c-988c-2fbae31cc316;11.334;0.129151;SELL
2016-04-04T12:15:33.000000;2016-04-04T12:15:33.420000;f65d3064-7ab3-4f98-ad14-9d1a8e9c46ad;11.324;0.123746;SELL
2016-04-04T12:17:34.000000;2016-04-04T12:17:34.710000;90de366c-a30d-4f93-af7d-32c0ec1bbce8;11.317;0.127341;SELL
2016-04-04T12:31:20.000000;2016-04-04T12:31:20.543000;41e14d79-76c3-440d-92a5-a32788715b10;11.23;19.61161444;SELL
2016-04-04T12:31:20.000000;2016-04-04T12:31:20.553000;e65e4ae5-daef-475c-8e0c-b14ac20ea08d;11.229;0.1;SELL
2016-04-04T12:31:20.000000;2016-04-04T12:31:20.560000;2fbb02ca-56b1-4369-8309-65c406c2917b;11.227;0.1;SELL
2016-04-04T12:31:20.000000;2016-04-04T12:31:20.583000;52d2d99b-3e07-4979-8659-a643e5c1ba28;11.224;0.1;SELL
2016-04-04T12:31:20.000000;2016-04-04T12:31:20.583000;ef822202-6a15-498e-90b4-f9f4979a87c3;11.22;5.08838556;SELL
2016-04-04T12:31:23.000000;2016-04-04T12:31:23.070000;37a44214-5a25-4d5d-a760-be03df883935;11.283;0.12986;BUY
2016-04-04T12:31:35.000000;2016-04-04T12:31:35.867000;a9296ed1-c36e-4386-9496-3bd28de83e17;11.283;0.123476;BUY
2016-04-04T12:34:21.000000;2016-04-04T12:34:21.650000;84c78302-086a-4fa8-a41a-9f08eb7a7d0e;11.28;5.0;BUY
2016-04-04T12:34:38.000000;2016-04-04T12:34:38.967000;b6c69cdf-2e92-4d8a-993d-3593a0bb5325;11.22;8.0705266;SELL
2016-04-04T12:40:09.000000;2016-04-04T12:40:09.290000;4665dffe-ce24-46a6-b397-a6a30d2437fa;11.281;15.51304583;BUY
2016-04-04T12:40:09.000000;2016-04-04T12:40:09.293000;8853fda0-93b6-4a00-b30d-71c808324642;11.282;77.19;BUY
2016-04-04T12:40:09.000000;2016-04-04T12:40:09.300000;b84e12a7-e2bd-4f62-ae4b-6f69cdf82ee0;11.282;102.84501947;BUY
2016-04-04T12:40:09.000000;2016-04-04T12:40:09.323000;a7d5f94a-48cf-46b8-a751-ba5656eb2742;11.282;4.4519347;BUY
2016-04-04T12:41:09.000000;2016-04-04T12:41:09.770000;842ecdcc-6bd9-4d71-a840-f4fa8d6fbd9a;11.26;35.5;SELL
2016-04-04T12:41:21.000000;2016-04-04T12:41:21.487000;e6ac793b-1fcf-466f-b584-c5389d365f2d;11.26;9.56152586;SELL
2016-04-04T12:41:25.000000;2016-04-04T12:41:25.750000;8bec7339-a9ea-4fd2-802a-9b9f4f37cd37;11.26;9.53389127;SELL
2016-04-04T12:41:28.000000;2016-04-04T12:41:28.917000;0998b698-2c50-41e8-b180-ca2e855c0c23;11.26;35.5;SELL
2016-04-04T12:41:39.000000;2016-04-04T12:41:39.610000;efde4085-50a4-4cd0-bbb4-439befd8faa0;11.26;9.53389127;SELL
2016-04-04T12:41:42.000000;2016-04-04T12:41:42.883000;fff01fb7-b2e3-4580-9e87-73cd4841ba0c;11.26;9.55847356;SELL
2016-04-04T12:41:45.000000;2016-04-04T12:41:46.013000;823f4ccd-0fc6-4a1c-88ce-62e0cd78cab7;11.26;9.55847356;SELL
2016-04-04T12:41:47.000000;2016-04-04T12:41:47.587000;b827d267-8636-4b04-b79b-fb058479f460;11.26;35.5;SELL
2016-04-04T12:41:49.000000;2016-04-04T12:41:49.190000;f61de8d2-7361-4dc5-96d3-97eada56ed09;11.26;9.55847356;SELL
2016-04-04T12:41:52.000000;2016-04-04T12:41:52.553000;ff764f98-9f3b-4a95-b162-32ef99937db9;11.26;1.13759776;SELL
2016-04-04T12:41:57.000000;2016-04-04T12:41:57.093000;8fe70e1f-7363-41c3-994f-a0c154dd6f0d;11.26;9.53389127;SELL
2016-04-04T12:42:02.000000;2016-04-04T12:42:02.533000;ed6b7194-bf0f-4ced-882a-c74871ea19c2;11.26;9.53389127;SELL
2016-04-04T12:42:06.000000;2016-04-04T12:42:06.733000;4260a1a6-43ab-4042-8aa5-28be31674afc;11.26;9.53432836;SELL
2016-04-04T12:42:10.000000;2016-04-04T12:42:10.653000;1d1c25ca-5168-4955-ac21-5d0bb540d9a3;11.26;6.45556226;SELL
2016-04-04T12:43:03.000000;2016-04-04T12:43:03.977000;5dd442a2-8f6f-4f8f-b962-af0c29784b20;11.259;0.125994;BUY
2016-04-04T12:43:06.000000;2016-04-04T12:43:06.490000;d6983ffa-b952-4ca8-b7ee-df8ede1aa76d;11.259;0.6185274;BUY
2016-04-04T12:43:11.000000;2016-04-04T12:43:11.917000;cd9d05c4-b1fc-4c5b-8a2a-354e82cacbac;11.257;0.127585;BUY
2016-04-04T12:43:39.000000;2016-04-04T12:43:39.793000;4aaef76b-d246-4b54-9126-76c21d372b91;11.248;35.5;SELL
2016-04-04T12:43:51.000000;2016-04-04T12:43:51.103000;cb54b432-7073-4920-9acb-af2c1d66e4f9;11.248;8.69710141;SELL
2016-04-04T12:43:54.000000;2016-04-04T12:43:54.920000;5dbf8196-e0a1-4d01-9285-693236b4aed8;11.248;1.54045595;SELL
2016-04-04T12:44:00.000000;2016-04-04T12:44:00.483000;74cb4038-e603-4e67-9ef5-fe9999a1a710;11.248;9.23504561;SELL
2016-04-04T12:44:04.000000;2016-04-04T12:44:04.353000;9f0efa01-704e-425e-bec9-c6e5c2864462;11.248;9.23504561;SELL
2016-04-04T12:44:08.000000;2016-04-04T12:44:08.553000;8b9d0ef9-5d52-4fa2-a5f1-4e55047ca562;11.248;9.40897766;SELL
2016-04-04T12:44:12.000000;2016-04-04T12:44:12.323000;0ac57c22-a327-4972-8428-b07c3d33a3cb;11.248;9.23504561;SELL
2016-04-04T12:44:16.000000;2016-04-04T12:44:16.570000;b5856fef-851e-425b-89df-ee92e4b437ac;11.248;9.78717924;SELL
2016-04-04T12:44:17.000000;2016-04-04T12:44:17.400000;cecdf7c6-0ee8-4101-99c2-5e43cf6ce672;11.248;7.36114891;SELL
2016-04-04T12:44:22.000000;2016-04-04T12:44:22.913000;e04f3a3e-6a98-45cc-ad55-8fc44406ecfe;11.241;7.12;SELL
2016-04-04T12:44:23.000000;2016-04-04T12:44:23.897000;94a7915f-0e7a-46a3-8a6b-075cc9f9bb72;11.241;8.2176548;SELL
2016-04-04T12:44:35.000000;2016-04-04T12:44:35.793000;7d9812e6-d25e-4f68-9d83-a8a384acebe6;11.241;8.55437753;SELL
2016-04-04T12:44:39.000000;2016-04-04T12:44:39.573000;e9c73fe6-5807-44d9-bb67-a9b182c84bb8;11.241;9.19673637;SELL
2016-04-04T12:44:40.000000;2016-04-04T12:44:40.440000;0ba67ffb-c32d-4416-b57a-dff4f95406c4;11.241;15.58983341;SELL
2016-04-04T12:44:41.000000;2016-04-04T12:44:41.807000;a25b9468-a9f2-47c9-847d-86b8255aa2a6;11.241;15.58983341;SELL
2016-04-04T12:44:43.000000;2016-04-04T12:44:43.560000;71408ecd-0025-4601-a60d-f10a5532274a;11.241;15.58983341;SELL
2016-04-04T12:44:48.000000;2016-04-04T12:44:48.880000;3cce8834-b38e-4a83-9335-6b64ed9885ce;11.241;15.59008701;SELL
2016-04-04T12:44:50.000000;2016-04-04T12:44:50.097000;f39dd27e-e45a-45f8-9eef-e7cbd5231421;11.241;4.55164406;SELL
2016-04-04T12:45:03.000000;2016-04-04T12:45:03.633000;786f9b9f-4cab-4c4d-ac15-45946320c2e1;11.22;1.68065096;SELL
2016-04-04T12:45:05.000000;2016-04-04T12:45:05.607000;48d80f67-c9fd-4219-94bc-657558c55d17;11.22;1.68065096;SELL
2016-04-04T12:45:05.000000;2016-04-04T12:45:05.827000;620d9274-b538-43f9-97c6-715c9d111de5;11.22;3.8764125;SELL
2016-04-04T12:45:10.000000;2016-04-04T12:45:10.593000;6edfb693-925c-4a24-93ae-d6796b178c04;11.22;9.30817829;SELL
2016-04-04T12:45:15.000000;2016-04-04T12:45:15.907000;3e43d760-23e5-4dc0-b8e2-fa470d906b60;11.22;9.30817829;SELL
2016-04-04T12:45:17.000000;2016-04-04T12:45:17.973000;2d85b451-8a80-4917-bb73-565b22a5c375;11.22;6.28494182;SELL
2016-04-04T12:45:18.000000;2016-04-04T12:45:18.830000;ecd5f3bb-e217-4c2c-a0bd-864dd3075a3f;11.22;5.04615574;SELL
2016-04-04T12:45:19.000000;2016-04-04T12:45:19.727000;f33ed07e-c28b-4bc7-bf3b-227638668bf0;11.22;6.65617856;SELL
2016-04-04T12:45:23.000000;2016-04-04T12:45:23.797000;135db34f-5136-44f7-a23d-eadd96e1a125;11.22;2.98395722;SELL
2016-04-04T12:45:28.000000;2016-04-04T12:45:28.913000;2bba4ded-5040-4c5a-b584-612039484669;11.22;9.31995163;SELL
2016-04-04T12:45:33.000000;2016-04-04T12:45:33.453000;f9e4202d-7107-439f-a105-cf017b8117e2;11.22;9.26178975;SELL
2016-04-04T12:45:37.000000;2016-04-04T12:45:37.363000;1e0ffa4f-ab07-4ad1-8f36-a6aaea83e3f9;11.22;9.11093177;SELL
2016-04-04T12:45:40.000000;2016-04-04T12:45:41.013000;fa318662-ac47-49c7-b7c9-ba0a1caf464a;11.22;8.77542736;SELL
2016-04-04T12:45:44.000000;2016-04-04T12:45:44.423000;b863b826-0fc3-4cb6-ac10-27ea29383c6a;11.22;8.33619812;SELL
2016-04-04T12:45:47.000000;2016-04-04T12:45:47.873000;86d1c9e7-b7ed-4ff2-8d46-67bf89431f5d;11.22;7.67324009;SELL
2016-04-04T12:46:14.000000;2016-04-04T12:46:14.883000;ed919627-01dc-4083-af84-f00c21da9c0b;11.22;8.19873535;SELL
2016-04-04T12:46:15.000000;2016-04-04T12:46:15.330000;85182e9a-705a-4662-adb6-3d6df06da16a;11.22;12.132716;SELL
2016-04-04T12:46:23.000000;2016-04-04T12:46:23.163000;96f48c7d-7d45-4fe9-bbcf-764e7c136dbd;11.22;2.49783731;SELL
2016-04-04T12:46:24.000000;2016-04-04T12:46:24.517000;f1ee61b9-6c7c-4e8a-80bd-f64eefea53b7;11.22;11.03844295;SELL
2016-04-04T12:46:25.000000;2016-04-04T12:46:25.417000;8a225ec4-f121-47b0-8503-ab9a56c97517;11.22;15.61926618;SELL
2016-04-04T12:46:25.000000;2016-04-04T12:46:25.680000;3b1d833f-cbbc-44c4-893d-831d456302cb;11.22;15.61926618;SELL
2016-04-04T12:46:25.000000;2016-04-04T12:46:25.923000;15a7b61e-9cce-4432-8551-3fd22b24665b;11.22;15.59738616;SELL
2016-04-04T12:46:26.000000;2016-04-04T12:46:26.237000;c35c8fc7-9deb-43d7-aabf-1cd6415d6b20;11.22;7.08471732;SELL
2016-04-04T12:46:27.000000;2016-04-04T12:46:27.280000;be715c0b-e4fb-48a0-8b41-f19d1f05679f;11.22;15.59738608;SELL
2016-04-04T12:46:27.000000;2016-04-04T12:46:27.347000;7e9574ac-b1b5-4983-8df6-1fe1eb3fc2b7;11.22;10.41284424;SELL
2016-04-04T12:46:28.000000;2016-04-04T12:46:28.623000;7874acb8-5c1d-4e10-a018-49b4fdcce565;11.22;10.41284449;SELL
2016-04-04T12:46:28.000000;2016-04-04T12:46:28.633000;078e8f48-5f68-4b23-b8aa-10d18e45444a;11.22;15.59738608;SELL
2016-04-04T12:46:31.000000;2016-04-04T12:46:31.200000;7663d457-8fc3-4c70-90f0-408ed0dc07e6;11.22;15.59738608;SELL
2016-04-04T12:46:32.000000;2016-04-04T12:46:32.653000;34c1377c-3e2d-4433-ac29-2becfced35db;11.22;15.59738608;SELL
2016-04-04T12:46:32.000000;2016-04-04T12:46:32.700000;3d3c0ac5-ab22-4e8d-a51f-7c9c1dbec202;11.22;10.41284424;SELL
2016-04-04T12:46:33.000000;2016-04-04T12:46:33.333000;ae9d92c8-eed9-4205-aaf5-4cd13f6419f5;11.22;15.61926618;SELL
2016-04-04T12:46:33.000000;2016-04-04T12:46:33.657000;d9e5d010-bf1c-4ff5-9760-c4e1b8284bfb;11.22;15.59738608;SELL
2016-04-04T12:46:34.000000;2016-04-04T12:46:34.317000;a24366ff-1459-498d-8e74-1b3bb505b63b;11.22;15.59738608;SELL
2016-04-04T12:46:35.000000;2016-04-04T12:46:35.477000;2a1b71cc-59d7-4b4d-82a5-88a48d253850;11.22;10.41284424;SELL
2016-04-04T12:46:35.000000;2016-04-04T12:46:35.743000;cb969079-8c67-4b8a-83dc-76b8332ee867;11.22;10.42745143;SELL
2016-04-04T12:46:35.000000;2016-04-04T12:46:36.007000;c6daf93b-0822-4366-addc-873512291ad5;11.22;15.59738608;SELL
2016-04-04T12:46:36.000000;2016-04-04T12:46:36.607000;cf29b84d-19c6-4db6-96b4-44d5dacc9b25;11.22;15.59738608;SELL
2016-04-04T12:46:36.000000;2016-04-04T12:46:36.783000;08ecfa73-4d5c-4193-ac79-d62cd4c27e7c;11.22;10.41284424;SELL
2016-04-04T12:46:41.000000;2016-04-04T12:46:42.033000;c70eb001-d3b1-4566-bd69-c7b194630a9c;11.22;10.41284424;SELL
2016-04-04T12:46:42.000000;2016-04-04T12:46:42.577000;3275f5a8-0be9-4a26-ba50-f7793f9c0354;11.22;8.61100539;SELL
2016-04-04T12:46:42.000000;2016-04-04T12:46:42.590000;92d0575f-e219-43ee-8306-256318bce48b;11.22;1.80183885;SELL
2016-04-04T12:46:43.000000;2016-04-04T12:46:43.270000;ce8f7ccc-10ae-4d53-8a9e-1a870d97a9d8;11.22;10.41284424;SELL
2016-04-04T12:46:44.000000;2016-04-04T12:46:44.923000;ddf7a761-bfd9-4cf2-86f7-6896369f6dbc;11.22;10.41284424;SELL
2016-04-04T12:46:45.000000;2016-04-04T12:46:45.057000;d44ae69f-13e0-4430-912a-593b2ea49d5d;11.22;10.41284424;SELL
2016-04-04T12:46:45.000000;2016-04-04T12:46:45.353000;63fb00db-513a-4a92-9c25-d0adb2690b32;11.22;10.41284424;SELL
2016-04-04T12:46:45.000000;2016-04-04T12:46:45.617000;5a25fbcd-bc18-455d-9a18-c64e0fcfda9d;11.22;10.41284424;SELL
2016-04-04T12:46:46.000000;2016-04-04T12:46:46.073000;1afd8d2e-83f2-43b9-8460-1a2a4a03471e;11.22;135.78010846;SELL
2016-04-04T12:46:46.000000;2016-04-04T12:46:46.883000;6c8ac13a-35f7-4d7b-969b-49b634935725;11.22;10.35383149;SELL
2016-04-04T12:46:48.000000;2016-04-04T12:46:48.880000;f82ce9fd-e62d-47b1-ad71-1f9157f686db;11.218;0.998;SELL
2016-04-04T12:46:50.000000;2016-04-04T12:46:50.487000;ec6839ca-0b32-4dcf-9c9f-d81bf21c4c04;11.218;0.998;SELL
2016-04-04T12:46:51.000000;2016-04-04T12:46:51.653000;0f40bffd-52e0-422d-94a5-d64f82e98d32;11.218;0.99799988;SELL
2016-04-04T12:46:52.000000;2016-04-04T12:46:52.060000;77ef3759-8883-4d7c-846f-bcf3149bfc2c;11.218;10.41470069;SELL
2016-04-04T12:46:52.000000;2016-04-04T12:46:52.453000;324d7f31-61c3-4c29-a241-cb0cfb49d6b0;11.218;0.99939988;SELL
2016-04-04T12:46:53.000000;2016-04-04T12:46:53.363000;553b6266-c0af-4232-96aa-e93a429f0419;11.218;10.41470069;SELL
2016-04-04T12:46:54.000000;2016-04-04T12:46:54.670000;d373dc89-12d2-4b9c-baf8-3701899e7c0b;11.218;10.41470069;SELL
2016-04-04T12:46:56.000000;2016-04-04T12:46:56.963000;ff947ab6-4653-438c-8884-cdb289be7b24;11.218;30.80363001;SELL
2016-04-04T12:46:57.000000;2016-04-04T12:46:57.223000;1c9b0671-e43e-4819-a8c7-3907abc32559;11.218;10.41470069;SELL
2016-04-04T12:46:57.000000;2016-04-04T12:46:57.930000;7937a5f5-ecb2-4870-b62c-66075a5d7f86;11.218;10.41470069;SELL
2016-04-04T12:46:58.000000;2016-04-04T12:46:58.733000;7e3a8ec1-9a41-4f7e-a97d-b358a8784d01;11.218;10.42931049;SELL
2016-04-04T12:46:59.000000;2016-04-04T12:46:59.220000;1b58f7c8-2fc6-4087-96de-2642b0fda8ce;11.218;2.70015629;SELL
2016-04-04T12:46:59.000000;2016-04-04T12:47:00.100000;61026e9b-4cf1-4293-b605-a1ba16de31a3;11.21;44.118087;SELL
2016-04-04T12:46:59.000000;2016-04-04T12:47:00.113000;afd430d2-8cfb-4501-a661-f799e764899e;11.21;5.881913;SELL
2016-04-04T12:46:59.000000;2016-04-04T12:47:00.117000;90bd98bb-a409-478c-8060-d366b79a7172;11.207;0.1;SELL
2016-04-04T12:46:59.000000;2016-04-04T12:47:00.143000;6286d7a5-7445-4a4c-9fb9-8bd434f11667;11.199;0.1;SELL
2016-04-04T12:46:59.000000;2016-04-04T12:47:00.410000;4abdc160-d79e-4be2-91bd-3a6071459f3f;11.184;0.1;SELL
2016-04-04T12:46:59.000000;2016-04-04T12:47:00.427000;e9d60324-b4b5-4503-855d-3f7f06e333e8;11.178;0.1;SELL
2016-04-04T12:46:59.000000;2016-04-04T12:47:00.433000;477dd546-2d55-450b-b2f0-e0b2c3f9a658;11.16;34.0912788;SELL
2016-04-04T12:47:06.000000;2016-04-04T12:47:06.397000;e41b12f3-05ac-4881-82dc-547b002ac348;11.16;15.9087212;SELL
2016-04-04T12:47:06.000000;2016-04-04T12:47:06.413000;0042ce06-cdff-49e3-9321-f2e34af6bd63;11.11;50.0;SELL
2016-04-04T12:47:06.000000;2016-04-04T12:47:06.423000;8ce0a678-44a4-43f5-8bad-acb72f287162;11.1;68.1756;SELL
2016-04-04T12:47:06.000000;2016-04-04T12:47:06.443000;a5bb3f8a-b7af-4e8f-917a-854826f73263;11.035;50.102;SELL
2016-04-04T12:47:06.000000;2016-04-04T12:47:06.443000;299309b2-e68f-432a-b48d-f4efe0c1f4f4;11.034;5.1206;SELL
2016-04-04T12:47:06.000000;2016-04-04T12:47:06.443000;c9458ec7-e899-45ff-a4f4-db27d788ffe5;11.034;7.648875;SELL
2016-04-04T12:47:06.000000;2016-04-04T12:47:06.450000;268d435b-73aa-4f59-901a-8a98a688320f;11.032;0.3503;SELL
2016-04-04T12:47:06.000000;2016-04-04T12:47:06.473000;379742a4-c3af-4704-b337-2f3eeda9a559;11.01;10.0;SELL
2016-04-04T12:47:06.000000;2016-04-04T12:47:06.473000;e18cdd2f-d2ca-4203-a90d-eeb111f46fcb;11.008;3.0175;SELL
2016-04-04T12:47:06.000000;2016-04-04T12:47:06.473000;4e352f81-11d1-4cec-8a05-99771d32cccb;11.0;3.3;SELL
2016-04-04T12:47:06.000000;2016-04-04T12:47:06.473000;c6a9a5ef-ffd9-4297-a1b7-d932cd752535;11.0;0.3;SELL
2016-04-04T12:47:06.000000;2016-04-04T12:47:06.483000;a6db296c-7b58-4232-b3d7-36053d1c9dae;11.0;2.4258574;SELL
2016-04-04T12:47:06.000000;2016-04-04T12:47:06.503000;dcb0e8d5-506d-4f23-bae7-54e7b45fd0ee;11.0;1.0;SELL
2016-04-04T12:47:06.000000;2016-04-04T12:47:06.503000;00321e8b-f8df-4a83-82de-799b2bbb0646;11.0;1.0;SELL
2016-04-04T12:47:06.000000;2016-04-04T12:47:06.503000;9deccb81-6068-4eb1-8acb-f102b59bf83d;10.99;26.3804;SELL
2016-04-04T12:47:06.000000;2016-04-04T12:47:06.503000;babb12a8-053a-4442-bfab-a660b718a92c;10.96;0.1;SELL
2016-04-04T12:47:06.000000;2016-04-04T12:47:06.507000;490e029a-0b1f-4da6-a3a1-37d59e964109;10.91;2.2;SELL
2016-04-04T12:47:06.000000;2016-04-04T12:47:06.533000;a8c13189-29ea-4713-a6be-a276f6c9a7cc;10.881;105.2981464;SELL
2016-04-04T12:47:25.000000;2016-04-04T12:47:25.917000;8cff1601-7c5e-4d32-8698-665241fcd803;11.2;62.13988583;SELL
2016-04-04T12:47:26.000000;2016-04-04T12:47:26.157000;21d0aa35-cfbb-4ca5-b937-317753b88d9d;11.2;37.86011417;SELL
2016-04-04T12:49:55.000000;2016-04-04T12:49:55.097000;58845d02-f7ec-40cc-a9a7-a21f3caf9fb8;11.18;66.66479943;SELL
2016-04-04T12:49:55.000000;2016-04-04T12:49:55.467000;0ded1df6-486c-4e71-b2c7-afeb3db16330;11.18;66.66479943;SELL
2016-04-04T12:49:56.000000;2016-04-04T12:49:56.393000;a92f07b1-1692-49ed-89ca-c72013d86590;11.18;66.67040114;SELL
2016-04-04T12:51:48.000000;2016-04-04T12:51:48.243000;a7caa831-c3e3-444a-91b5-341c0c3b498f;11.14;100.0;SELL
2016-04-04T12:52:34.000000;2016-04-04T12:52:34.260000;3952b371-1199-4ed9-bac1-32ca24aa4f2f;11.13;100.0;SELL
2016-04-04T12:52:42.000000;2016-04-04T12:52:42.863000;e2a59acb-1039-4ded-8b22-779af2eb130f;11.1;15.78785303;SELL
2016-04-04T12:54:05.000000;2016-04-04T12:54:05.557000;2b92e8ac-5c92-41ff-9b0a-92e7984dc7c8;11.1;0.3503;SELL
2016-04-04T12:54:50.000000;2016-04-04T12:54:50.370000;c1419b9a-fa02-434d-9be4-8194176d5bf2;11.131;0.115216;BUY
2016-04-04T12:54:59.000000;2016-04-04T12:54:59.150000;9ab61305-c265-4fe0-bb16-8b1f150c49a2;11.128;0.129537;BUY
2016-04-04T12:55:30.000000;2016-04-04T12:55:30.603000;7732c584-6c73-4b10-a4b6-e656f4880c4c;11.12;20.07875015;SELL
2016-04-04T12:55:32.000000;2016-04-04T12:55:32.860000;4d071f0e-2242-4e3c-9e41-ec808a827e00;11.12;20.09314266;SELL
2016-04-04T12:55:34.000000;2016-04-04T12:55:34.040000;348a43c2-eb33-4925-97bc-4978847d23e5;11.12;4.57747447;SELL
2016-04-04T12:55:51.000000;2016-04-04T12:55:51.827000;17e15aa5-dab3-444e-b21e-2cfa10b7fd8f;11.12;2.15611086;SELL
2016-04-04T12:55:52.000000;2016-04-04T12:55:52.180000;3f38f31b-934f-4ef0-a641-1db7a0564867;11.12;2.15913546;SELL
2016-04-04T12:56:13.000000;2016-04-04T12:56:13.287000;3207c8a0-43cf-49e9-8058-8fd2ad04209b;11.131;0.67163777;BUY
2016-04-04T12:57:38.000000;2016-04-04T12:57:38.140000;bed5c460-0eae-4422-b6e2-0aeeaa45b44f;11.131;79.95086223;BUY
2016-04-04T12:57:38.000000;2016-04-04T12:57:38.157000;0cbd1829-aa2f-4c4e-867c-9cbbf154cff5;11.137;6.45666901;BUY
2016-04-04T12:57:38.000000;2016-04-04T12:57:38.170000;1abef64d-da99-4e85-92ab-ee10608fb4b2;11.138;49.50112921;BUY
2016-04-04T12:58:32.000000;2016-04-04T12:58:32.550000;cb170c82-56f2-4414-ac9e-70b2341ed8a2;11.12;17.96768251;SELL
2016-04-04T12:59:17.000000;2016-04-04T12:59:17.803000;8316e2f1-d157-4948-9b4c-623e47762270;11.13;20.86;SELL
2016-04-04T12:59:18.000000;2016-04-04T12:59:18.790000;e76e11c5-9500-43f0-a6af-383a264f6cfb;11.13;35.06;SELL
2016-04-04T12:59:19.000000;2016-04-04T12:59:19.767000;6f7d26a4-af45-472d-bcda-dc58d14cf39f;11.13;12.31;SELL
2016-04-04T12:59:20.000000;2016-04-04T12:59:20.797000;f787f926-3e9b-4cc7-91ee-47df651a0c3c;11.13;2.35;SELL
2016-04-04T12:59:21.000000;2016-04-04T12:59:21.803000;c8703d1a-d45f-4282-92fa-4a0388b37bee;11.13;23.94;SELL
2016-04-04T12:59:26.000000;2016-04-04T12:59:26.263000;ee96d161-539c-4911-9bf3-58fde9ec541a;11.13;46.43;SELL
2016-04-04T12:59:27.000000;2016-04-04T12:59:27.217000;ea57002f-2cfd-4d59-8ca6-39d39034c97c;11.13;59.05;SELL
2016-04-04T12:59:40.000000;2016-04-04T12:59:40.297000;b35f40a1-34e0-4b71-be6f-fa40b2124cd6;11.12;32.96770389;SELL
2016-04-04T12:59:40.000000;2016-04-04T12:59:40.310000;b9ddb59d-3e48-4114-b462-5eecf70efe93;11.1;67.03229611;SELL
2016-04-04T12:59:42.000000;2016-04-04T12:59:42.457000;ed7f3a7e-c5a4-455e-a159-26ba751031a9;11.12;28.99;BUY
2016-04-04T12:59:42.000000;2016-04-04T12:59:42.470000;a551943c-2d46-4fb2-8fa7-79a9cc5652ae;11.13;44.7815;BUY
2016-04-04T13:00:44.000000;2016-04-04T13:00:44.573000;54278100-1dc6-46dc-8a97-c0a8ad190684;11.1;16.82955086;SELL
2016-04-04T13:00:44.000000;2016-04-04T13:00:44.580000;a02756f8-fde1-440c-9fed-4a6936fd21c4;11.09;53.69929764;SELL
2016-04-04T13:00:45.000000;2016-04-04T13:00:45.113000;f0926fe3-fade-4a71-bf81-d14e944b0251;11.09;81.92580532;SELL
2016-04-04T13:02:11.000000;2016-04-04T13:02:11.163000;3c30507f-4811-4804-8a6f-ad21e391abd1;11.09;25.2;SELL
2016-04-04T13:02:31.000000;2016-04-04T13:02:31.053000;5adf8204-9b35-4c90-b163-85db5a5a75c0;11.09;15.80235961;SELL
2016-04-04T13:03:11.000000;2016-04-04T13:03:11.113000;3653c2f0-47b8-4dbd-b5fa-2bad63a00924;11.1;9.994;SELL
2016-04-04T13:03:18.000000;2016-04-04T13:03:18.107000;3515de1f-4d7c-4c36-aae7-db4690b34122;11.1;1.00057087;SELL
2016-04-04T13:03:34.000000;2016-04-04T13:03:34.863000;ebbb9917-3024-4b7e-81dc-3b6bad7fa840;11.1;3.43;SELL
2016-04-04T13:03:35.000000;2016-04-04T13:03:35.850000;06adfbf5-56a1-44c1-9206-606b38b6ff8a;11.1;3.01;SELL
2016-04-04T13:03:37.000000;2016-04-04T13:03:37.283000;9ccf0fcf-f6c8-4ac8-b9f4-fb9bf2e3af9f;11.1;15.78812325;SELL
2016-04-04T13:03:41.000000;2016-04-04T13:03:41.057000;03bbe2f1-5d48-42f7-9323-fa5e4d1e2a20;11.1;3.28;SELL
2016-04-04T13:03:41.000000;2016-04-04T13:03:41.970000;fc19b392-16fe-4da1-96c6-eac6f9d98844;11.1;30.36;SELL
2016-04-04T13:03:42.000000;2016-04-04T13:03:42.223000;4f718d8c-f1b1-4524-8444-9720eb7a6a3f;11.1;15.78812325;SELL
2016-04-04T13:03:42.000000;2016-04-04T13:03:42.977000;a4588ddf-c690-41af-ac45-9f0acbd3990b;11.1;17.34918263;SELL
2016-04-04T13:06:12.000000;2016-04-04T13:06:12.557000;b38a9d02-a7cc-4e4f-a6e8-d11135bb4d90;11.099;0.130238;BUY
2016-04-04T13:06:16.000000;2016-04-04T13:06:16.460000;19511831-6238-4215-915d-a1e6ac195ec8;11.09;4.94906818;SELL
2016-04-04T13:06:33.000000;2016-04-04T13:06:33.260000;1947aeea-1a6b-4649-89f6-527eb19d8a2f;11.09;8.03441575;SELL
2016-04-04T13:06:37.000000;2016-04-04T13:06:37.467000;99bb2a53-0d4b-4c1a-9c03-519047299dac;11.09;7.77266772;SELL
2016-04-04T13:07:55.000000;2016-04-04T13:07:55.567000;21308c5a-62b0-44f8-ae0d-9bc2b67f17f2;11.09;2.61638578;SELL
2016-04-04T13:07:55.000000;2016-04-04T13:07:55.577000;bf41cc82-eaa4-4d32-8f47-7543c407ecaa;11.08;15.55168173;SELL
2016-04-04T13:08:57.000000;2016-04-04T13:08:57.677000;eee73580-0a88-4296-9790-2196dd4525af;11.08;84.44831827;SELL
2016-04-04T13:10:57.000000;2016-04-04T13:10:57.347000;f0b7ba9a-7349-4796-98b1-73ab64d4bf83;11.05;18.16806751;SELL
2016-04-04T13:12:06.000000;2016-04-04T13:12:06.190000;d8c67f6c-124e-4450-9440-9251aaff3b92;11.05;18.16806751;SELL
2016-04-04T13:12:51.000000;2016-04-04T13:12:51.080000;aa1a6c8d-c513-4559-9a24-a67e6fb63272;11.075;0.131581;SELL
2016-04-04T13:12:52.000000;2016-04-04T13:12:52.143000;9feaa4be-f191-4874-a008-960d6bfd1433;11.07;0.130125;BUY
2016-04-04T13:12:58.000000;2016-04-04T13:12:58.597000;427d79f7-4422-4c84-ab52-e9f7b37d9e13;11.05;18.16806751;SELL
2016-04-04T13:13:31.000000;2016-04-04T13:13:31.337000;cea65867-1c71-4448-859d-2ccff3a57c69;11.05;18.16806751;SELL
2016-04-04T13:13:58.000000;2016-04-04T13:13:58.103000;1d664f3b-ef5b-41d3-ad77-c414c14f7f22;11.05;11.22655968;SELL
2016-04-04T13:15:17.000000;2016-04-04T13:15:17.997000;bae6332b-257d-4ca3-bda6-76fd37e8a940;11.05;33.66334754;SELL
2016-04-04T13:20:19.000000;2016-04-04T13:20:19.767000;a3260d95-009f-43cd-845f-eed9ee15952e;11.05;18.16806751;SELL
2016-04-04T13:22:16.000000;2016-04-04T13:22:16.593000;7915e566-8889-4a00-9601-dcd0c6cbeaf1;11.05;36.2;SELL
2016-04-04T13:22:19.000000;2016-04-04T13:22:19.880000;93c90997-d3f5-4665-9b41-da817b336847;11.05;28.06975523;SELL
2016-04-04T13:22:19.000000;2016-04-04T13:22:19.883000;aa4c8c6e-0935-4e3b-bc83-043638a7a2c3;11.05;0.1;SELL
2016-04-04T13:22:19.000000;2016-04-04T13:22:19.890000;e15f7548-7189-490b-88c6-239ab87bce13;11.05;8.03024477;SELL
2016-04-04T13:22:43.000000;2016-04-04T13:22:43.163000;0c06c966-e942-4741-abd4-6f228183b041;11.05;36.2;SELL
2016-04-04T13:23:09.000000;2016-04-04T13:23:09.133000;a0c9efe4-0ec2-4549-bada-ae9997ae7054;11.05;32.6;SELL
2016-04-04T13:23:48.000000;2016-04-04T13:23:48.217000;d7b2a5eb-b9e5-45ca-8a4c-e251ee318221;11.067;44.6146;BUY
2016-04-04T13:23:54.000000;2016-04-04T13:23:54.600000;62bdc82b-ca75-4c80-a7ce-c143bd301db6;11.05;13.16975523;SELL
2016-04-04T13:24:03.000000;2016-04-04T13:24:05.227000;b41c3fc5-5e92-4e95-bece-2661021aca67;11.025;100.0;SELL
2016-04-04T13:24:03.000000;2016-04-04T13:24:05.240000;0bdb4ce7-04d3-4493-bbe8-769b5064018a;11.02;200.0;SELL
2016-04-04T13:24:03.000000;2016-04-04T13:24:05.247000;30b76999-135b-46b4-babe-9932cb9cea1a;11.01;200.0;SELL
2016-04-04T13:24:27.000000;2016-04-04T13:24:27.360000;2577b223-e931-4849-a575-c62048077bad;11.049;0.120837;BUY
2016-04-04T13:28:39.000000;2016-04-04T13:28:39.413000;59624700-6d81-4cf6-bc68-0a44579577b5;11.049;40.7396;BUY
2016-04-04T13:32:31.000000;2016-04-04T13:32:31.740000;d6e9fb37-df8e-4c7f-a855-5f26101d3a2e;11.068;2.1412;BUY
2016-04-04T13:34:26.000000;2016-04-04T13:34:26.297000;5694713a-96cc-4758-9a71-089232a2db73;11.06;0.129248;SELL
2016-04-04T13:34:26.000000;2016-04-04T13:34:26.300000;3efda2ac-df0a-457c-a81b-52e81f3997d9;11.0;50.0;SELL
2016-04-04T13:34:26.000000;2016-04-04T13:34:26.303000;ad1036c2-3bee-4279-b3d4-1b380b6519be;11.0;199.870752;SELL
2016-04-04T13:34:33.000000;2016-04-04T13:34:33.300000;c90fae48-f0b4-4c34-85e6-2d1a3c21af0c;11.001;0.3;SELL
2016-04-04T13:34:33.000000;2016-04-04T13:34:33.320000;5b055b50-08ae-46c5-8d0b-63f97dc006b3;11.0;0.129248;SELL
2016-04-04T13:34:33.000000;2016-04-04T13:34:33.343000;f8104dae-5f96-4dba-a018-c79e035888a0;10.958;0.1;SELL
2016-04-04T13:34:33.000000;2016-04-04T13:34:33.357000;ffa39e75-03d2-48a2-9cec-1eeeb151edb1;10.957;0.1;SELL
2016-04-04T13:34:33.000000;2016-04-04T13:34:33.357000;4f41e5f2-a6cc-4d09-b311-21161c56ac05;10.939;54.2485;SELL
2016-04-04T13:34:33.000000;2016-04-04T13:34:33.357000;965eb8c1-7435-4e95-b071-b6b92af0e7eb;10.934;18.17897489;SELL
2016-04-04T13:34:33.000000;2016-04-04T13:34:33.393000;be2693e8-1549-4566-a60c-54d7ebbf9ed9;10.933;7.312448;SELL
2016-04-04T13:34:33.000000;2016-04-04T13:34:33.393000;082ba8e7-d810-4238-a06f-2943794fcc3d;10.901;135.28;SELL
2016-04-04T13:34:33.000000;2016-04-04T13:34:33.393000;8cbcf3bf-cf07-4d43-8ab6-64b2af7083a2;10.9;34.35082911;SELL
2016-04-04T13:34:42.000000;2016-04-04T13:34:42.033000;8735b8c4-9e16-459c-8df4-b75c4b89e969;10.936;11.4;SELL
2016-04-04T13:34:42.000000;2016-04-04T13:34:42.040000;a0ecd2de-9ec3-437e-98af-dde0e53a2121;10.905;18.17897489;SELL
2016-04-04T13:34:42.000000;2016-04-04T13:34:42.057000;ffbe65d3-0730-4ffc-95f6-e95e3d58170b;10.905;33.42942578;SELL
2016-04-04T13:34:42.000000;2016-04-04T13:34:42.077000;204a2160-5475-475c-9cc5-1d66a9b5d261;10.902;124.81;SELL
2016-04-04T13:34:42.000000;2016-04-04T13:34:42.077000;dbeeef30-ebfd-4138-9009-01f51f8d4a1f;10.901;62.18159933;SELL
2016-04-04T13:34:46.000000;2016-04-04T13:34:46.313000;39c8b6e6-b101-4bc1-abf3-febd11ccf7ac;10.907;115.23;SELL
2016-04-04T13:34:46.000000;2016-04-04T13:34:46.323000;4115f31e-0707-4802-a0aa-92cac7e7ee0f;10.906;33.73302299;SELL
2016-04-04T13:34:46.000000;2016-04-04T13:34:46.333000;40512b89-6755-4bfa-bb93-95ff8439d2e4;10.906;18.17897489;SELL
2016-04-04T13:34:46.000000;2016-04-04T13:34:46.360000;357d648c-e29f-4363-8ae4-98fdcef4f0dc;10.903;82.85800212;SELL
2016-04-04T13:36:26.000000;2016-04-04T13:36:26.230000;aab36e34-709c-4713-b7a5-10b166aa1eb7;11.067;4.8;BUY
2016-04-04T13:36:26.000000;2016-04-04T13:36:26.247000;59a3ee19-cf16-44c5-97f1-532c60ec2456;11.068;46.79;BUY
2016-04-04T13:36:30.000000;2016-04-04T13:36:30.607000;d3748e02-d588-47a1-9043-0c5764670507;11.07;17.96898;BUY
2016-04-04T13:36:32.000000;2016-04-04T13:36:33.803000;208074ad-2ee2-4555-bc4e-47529923928a;11.07;0.00102;SELL
2016-04-04T13:36:34.000000;2016-04-04T13:36:34.903000;cfa960f5-e8b0-4f4b-9fa7-6521a07e0632;10.96;50.0;SELL
2016-04-04T13:36:48.000000;2016-04-04T13:36:48.483000;23adfa10-6122-4f9f-8e81-cfe878279ab4;10.964;53.7765;SELL
2016-04-04T13:36:48.000000;2016-04-04T13:36:48.487000;8ca93abd-f903-4a7f-91fa-9bd21637cc4a;10.963;21.42939811;SELL
2016-04-04T13:36:48.000000;2016-04-04T13:36:48.493000;4e661dae-c7d4-452e-9727-cb93a5443640;10.963;116.74;SELL
2016-04-04T13:36:48.000000;2016-04-04T13:36:48.523000;4c74f586-b381-4aa7-8984-a352f2f6ccd8;10.96;8.05410189;SELL
2016-04-04T13:37:17.000000;2016-04-04T13:37:17.897000;4fa892a8-391b-426a-a6e8-468ad48bf068;10.982;5.62575886;SELL
2016-04-04T13:37:17.000000;2016-04-04T13:37:17.907000;1a1a39f0-3fb3-413f-95bf-1cd992c92d2f;10.981;53.5071;SELL
2016-04-04T13:37:17.000000;2016-04-04T13:37:18.170000;56ce848d-2fe4-404f-88b4-132eb1d2a467;10.981;5.4856675;SELL
2016-04-04T13:37:17.000000;2016-04-04T13:37:18.187000;9f7d6869-e93e-4156-ba3e-68a721944ef1;10.98;21.39621963;SELL
2016-04-04T13:37:17.000000;2016-04-04T13:37:18.187000;0ca09996-76e0-4a26-bca0-f0d63b5cc972;10.98;79.64525401;SELL
2016-04-04T13:38:12.000000;2016-04-04T13:38:12.340000;6ff3854e-7b27-46b9-bb80-173c9896988e;11.099;0.5;BUY
2016-04-04T13:38:12.000000;2016-04-04T13:38:12.360000;f7269503-22fb-490a-b7be-36f1df7b6c90;11.1;14.86;BUY
2016-04-04T13:38:12.000000;2016-04-04T13:38:12.363000;a9d4766e-f7d2-4015-8358-55ad3fab345b;11.1;9.913792;BUY
2016-04-04T13:38:12.000000;2016-04-04T13:38:12.397000;cb433c66-b0d8-45d4-9f90-fbeea0fe7a12;11.1;53.705;BUY
2016-04-04T13:38:12.000000;2016-04-04T13:38:12.397000;b6a68d5f-6b9f-4418-909a-87c011827fa6;11.11;0.1;BUY
2016-04-04T13:38:12.000000;2016-04-04T13:38:12.397000;9037c598-1536-46d2-b4fb-fcc31d034648;11.134;87.276536;BUY
2016-04-04T13:38:12.000000;2016-04-04T13:38:12.397000;5cb56161-4d2e-4868-b3b0-788343a747f3;11.151;3.644672;BUY
2016-04-04T13:40:00.000000;2016-04-04T13:40:00.377000;c8232f77-ced0-4d18-87c0-166a6f38ae69;11.154;53.4192;BUY
2016-04-04T13:40:00.000000;2016-04-04T13:40:00.387000;a68a3420-3736-40e0-ac40-23dc2c46da69;11.155;21.44323134;BUY
2016-04-04T13:40:00.000000;2016-04-04T13:40:00.393000;55d6a795-78fd-4212-bed7-0da124daee12;11.155;2.7;BUY
2016-04-04T13:40:00.000000;2016-04-04T13:40:00.423000;07682164-44ba-47d5-8f64-3ca9e5882ca8;11.161;0.1;BUY
2016-04-04T13:40:00.000000;2016-04-04T13:40:00.423000;fe4ccb13-8559-4aad-af0c-d16808735f50;11.192;0.3503;BUY
2016-04-04T13:40:00.000000;2016-04-04T13:40:00.423000;6021c3e2-2b95-4cc3-94d9-99fd0497deb7;11.21;1.98726866;BUY
2016-04-04T13:40:04.000000;2016-04-04T13:40:04.980000;ebdcaca9-995f-4a07-a59c-d464cb49c009;11.196;0.3503;BUY
2016-04-04T13:40:04.000000;2016-04-04T13:40:04.980000;cf19529b-5e7e-45ba-8cba-aee996a1ccd5;11.21;0.33086812;BUY
2016-04-04T13:40:48.000000;2016-04-04T13:40:48.483000;6911bd2c-e6dc-40ea-a030-a8114dd323f6;11.194;2.43925388;BUY
2016-04-04T13:40:48.000000;2016-04-04T13:40:48.497000;2b9809b9-69d5-41ce-a121-df4a01a58700;11.195;53.5468;BUY
2016-04-04T13:40:48.000000;2016-04-04T13:40:48.503000;0db3b131-ff5d-4df8-8dda-97800525caad;11.21;84.01394612;BUY
2016-04-04T13:41:27.000000;2016-04-04T13:41:27.300000;1c27896d-703e-462c-beb0-110e8e274d66;11.203;53.1585;BUY
2016-04-04T13:41:27.000000;2016-04-04T13:41:27.307000;e0e8d74a-37a2-410b-8e73-32972160e8b2;11.204;82.2885;BUY
2016-04-04T13:41:27.000000;2016-04-04T13:41:27.310000;97f9f2b9-d9a9-4f0b-8e28-e83dc3abe185;11.21;0.553;BUY
2016-04-04T13:42:14.000000;2016-04-04T13:42:14.073000;5ef0f77b-8fad-4caa-9119-079ac6d40285;11.18;132.0;BUY
2016-04-04T13:43:28.000000;2016-04-04T13:43:28.393000;46f68cee-bdb2-49a6-aab0-c15c2b04bee1;11.19;53.5047;BUY
2016-04-04T13:43:28.000000;2016-04-04T13:43:28.407000;22ad5991-04e3-48ba-b3d1-cef048f27428;11.211;0.1;BUY
2016-04-04T13:43:28.000000;2016-04-04T13:43:28.410000;e77d0467-3765-4dad-b144-8de09abe2890;11.215;21.44323134;BUY
2016-04-04T13:43:28.000000;2016-04-04T13:43:28.443000;8e0a4ef7-bfaa-4387-9c1d-3b9898cdd077;11.218;7.59883219;BUY
2016-04-04T13:43:28.000000;2016-04-04T13:43:28.443000;369c5395-d32c-49c9-a847-6225e0ac0c83;11.241;0.35323647;BUY
2016-04-04T13:47:39.000000;2016-04-04T13:47:39.693000;97d0a580-43ab-45be-a6fb-814204999fbc;11.191;0.1;BUY
2016-04-04T13:47:39.000000;2016-04-04T13:47:39.707000;09384a0f-f273-4c1b-abf9-f6e333383736;11.199;53.4622;BUY
2016-04-04T13:47:39.000000;2016-04-04T13:47:39.723000;aa3f7a05-1e2e-411e-90b1-dca508652c69;11.241;6.4378;BUY
2016-04-04T13:57:35.000000;2016-04-04T13:57:35.517000;194a5f23-0406-4f3d-9b57-763369d38ce2;11.135;2.1369176;SELL
2016-04-04T14:20:14.000000;2016-04-04T14:20:14.307000;536d0c68-4ed3-407c-91e8-1672d4d09b06;11.222;5.0;BUY
2016-04-04T14:23:19.000000;2016-04-04T14:23:19.490000;696c63be-e7cf-4844-9996-3753bb07d913;11.14;0.44860611;SELL
2016-04-04T14:23:19.000000;2016-04-04T14:23:19.507000;2e9ead87-85b1-463d-805b-0d160f490b41;11.126;0.1;SELL
2016-04-04T14:23:19.000000;2016-04-04T14:23:19.517000;9739bec0-7073-454d-80ba-f0f606b4d88a;11.124;0.44946333;SELL
2016-04-04T14:23:19.000000;2016-04-04T14:23:19.543000;e4108f32-1a0d-49c6-a3fd-bbd44a73ba09;11.051;0.00193056;SELL
2016-04-04T14:24:35.000000;2016-04-04T14:24:35.490000;da1936eb-d8a6-4929-9c90-e407508aa2c7;11.078;5.9;SELL
2016-04-04T14:24:35.000000;2016-04-04T14:24:35.507000;744801e4-6f4e-4760-a16b-8d5d1db1eeec;11.077;44.1;SELL
2016-04-04T14:26:25.000000;2016-04-04T14:26:25.197000;7fcf2921-0ea6-4fa1-a07a-2bc86b0fb4e7;11.18;1.0;BUY
2016-04-04T14:27:04.000000;2016-04-04T14:27:04.650000;0c1cb50a-fab0-423b-8f21-ae4891822d7f;11.049;0.1;SELL
2016-04-04T14:31:58.000000;2016-04-04T14:31:58.277000;1d5df3d9-7069-4dd9-9077-40641af9ac79;11.048;0.321985;SELL
2016-04-04T14:35:17.000000;2016-04-04T14:35:17.900000;e209b6ca-77a2-476f-aa1f-dfb18f635704;11.048;0.45133334;SELL
2016-04-04T14:36:02.000000;2016-04-04T14:36:02.387000;c636f094-12f8-455d-9a78-836e477b581f;11.102;6.49871836;BUY
2016-04-04T14:36:53.000000;2016-04-04T14:36:53.440000;2c38f56e-4085-44c0-b589-0e55e65a56e4;11.086;21.44323134;BUY
2016-04-04T14:36:53.000000;2016-04-04T14:36:53.450000;90358c84-dea3-4109-9cfd-25500182bda4;11.088;0.7;BUY
2016-04-04T14:36:53.000000;2016-04-04T14:36:53.450000;810c23d1-bb97-4caf-aa7a-dfde85dc4774;11.088;7.5;BUY
2016-04-04T14:36:53.000000;2016-04-04T14:36:53.487000;98d6163a-8e92-4d1d-8c87-a73beb99722d;11.13;0.35676866;BUY
2016-04-04T14:37:18.000000;2016-04-04T14:37:18.440000;366f4069-05e2-4d61-b012-381133e065ad;11.132;54.249;BUY
2016-04-04T14:37:18.000000;2016-04-04T14:37:18.447000;a464aa95-b0e6-4a8b-adfa-7bbdf35df39b;11.132;85.0;BUY
2016-04-04T14:37:18.000000;2016-04-04T14:37:18.453000;5cc3d9b6-ced0-4b8b-ad72-f685d0304a50;11.158;0.1;BUY
2016-04-04T14:37:18.000000;2016-04-04T14:37:18.483000;62a31c03-12f2-450f-abf4-83701f8c8e18;11.194;10.651;BUY
2016-04-04T14:38:08.000000;2016-04-04T14:38:09.030000;87daa849-ed73-486a-a8cb-c0ab21f45485;11.184;5.0;BUY
2016-04-04T14:38:16.000000;2016-04-04T14:38:16.470000;6b3290d5-8eda-4798-9cbd-81ff09a6edc8;11.184;200.0;BUY
2016-04-04T14:38:16.000000;2016-04-04T14:38:16.473000;5098317e-8da6-4f85-ab98-e01f72979b35;11.185;50.0;BUY
2016-04-04T14:38:32.000000;2016-04-04T14:38:32.413000;16a68af0-33f5-4e4b-bf0a-a926778947fd;11.18;2.0;BUY
2016-04-04T14:49:09.000000;2016-04-04T14:49:09.100000;3ec90943-9c02-4b02-b615-eafd8b5c160a;11.149;0.130567;SELL
2016-04-04T14:49:13.000000;2016-04-04T14:49:13.163000;2c3344c2-05b8-43f5-a9b7-3783719968a1;11.147;4.6805202;BUY
2016-04-04T14:49:13.000000;2016-04-04T14:49:13.170000;a3864ebe-0b34-468f-ab5b-352f1f7bfa27;11.148;0.219533;BUY
2016-04-04T14:49:13.000000;2016-04-04T14:49:13.187000;c65ca3d2-c278-42a9-92bd-39cc154d412f;11.148;0.3501;BUY
2016-04-04T14:49:39.000000;2016-04-04T14:49:39.830000;53827949-a6a6-4772-a98a-5a6feaa6a916;11.178;0.126516;SELL
2016-04-04T14:49:46.000000;2016-04-04T14:49:46.183000;b3dd5b8b-7cff-481e-b323-d3a7c5d3cff5;11.177;0.130921;BUY
2016-04-04T14:49:59.000000;2016-04-04T14:49:59.680000;04681367-7e00-4635-98e0-807c8260de44;11.177;0.131263;BUY
2016-04-04T14:50:11.000000;2016-04-04T14:50:11.983000;b2393d18-adcf-4640-b7f5-7f998644ff21;11.177;0.133212;BUY
2016-04-04T14:52:59.000000;2016-04-04T14:52:59.973000;9595e221-1578-4a2c-b188-c56374051b83;11.173;0.13;SELL
2016-04-04T14:53:00.000000;2016-04-04T14:53:00.133000;19d36b3b-3e3d-4752-8a0b-eda22a32eb44;11.173;0.003285;SELL
2016-04-04T14:53:29.000000;2016-04-04T14:53:29.677000;bfafc19d-bc72-4a4e-8447-fa2404a064bb;11.173;0.13;SELL
2016-04-04T14:53:34.000000;2016-04-04T14:53:34.867000;c51b7d65-ab07-4b33-b92e-b86880172fa5;11.174;0.129124;SELL
2016-04-04T14:53:45.000000;2016-04-04T14:53:45.490000;d8742df5-afc9-458f-b58d-b57e8eb53dd3;11.174;0.13;BUY
2016-04-04T14:55:46.000000;2016-04-04T14:55:46.900000;940884b1-2e27-4127-9ffd-8094ae7c6e43;11.18;0.45041982;BUY
2016-04-04T14:55:46.000000;2016-04-04T14:55:46.917000;51531c34-510c-44cf-bfd5-5fed0b630d79;11.198;5.1206;BUY
2016-04-04T14:55:46.000000;2016-04-04T14:55:46.920000;ac82ecd5-9c2d-4328-b4b4-eff7cd211e1e;11.198;4.57113203;BUY
2016-04-04T14:55:52.000000;2016-04-04T14:55:52.903000;1855bdc7-0fd7-4023-928b-0d5e519aa547;11.192;0.13;SELL
2016-04-04T14:55:54.000000;2016-04-04T14:55:54.430000;911b0027-e211-4c97-8f29-c54e5975e1b2;11.192;0.000779;SELL
2016-04-04T14:56:03.000000;2016-04-04T14:56:04.003000;59d3400f-8b27-4c0d-8090-a913a196ed26;11.192;0.13;SELL
2016-04-04T14:56:05.000000;2016-04-04T14:56:05.093000;f5643888-7e0a-4307-ab0d-4461f2248ff9;11.192;0.000111;SELL
2016-04-04T14:56:08.000000;2016-04-04T14:56:08.140000;88fbf2cb-3e96-445d-a509-8f0aa49a39a4;11.192;0.126171;BUY
2016-04-04T14:56:31.000000;2016-04-04T14:56:31.937000;351d71bc-ab59-4d4e-91b8-e1d9f2b173e9;11.208;0.127814;SELL
2016-04-04T14:56:41.000000;2016-04-04T14:56:41.903000;ac8382f8-5319-4034-925e-1de4b2fb4bd9;11.209;0.119209;SELL
2016-04-04T14:56:53.000000;2016-04-04T14:56:53.103000;a6082882-206a-4133-9374-84d22d5694e6;11.208;0.1;SELL
2016-04-04T14:56:53.000000;2016-04-04T14:56:53.793000;1b48bcac-8070-473d-9341-5a501928839d;11.208;0.027552;SELL
2016-04-04T14:57:07.000000;2016-04-04T14:57:07.107000;ea9f5931-6714-420a-aa1d-d35c99ce8a3a;11.206;0.128975;SELL
2016-04-04T14:59:33.000000;2016-04-04T14:59:33.830000;1f856ea5-fb40-408e-b16d-52972105691b;11.19;20.0;SELL
2016-04-04T15:00:06.000000;2016-04-04T15:00:06.190000;fa2a9aab-db63-47a0-8155-ce97e3eea613;11.152;14.7498468;SELL
2016-04-04T15:01:26.000000;2016-04-04T15:01:26.087000;5da192ac-4fc8-40ad-b629-102273afeeb2;11.157;0.129263;SELL
2016-04-04T15:01:36.000000;2016-04-04T15:01:36.887000;cb46bc46-6b08-4ee9-80f7-6c3a14302003;11.152;20.0;BUY
2016-04-04T15:01:53.000000;2016-04-04T15:01:53.937000;dfcf47e9-a10b-45a4-84ea-03fa325ab989;11.139;20.0;BUY
2016-04-04T15:02:26.000000;2016-04-04T15:02:26.597000;f1e02b3f-bb19-4305-bd20-8bda6d4afcc0;11.116;7.02404815;BUY
2016-04-04T15:02:26.000000;2016-04-04T15:02:26.603000;798f7154-c9ee-42c0-a785-f35113034e80;11.116;2.97595185;BUY
2016-04-04T15:03:14.000000;2016-04-04T15:03:14.073000;9b96c981-d8c3-4265-969d-ec0d23f52be8;11.111;1.0;BUY
2016-04-04T15:04:09.000000;2016-04-04T15:04:09.327000;16073c0d-7b72-4614-95c5-a6c9e64a5b99;11.11;6.62;SELL
2016-04-04T15:04:34.000000;2016-04-04T15:04:34.597000;ed9e6936-bd68-4d21-9e04-f3dda145780f;11.11;21.120516;SELL
2016-04-04T15:04:34.000000;2016-04-04T15:04:34.653000;bd93fa59-3fff-4877-847a-6fdfc34708e1;11.11;2.259484;SELL
2016-04-04T15:10:07.000000;2016-04-04T15:10:07.333000;859aa4d5-1c78-4da4-9ad1-ea4df860f610;11.101;0.129329;SELL
2016-04-04T15:10:19.000000;2016-04-04T15:10:19.080000;47d2e61f-8659-411c-80e0-29c65a7a157e;11.097;0.130866;BUY
2016-04-04T15:12:56.000000;2016-04-04T15:12:56.840000;1cdd5a18-366d-40b6-a13c-1a204bd91f2a;11.05;12.0;SELL
2016-04-04T15:12:56.000000;2016-04-04T15:12:56.857000;1e54786d-9421-4250-b8c0-0f531fb6c8a1;11.05;9.41045529;SELL
2016-04-04T15:13:13.000000;2016-04-04T15:13:13.513000;daca1d70-381c-452f-80b1-dae9c31c59aa;11.05;15.58954471;SELL
2016-04-04T15:15:15.000000;2016-04-04T15:15:15.973000;5e47df44-c3d9-4e3a-9580-df38535fe71a;11.044;4.09112238;BUY
2016-04-04T15:21:19.000000;2016-04-04T15:21:19.183000;8e80b3a9-fa35-4620-a28e-ef9d45590e1b;11.044;0.12583;BUY
2016-04-04T15:21:32.000000;2016-04-04T15:21:32.807000;28c7e7e9-3da3-40f4-9061-2936096e56e4;11.044;0.120676;BUY
2016-04-04T15:31:30.000000;2016-04-04T15:31:30.433000;b3321a53-1588-4058-9917-4f133a6743ae;11.093;0.113345;SELL
2016-04-04T15:37:16.000000;2016-04-04T15:37:16.473000;81cd99a3-41e0-4ab0-b0a5-7174f437c27e;11.072;1.96896988;BUY
2016-04-04T15:37:16.000000;2016-04-04T15:37:16.483000;c047a1e5-4680-48bb-a150-8a2a39665ea4;11.073;23.38;BUY
2016-04-04T15:37:16.000000;2016-04-04T15:37:16.497000;3f2d96ce-482b-42b5-b31b-4be2c50bbb43;11.073;15.96441408;BUY
2016-04-04T15:37:16.000000;2016-04-04T15:37:16.520000;bf37b568-1399-4616-ad2e-dfcc7e1d9a1d;11.103;0.68661604;BUY
2016-04-04T15:38:03.000000;2016-04-04T15:38:03.903000;9f0fd42a-feac-49b8-b7af-75173ce1eb90;11.091;0.130828;SELL
2016-04-04T15:42:08.000000;2016-04-04T15:42:08.977000;0081235c-c6b0-4bf0-8d57-033425c29860;11.073;0.129094;BUY
2016-04-04T15:45:47.000000;2016-04-04T15:45:47.710000;7fdf9ff9-b873-43ff-80e9-8295d580f48c;11.073;1.70904788;BUY
2016-04-04T15:45:47.000000;2016-04-04T15:45:47.730000;bb87c250-7a53-4723-b60e-b86967c0e4b8;11.074;15.96441408;BUY
2016-04-04T15:45:47.000000;2016-04-04T15:45:47.737000;431e41bf-0044-4c53-8d2b-7db77aa81f42;11.074;23.37653804;BUY
2016-04-04T15:48:38.000000;2016-04-04T15:48:38.550000;3607a035-2a6b-44de-bcab-69c0f9443ddd;11.12;0.1;BUY
2016-04-04T15:48:38.000000;2016-04-04T15:48:38.560000;d0dbfa9c-6eb0-49f1-a4dc-7ed4438d60a7;11.121;0.017148;BUY
2016-04-04T15:48:44.000000;2016-04-04T15:48:44.223000;1f32b0ce-8342-4598-9fd0-dd1dbb8863be;11.121;0.082852;BUY
2016-04-04T15:48:44.000000;2016-04-04T15:48:44.233000;0d599783-d9aa-4892-8310-e183984d57f1;11.15;0.767148;BUY
2016-04-04T15:51:38.000000;2016-04-04T15:51:38.463000;def71dab-ce66-42f4-a820-68324fd39374;11.15;0.082852;BUY
2016-04-04T15:53:39.000000;2016-04-04T15:53:40.007000;4b17a93b-c1ce-43f3-bf00-b5abb3ab86c5;11.181;0.1;BUY
2016-04-04T15:53:39.000000;2016-04-04T15:53:40.020000;e2a3c354-a5bf-4a02-9702-e264b5905fbd;11.212;0.026434;BUY
2016-04-04T16:00:52.000000;2016-04-04T16:00:52.203000;38d688ab-d942-48e0-bac4-250b3d201a28;11.203;0.12;SELL
2016-04-04T16:00:53.000000;2016-04-04T16:00:53.567000;bd9bfc7c-4302-4af5-bb30-a036730da1b2;11.203;0.003738;SELL
2016-04-04T16:03:10.000000;2016-04-04T16:03:10.500000;4857692c-d3f7-4af2-bd21-43b42f468a71;11.2;0.119634;SELL
2016-04-04T16:04:21.000000;2016-04-04T16:04:21.543000;12856afe-70a6-4e30-bfb3-2aaaef7f70d5;11.216;1.1923;BUY
2016-04-04T16:05:39.000000;2016-04-04T16:05:39.843000;f3b9217c-0b08-460c-82ab-ec7d88bc1362;11.215;3.7515;BUY
2016-04-04T16:31:09.000000;2016-04-04T16:31:09.820000;e65f08fa-6d90-4e1d-96e0-eff54ed8348f;11.207;0.126871;SELL
2016-04-04T16:34:04.000000;2016-04-04T16:34:04.150000;cf139a06-9a73-456d-afff-8b01316ac6d6;11.217;0.1;BUY
2016-04-04T16:38:19.000000;2016-04-04T16:38:19.520000;6344d5d4-b7f2-406a-85f2-d78d8980fddd;11.224;0.12621;BUY
2016-04-04T16:45:17.000000;2016-04-04T16:45:18.010000;79915014-2fbe-4880-aaa2-f94c3b2925ee;11.224;0.01779;BUY
2016-04-04T16:46:15.000000;2016-04-04T16:46:15.527000;5a667b1d-ed24-4c50-af83-bdbb0e4229d8;11.239;50.0;BUY
2016-04-04T16:47:01.000000;2016-04-04T16:47:01.777000;d1846e60-5400-4460-86f5-6a0a2abf8ad8;11.239;10.0;BUY
2016-04-04T16:47:16.000000;2016-04-04T16:47:17.033000;cef59e47-68f8-4c8a-be76-18100145a3b4;11.239;10.0;BUY
2016-04-04T16:47:29.000000;2016-04-04T16:47:30.010000;e6a55378-9000-4499-82f8-52026b363500;11.239;10.0;BUY
2016-04-04T16:48:09.000000;2016-04-04T16:48:09.740000;2940737d-0756-43fb-99d0-892c158aaf3b;11.239;11.0;BUY
2016-04-04T16:50:52.000000;2016-04-04T16:50:52.197000;f3f98d48-c752-4075-8588-54bce34f28a1;11.239;0.126378;BUY
2016-04-04T16:52:48.000000;2016-04-04T16:52:48.977000;fea66940-9622-499e-a2a1-aa86cc20f38c;11.239;0.129948;BUY
2016-04-04T16:52:56.000000;2016-04-04T16:52:56.230000;b4519504-1592-41b3-bba6-a307b7d0fd84;11.239;0.129158;BUY
2016-04-04T16:53:03.000000;2016-04-04T16:53:03.360000;ec553e89-3c4d-4d4f-a917-96d4bf59a5b4;11.239;0.127205;BUY
2016-04-04T16:53:07.000000;2016-04-04T16:53:07.690000;e3874364-9981-483c-97bc-67e39a91813e;11.239;0.131054;BUY
2016-04-04T16:53:13.000000;2016-04-04T16:53:13.810000;9d3d9961-11c6-4af1-841d-3204734062f7;11.239;0.130297;BUY
2016-04-04T16:58:59.000000;2016-04-04T16:58:59.917000;82d6ec08-ead1-4e63-9a83-74483305e3b4;11.136;52.8309;SELL
2016-04-04T16:58:59.000000;2016-04-04T16:58:59.947000;2e25bd9e-1e58-4e8f-8570-ba377e6026b5;11.135;10.2;SELL
2016-04-04T16:58:59.000000;2016-04-04T16:58:59.947000;952c66ab-4f16-40cf-bd65-d2171f81660d;11.135;3.4708748;SELL
2016-04-04T16:58:59.000000;2016-04-04T16:58:59.983000;f5228fb5-e41c-4ce0-a142-5890a6f6c2ce;11.134;3.4982252;SELL
2016-04-04T16:58:59.000000;2016-04-04T16:58:59.983000;afb3cb9b-0c62-49ab-94a2-3e6282638efe;11.134;4.5930398;SELL
2016-04-04T16:59:00.000000;2016-04-04T16:59:00.253000;502526c7-c98f-4604-a33d-f81cc6253b6d;11.13;4.85221162;BUY
2016-04-04T16:59:00.000000;2016-04-04T16:59:00.717000;766c98b8-e9d9-4021-9572-4e8ae0bbeca7;11.13;3.4708748;BUY
2016-04-04T16:59:01.000000;2016-04-04T16:59:01.210000;349c5015-f932-4b29-89d0-c7d9f443f1ad;11.13;3.4708748;BUY
2016-04-04T16:59:01.000000;2016-04-04T16:59:01.227000;3edfa381-91c2-4fa3-be61-a5c5153cb451;11.13;3.4708748;BUY
2016-04-04T16:59:02.000000;2016-04-04T16:59:02.083000;66d3f375-d7a3-43ac-bb17-b65c9fb0aabc;11.13;50.14212418;BUY
2016-04-04T16:59:32.000000;2016-04-04T16:59:32.503000;aecb39a4-e38b-4a22-92a6-14be73a8641e;11.142;86.0;SELL
2016-04-04T16:59:42.000000;2016-04-04T16:59:42.113000;0669af04-c923-4268-9022-cf9d094000c7;11.145;52.9696;SELL
2016-04-04T16:59:42.000000;2016-04-04T16:59:42.127000;757724cf-6d25-43ed-8973-7cb5f4a1a575;11.143;10.9;SELL
2016-04-04T16:59:42.000000;2016-04-04T16:59:42.133000;736cb306-e4c4-4afd-9763-db277ff36db7;11.141;13.273173;SELL
2016-04-04T16:59:42.000000;2016-04-04T16:59:42.163000;77880f34-5aeb-489b-818c-fe6647eca321;11.14;8.857227;SELL
2016-04-04T17:04:00.000000;2016-04-04T17:04:00.220000;2820dd36-ee3e-43a0-8b68-4f59a9414375;11.24;0.126101;BUY
2016-04-04T17:04:56.000000;2016-04-04T17:04:56.840000;80c839ad-e00e-4170-882e-89df69d797d6;11.193;52.9548;SELL
2016-04-04T17:04:56.000000;2016-04-04T17:04:56.853000;0eda96de-e173-40e2-a72c-50b004f0e409;11.193;1.12153082;SELL
2016-04-04T17:04:56.000000;2016-04-04T17:04:56.857000;3a0149b3-4992-4530-a391-0887f12d193a;11.191;6.997426;SELL
2016-04-04T17:04:56.000000;2016-04-04T17:04:56.890000;9eeb9de6-d3eb-4793-8587-9c04f7f3256e;11.19;24.92624318;SELL
2016-04-04T17:05:09.000000;2016-04-04T17:05:09.193000;ef2e54ee-7fb7-4205-9874-b00a5a48120a;11.24;14.80225742;BUY
2016-04-04T17:05:18.000000;2016-04-04T17:05:18.570000;f58cf27f-909d-4a96-b532-a79e0b0de248;11.24;6.48883949;BUY
2016-04-04T17:05:52.000000;2016-04-04T17:05:52.057000;e18d25b0-a520-46ec-8e0d-cf2bd93807e7;11.24;0.02603343;BUY
2016-04-04T17:05:52.000000;2016-04-04T17:05:52.057000;b476713e-a1f7-4f8d-aa4f-e15d17a52c30;11.241;0.97396657;BUY
2016-04-04T17:11:15.000000;2016-04-04T17:11:15.920000;cc5ca622-9359-49f3-a69a-d0605e17fb75;11.241;0.124638;BUY
2016-04-04T17:11:28.000000;2016-04-04T17:11:28.940000;4a68e29e-3a58-4c7e-bbf5-39d6d8d7136b;11.241;0.125855;BUY
2016-04-04T17:11:39.000000;2016-04-04T17:11:39.943000;33b5967a-1bbe-4d1f-a20f-0d46aae71f19;11.241;0.122213;BUY
2016-04-04T17:12:01.000000;2016-04-04T17:12:01.407000;b6dbcf8e-1139-4b6f-891f-f266c6f1ba55;11.241;1.05902733;BUY
2016-04-04T17:13:36.000000;2016-04-04T17:13:36.410000;912d56f3-f840-4b7f-ac20-4b4e9fb9169d;11.243;0.1;BUY
2016-04-04T17:13:36.000000;2016-04-04T17:13:36.420000;74b1e0f8-d1fb-4b4e-9c5c-040814e4f2ff;11.245;0.1;BUY
2016-04-04T17:13:36.000000;2016-04-04T17:13:36.427000;a865f9cd-11eb-4366-8b39-464b157399e2;11.248;0.0778;BUY
2016-04-04T17:15:04.000000;2016-04-04T17:15:04.420000;d8853dff-fcde-4704-8c52-c7ebfab1a69f;11.248;0.45270541;BUY
2016-04-04T17:21:33.000000;2016-04-04T17:21:33.690000;e279ef96-d871-4ffe-90af-13c77d50fe4d;11.248;1.36414418;BUY
2016-04-04T17:21:33.000000;2016-04-04T17:21:33.700000;a7d70e2a-9a42-4ba2-85dc-65042c8572bb;11.255;0.1;BUY
2016-04-04T17:21:33.000000;2016-04-04T17:21:33.700000;0559908e-d9fd-48e6-9c7c-3ea0b03c0a76;11.257;0.1;BUY
2016-04-04T17:21:33.000000;2016-04-04T17:21:33.737000;09939c04-33a3-4fc7-99ce-a12b774d3e0d;11.259;0.85260782;BUY
2016-04-04T17:21:37.000000;2016-04-04T17:21:38.363000;a3d53754-f90a-44f5-873e-379656f2ce00;11.259;8.64327944;BUY
2016-04-04T17:25:47.000000;2016-04-04T17:25:47.247000;cc555234-b942-4506-b17a-fd57f1993948;11.259;0.125972;BUY
2016-04-04T17:35:50.000000;2016-04-04T17:35:50.540000;fedd61de-55ca-4d41-afde-04e003a378b2;11.259;0.12736;BUY
2016-04-04T17:36:21.000000;2016-04-04T17:36:21.573000;64ad16da-1287-49f6-85ae-3f8e77f8501a;11.259;10.0;BUY
2016-04-04T17:40:34.000000;2016-04-04T17:40:34.773000;7c99ca95-d5f4-4168-bfbb-a3d76c426304;11.251;0.122146;SELL
2016-04-04T17:40:44.000000;2016-04-04T17:40:44.710000;602f1032-c6b5-4174-bedb-3bc8238b31f4;11.249;0.119172;BUY
2016-04-04T17:48:46.000000;2016-04-04T17:48:46.687000;fbf9297d-3e60-4201-98dd-f29b598c4020;11.249;0.128102;BUY
2016-04-04T17:59:24.000000;2016-04-04T17:59:24.817000;76100cc3-e002-4711-b35f-6c26092f72f2;11.249;1.1;BUY
2016-04-04T17:59:24.000000;2016-04-04T17:59:24.823000;6c14a15e-2681-4181-87ff-05b53a5ccb23;11.25;9.877854;BUY
2016-04-04T17:59:24.000000;2016-04-04T17:59:24.833000;8064f6f9-f76b-4b8f-8ac8-32b5d7e3af08;11.26;3.0787661;BUY
2016-04-04T17:59:24.000000;2016-04-04T17:59:24.860000;3d756f52-bb11-4d8a-901e-d1c3494d1684;11.26;5.9433799;BUY
2016-04-04T18:00:46.000000;2016-04-04T18:00:46.747000;efbf1941-0a03-4421-a07c-a29c2840528b;11.26;0.119016;BUY
2016-04-04T18:00:53.000000;2016-04-04T18:00:53.203000;108ac486-759b-440c-9e46-d4ce084f7266;11.26;0.124741;BUY
2016-04-04T18:06:02.000000;2016-04-04T18:06:02.523000;494cfc1c-8e2a-4f6c-8f7b-8b993ec656fa;11.264;0.1;BUY
2016-04-04T18:06:02.000000;2016-04-04T18:06:02.540000;91414368-f66e-4129-ad89-2c78fd4cfb69;11.298;0.016506;BUY
2016-04-04T18:06:10.000000;2016-04-04T18:06:10.560000;57b40825-bbca-4ca6-9cd4-021d89639b74;11.298;0.083494;BUY
2016-04-04T18:11:07.000000;2016-04-04T18:11:07.307000;82f4b0da-da2b-4563-91b6-06658572e1a1;11.311;0.125445;SELL
2016-04-04T18:21:09.000000;2016-04-04T18:21:09.207000;f2379566-1d1e-4e86-a07a-e8dac0c31493;11.306;0.125453;SELL
2016-04-04T18:31:51.000000;2016-04-04T18:31:51.540000;b9be3398-dfe8-4166-9e3b-40d1c944e180;11.311;0.12567;BUY
2016-04-04T18:34:20.000000;2016-04-04T18:34:20.643000;91f31ea6-3edb-4e7e-8760-62ed5923b9eb;11.311;0.00433;BUY
2016-04-04T18:34:20.000000;2016-04-04T18:34:20.657000;858e4970-1815-4877-88cd-a6f455b81a69;11.311;0.124289;BUY
2016-04-04T18:34:43.000000;2016-04-04T18:34:43.843000;0730100d-0a14-45bb-a3a3-bcf8bfdfe3bb;11.311;0.005711;BUY
2016-04-04T18:34:43.000000;2016-04-04T18:34:43.850000;6d2162fb-d4ba-4745-84eb-2d3386bf68d7;11.311;0.119584;BUY
2016-04-04T18:45:17.000000;2016-04-04T18:45:17.137000;abce96ea-28be-4016-af45-32b37ecbc60e;11.311;0.010416;BUY
2016-04-04T18:45:17.000000;2016-04-04T18:45:17.150000;08e483d5-cf85-4c9e-98f7-dbdf1510bc34;11.311;0.115643;BUY
2016-04-04T18:45:26.000000;2016-04-04T18:45:26.460000;7f153efc-49a9-436f-8730-bb41c5b38391;11.311;0.014357;BUY
2016-04-04T18:45:26.000000;2016-04-04T18:45:26.467000;8108f962-194e-441f-9c4f-17560945e635;11.311;0.109713;BUY
2016-04-04T18:56:17.000000;2016-04-04T18:56:17.190000;51685042-bc31-467c-bf81-e68e9d9cb8af;11.311;0.020287;BUY
2016-04-04T18:56:17.000000;2016-04-04T18:56:17.193000;078d27f2-a482-4e18-a5e9-d41154d2765b;11.311;0.104392;BUY
2016-04-04T18:56:39.000000;2016-04-04T18:56:40.067000;c14ac3ec-2336-40c0-95c9-be2240ffa94e;11.31;0.123878;BUY
2016-04-04T19:08:05.000000;2016-04-04T19:08:05.417000;11c6ebd3-f234-464b-afe6-bd58196a9ec8;11.309;0.125843;SELL
2016-04-04T19:13:39.000000;2016-04-04T19:13:39.920000;ffb8ced4-7e61-4683-8188-90e466a23c80;11.28;0.122451;BUY
2016-04-04T19:19:16.000000;2016-04-04T19:19:16.690000;299d70ff-3d32-4d85-a14c-8be6d57a7ece;11.28;0.119757;BUY
2016-04-04T19:19:22.000000;2016-04-04T19:19:22.323000;20e897f1-80a4-4158-97ca-5f7a12a93764;11.28;0.123472;BUY
2016-04-04T19:30:32.000000;2016-04-04T19:30:32.150000;343a97d6-5eb4-4bbc-a124-97ce1178e15e;11.28;0.119723;BUY
2016-04-04T19:36:06.000000;2016-04-04T19:36:06.387000;fd60c0e0-f9ff-46a0-b3d0-1502924dc2c3;11.28;0.126877;BUY
2016-04-04T19:36:12.000000;2016-04-04T19:36:12.567000;9a2a9c94-ac59-4a6d-a3aa-73bdb154991c;11.28;0.12833;BUY
2016-04-04T19:48:01.000000;2016-04-04T19:48:01.767000;ac81948d-d23f-49c1-b29c-c855cea75441;11.264;0.12747;BUY
2016-04-04T19:58:09.000000;2016-04-04T19:58:09.107000;b28b286f-b36b-4989-b3cd-97a9df2a6611;11.238;0.108856;SELL
2016-04-04T19:58:09.000000;2016-04-04T19:58:09.113000;d8d924c8-d9c3-4181-832b-d0c0fcfe4042;11.238;0.001144;SELL
2016-04-04T19:58:10.000000;2016-04-04T19:58:10.403000;4df86190-4799-429c-acd6-aa8fa543baef;11.238;0.11;SELL
2016-04-04T19:58:11.000000;2016-04-04T19:58:11.100000;25f76fc2-9ddf-4bbb-a7e5-7bc2d71ef54c;11.238;0.014012;SELL
2016-04-04T20:08:31.000000;2016-04-04T20:08:31.790000;6e05f0ff-f50b-4df1-bad0-a790bc82cdb3;11.225;0.12455;BUY
2016-04-04T20:08:35.000000;2016-04-04T20:08:35.443000;0eea85ff-8f2c-4fd2-bc3a-c3aadea161ec;11.225;0.111699;BUY
2016-04-04T20:14:32.000000;2016-04-04T20:14:32.673000;5ee08d55-867e-4bdd-93d8-ab4acd039924;11.22;2.01;BUY
2016-04-04T20:15:16.000000;2016-04-04T20:15:16.607000;a98570ac-fd36-484f-bc94-470bf8b96130;11.22;50.0;BUY
2016-04-04T20:16:10.000000;2016-04-04T20:16:10.800000;737316b6-caf1-4701-94b4-73e1436c02a0;11.215;0.118992;SELL
2016-04-04T20:16:13.000000;2016-04-04T20:16:13.647000;9cd277fc-41e1-468b-bd60-6042c58cf5e4;11.214;0.123013;BUY
2016-04-04T20:17:06.000000;2016-04-04T20:17:06.630000;8811a544-1dbd-4762-a59a-026c2b22d4ca;11.211;0.125167;SELL
2016-04-04T20:32:44.000000;2016-04-04T20:32:44.077000;d8ca06de-6b25-4639-8f1c-b79190d8e46c;11.227;0.105773;BUY
2016-04-04T20:35:42.000000;2016-04-04T20:35:42.090000;909ae737-3235-4b9f-9a1e-8eeba53434dd;11.198;0.1;SELL
2016-04-04T20:35:42.000000;2016-04-04T20:35:42.107000;6554acda-6611-43fb-85b2-1e76527de525;11.198;0.1;SELL
2016-04-04T20:35:42.000000;2016-04-04T20:35:42.127000;54386be8-8ea3-4477-8a87-7059e70b3aca;11.198;0.1;SELL
2016-04-04T20:35:42.000000;2016-04-04T20:35:42.143000;77e697ed-4d68-482d-9739-aec39dce6290;11.198;0.1;SELL
2016-04-04T20:35:42.000000;2016-04-04T20:35:42.143000;48887860-1cb2-48ae-8eb6-cada0685de12;11.198;0.1;SELL
2016-04-04T20:42:38.000000;2016-04-04T20:42:38.807000;c6164ddf-c355-4d1c-9b18-f9ef69c1989a;11.194;0.126174;BUY
2016-04-04T20:42:48.000000;2016-04-04T20:42:49.027000;401ec000-e1e5-4972-b042-a3b09fe2ba58;11.194;0.128129;BUY
2016-04-04T20:42:59.000000;2016-04-04T20:42:59.740000;aa420a26-e749-455a-8f5f-dcd70e39f8b3;11.194;0.125587;BUY
2016-04-04T20:49:39.000000;2016-04-04T20:49:39.357000;c6b643df-0468-449a-8117-d332b9c9ae60;11.186;0.1;SELL
2016-04-04T20:55:19.000000;2016-04-04T20:55:19.773000;87a74b31-2d53-4883-b0ba-98af5472043e;11.182;0.116957;BUY
2016-04-04T20:55:34.000000;2016-04-04T20:55:34.253000;708d3ea5-9ff4-4cda-b2a2-b200d5883fcc;11.167;0.1;SELL
2016-04-04T20:55:34.000000;2016-04-04T20:55:34.260000;618c0b0f-ec78-4435-9441-d31f311e1e93;11.167;0.1;SELL
2016-04-04T20:55:34.000000;2016-04-04T20:55:34.267000;0a66c6e4-12a5-4eaa-bbba-a96d0c7389b4;11.166;0.85;SELL
2016-04-04T20:55:34.000000;2016-04-04T20:55:34.297000;cc00176b-6286-4947-b333-91a683f72b8b;11.15;7.57599288;SELL
2016-04-04T21:05:21.000000;2016-04-04T21:05:21.077000;8c4c6764-4830-4b46-bbee-f00834808f0e;11.182;0.118617;BUY
2016-04-04T21:17:55.000000;2016-04-04T21:17:55.143000;0b3b40ac-2017-48b1-8b2a-731cd4d6bc36;11.182;0.120642;BUY
2016-04-04T21:18:06.000000;2016-04-04T21:18:06.347000;0b06a063-927c-4304-9a71-90b0607b4a9a;11.182;0.124371;BUY
2016-04-04T21:18:12.000000;2016-04-04T21:18:12.800000;62cc4012-7a04-4a17-b483-65460f789c3e;11.182;0.121194;BUY
2016-04-04T21:18:19.000000;2016-04-04T21:18:19.207000;32ab883d-fe56-4eaa-81df-ec464b7479f3;11.182;0.119714;BUY
2016-04-04T21:32:11.000000;2016-04-04T21:32:11.967000;8fb2689e-9264-4b26-8a0e-4d3178d15e7a;11.182;0.127565;BUY
2016-04-04T21:32:25.000000;2016-04-04T21:32:25.840000;f8dc5db7-2ab4-4bac-8e54-290c04ef6ab4;11.182;0.122619;BUY
2016-04-04T21:42:34.000000;2016-04-04T21:42:34.820000;405aaad2-c0b4-446b-a3bd-bd240c9fb47b;11.182;0.126772;BUY
2016-04-04T21:50:01.000000;2016-04-04T21:50:01.660000;a3f76086-700a-48f8-ac89-b901ae7a5a28;11.177;0.118525;SELL
2016-04-04T21:50:01.000000;2016-04-04T21:50:01.680000;84c857b5-628a-424d-a01b-b223dc6668e3;11.152;0.44834528;SELL
2016-04-04T21:50:01.000000;2016-04-04T21:50:01.687000;bc3a22b6-4f72-4aef-b107-36cc64b6a5ed;11.15;8.64053694;SELL
2016-04-04T21:50:05.000000;2016-04-04T21:50:05.063000;ea6a2799-508b-49c9-a95b-22ff89bbe72d;11.149;0.121479;BUY
2016-04-04T21:51:35.000000;2016-04-04T21:51:35.077000;59c034c3-a8ab-4a07-a88a-d55734a18a72;11.146;0.118342;SELL
2016-04-04T21:51:35.000000;2016-04-04T21:51:35.090000;587b24c3-ee7a-4d05-8965-5f44c5b3d9aa;11.125;0.1;SELL
2016-04-04T21:51:35.000000;2016-04-04T21:51:35.090000;094086e2-33e9-468b-ae04-8fa284c3856d;11.115;0.1;SELL
2016-04-04T21:51:35.000000;2016-04-04T21:51:35.123000;9a3c82b1-c4a6-4939-ba50-ab6029181d76;11.113;0.1;SELL
2016-04-04T21:51:35.000000;2016-04-04T21:51:35.127000;766cd936-83ee-49d5-98eb-98b3ecf04373;11.101;5.0;SELL
2016-04-04T21:51:35.000000;2016-04-04T21:51:35.127000;d3ad55ee-bf84-433a-8849-968627a74171;11.1;4.581658;SELL
2016-04-04T22:02:54.000000;2016-04-04T22:02:54.940000;a8eae80e-99d4-4c05-87f8-72506528c454;11.148;0.119454;BUY
2016-04-04T22:05:10.000000;2016-04-04T22:05:10.767000;53259005-c5cb-4a3e-813c-a4c77a5cda6e;11.093;0.1;SELL
2016-04-04T22:05:10.000000;2016-04-04T22:05:10.773000;24f4286d-d6f8-4b17-b0ab-7f247c1a2e89;11.082;0.1;SELL
2016-04-04T22:05:10.000000;2016-04-04T22:05:10.780000;3a8ed66b-d3d0-4fcd-87af-11ea26c93baa;11.07;0.1;SELL
2016-04-04T22:05:10.000000;2016-04-04T22:05:10.810000;70cf5580-0776-4adb-aa45-a21244de5e16;11.07;0.1;SELL
2016-04-04T22:05:10.000000;2016-04-04T22:05:10.810000;a1482cf1-f7fc-422a-bbc7-fa5c4d1119e7;11.07;0.1;SELL
2016-04-04T22:05:10.000000;2016-04-04T22:05:10.810000;792da847-5cbf-4f00-8ac0-91419f6a263d;11.07;0.1;SELL
2016-04-04T22:05:10.000000;2016-04-04T22:05:10.810000;6e518b03-2f82-456b-a321-d61f831f1d3e;11.07;0.1;SELL
2016-04-04T22:05:10.000000;2016-04-04T22:05:10.813000;20f9eff2-3c53-4818-ad5f-9743aa6228ee;11.07;2.6;SELL
2016-04-04T22:05:10.000000;2016-04-04T22:05:10.850000;0dbe5c4b-e769-4805-b2dc-a4b8ffc44b2d;11.069;7.6103106;SELL
2016-04-04T22:05:11.000000;2016-04-04T22:05:11.370000;f314dd4c-80b1-4101-817b-f9230b69c815;11.148;4.8;BUY
2016-04-04T22:05:16.000000;2016-04-04T22:05:16.930000;9102f557-873c-4b2b-a57c-dc987f7c66ee;11.148;2.6;SELL
2016-04-04T22:11:08.000000;2016-04-04T22:11:08.307000;927df3a8-04f6-4a8f-9b38-230870cd006f;11.149;0.127091;BUY
2016-04-04T22:11:21.000000;2016-04-04T22:11:21.270000;13f4f65e-9954-45a8-84aa-9428bc9a8500;11.148;24.7096;SELL
2016-04-04T22:11:24.000000;2016-04-04T22:11:24.307000;deaab2a4-8ba4-4dc2-bbe3-81298b693724;11.149;0.125893;BUY
2016-04-04T22:11:39.000000;2016-04-04T22:11:39.240000;046bcdf2-5059-4b0d-b530-6afbe708d95a;11.148;9.8839;SELL
2016-04-04T22:12:18.000000;2016-04-04T22:12:19.007000;d88e61b8-21ef-4aa4-ae53-6d1ab6a4f4c8;11.148;3.9535;SELL
2016-04-04T22:12:53.000000;2016-04-04T22:12:53.783000;023a0578-d845-4d58-83b2-829a2a044402;11.148;0.5701;SELL
2016-04-04T22:13:46.000000;2016-04-04T22:13:46.203000;e1f876ff-b881-443e-a05e-6728eeb82037;11.148;0.2275;SELL
2016-04-04T22:15:17.000000;2016-04-04T22:15:17.173000;b24cac99-d182-4abc-b04e-9b49788c13cc;11.148;41.59;SELL
2016-04-04T22:15:24.000000;2016-04-04T22:15:24.917000;67cc2817-ec34-48e0-b9b0-88289d8a014a;11.148;8.56;SELL
2016-04-04T22:15:25.000000;2016-04-04T22:15:25.603000;c884e8b7-faf6-409d-95cf-7af4f470a388;11.148;0.0011;SELL
2016-04-04T22:20:15.000000;2016-04-04T22:20:15.270000;0d24eecf-cd59-43f7-855e-ebc12251a299;11.08;0.119715;BUY
2016-04-04T22:25:45.000000;2016-04-04T22:25:45.333000;e0783e73-34e7-438b-a9f8-96be08d7becf;11.08;0.123297;BUY
2016-04-04T22:25:49.000000;2016-04-04T22:25:49.317000;6da0f365-eee6-42e7-b547-43671d6a3d7d;11.08;0.124285;BUY
2016-04-04T22:26:06.000000;2016-04-04T22:26:06.147000;d1c667be-827c-4f3c-bf04-26f3af4484c1;11.08;0.113408;BUY
2016-04-04T22:27:03.000000;2016-04-04T22:27:03.980000;e4ad8241-80c1-4906-8acc-a34b45cead0e;11.08;53.6414;BUY
2016-04-04T22:27:57.000000;2016-04-04T22:27:57.123000;d4e0f23b-e619-466a-9843-90d0a92c191b;11.08;45.877895;BUY
2016-04-04T22:27:57.000000;2016-04-04T22:27:57.130000;127e835e-8a06-4d81-aa03-2aff43a4c217;11.098;7.763505;BUY
2016-04-04T22:38:33.000000;2016-04-04T22:38:34.027000;9e15f032-cbab-4ea5-8f6e-e5fd7b9fd56d;11.097;5.0;BUY
2016-04-04T22:38:35.000000;2016-04-04T22:38:35.523000;069c6ea4-1cde-41fb-b473-1f22a3d60e69;11.097;0.981;BUY
2016-04-04T22:48:23.000000;2016-04-04T22:48:23.933000;e3e2c67f-7000-43ef-82c4-233945a5ff0f;11.05;21.26067797;BUY
2016-04-04T22:48:25.000000;2016-04-04T22:48:25.780000;165174a2-1aff-4803-853f-7f26d139c5d1;11.05;21.26067797;BUY
2016-04-04T22:48:29.000000;2016-04-04T22:48:29.480000;45ee6b9e-f419-48e7-8659-9f57ba4f0084;11.05;6.52071;BUY
2016-04-04T22:50:30.000000;2016-04-04T22:50:30.170000;82712f78-97f9-4ea9-9f27-3bf3039a09b4;11.097;10.0;BUY
2016-04-04T22:50:35.000000;2016-04-04T22:50:36.067000;8c06eb3d-2b3a-48d1-a807-784bbf7a9a6f;11.097;0.9103106;BUY
2016-04-04T22:52:02.000000;2016-04-04T22:52:03.027000;0d566725-369b-4102-b63d-c29506ffa01d;11.097;36.5843894;BUY
2016-04-04T22:53:50.000000;2016-04-04T22:53:50.800000;7040a266-a6df-46ce-af6e-b402ab3d10ba;11.15;3.0;BUY
2016-04-04T22:54:31.000000;2016-04-04T22:54:31.603000;a93e310e-46a2-40bc-af9c-1e668c10a2a7;11.15;5.0;BUY
2016-04-04T23:32:47.000000;2016-04-04T23:32:47.963000;51b54de8-bf37-4304-9388-d52898bc6120;11.15;2.0;BUY
2016-04-04T23:42:31.000000;2016-04-04T23:42:31.133000;aa923ff1-6281-40fa-8d65-dd61adb4b9d4;11.11;1.0;SELL
2016-04-04T23:42:31.000000;2016-04-04T23:42:31.150000;4ba696cb-c948-4fff-a828-719f171983a4;11.102;6.5;SELL
2016-04-04T23:42:31.000000;2016-04-04T23:42:31.150000;d0998fe9-b772-4e9e-aefd-aef616e14950;11.101;3.27911863;SELL
2016-04-04T23:46:31.000000;2016-04-04T23:46:31.060000;4ef939d8-0c75-469c-ba4c-10c2bd3e37bc;11.15;0.1;BUY
2016-04-04T23:50:13.000000;2016-04-04T23:50:13.073000;1f89fb95-ad34-49d6-aeff-5a3e96a75cf2;11.15;0.1;BUY
