time_exchange;time_coinpai;guid;price;base_amount;taker_side
2016-04-04T00:00:42.000000;2016-04-04T00:00:42.000000;b3033c78-132c-45c5-ad16-20454c2495ca;420.99;11.4792;UNKNOWN
2016-04-04T00:00:42.000000;2016-04-04T00:00:42.000000;ca4ea03b-36d1-4fe2-ad81-319575c6d429;420.99;32.6452;UNKNOWN
2016-04-04T00:00:42.000000;2016-04-04T00:00:42.000000;26e7ec5e-8840-4043-aff2-8dcc17d52e27;420.99;5.8756;UNKNOWN
2016-04-04T00:00:49.000000;2016-04-04T00:00:49.000000;1b7c2f15-ebeb-4ad7-ad5a-dba4f4e97813;421.0;10.0;UNKNOWN
2016-04-04T00:00:49.000000;2016-04-04T00:00:49.000000;8d0a3d43-9cba-45f7-bda3-a39ff1961f89;421.19;5.0;UNKNOWN
2016-04-04T00:01:27.000000;2016-04-04T00:01:27.000000;f46fdc3c-b3f7-4076-896a-794491e43575;421.2;0.45440738;UNKNOWN
2016-04-04T00:02:09.000000;2016-04-04T00:02:09.000000;33d59a8a-4a04-4c04-8437-9fec415bbaa4;420.5;89.06936933;UNKNOWN
2016-04-04T00:02:09.000000;2016-04-04T00:02:09.000000;c6b9a8f0-71fc-4818-b92c-949d9e45ebe3;420.51;4.19;UNKNOWN
2016-04-04T00:02:09.000000;2016-04-04T00:02:09.000000;3744df2f-1bf8-4b1d-bc17-79b4dd086296;420.6;13.0;UNKNOWN
2016-04-04T00:02:09.000000;2016-04-04T00:02:09.000000;2c850fdb-ab9d-4eba-a6a1-178277423b70;420.51;12.5;UNKNOWN
2016-04-04T00:02:09.000000;2016-04-04T00:02:09.000000;17670ee9-3f5f-4b92-ad24-2fde130b535a;420.53;0.1994;UNKNOWN
2016-04-04T00:02:09.000000;2016-04-04T00:02:09.000000;ffe45507-a6a5-42a4-8d8c-8369d8a30c7e;420.51;9.99;UNKNOWN
2016-04-04T00:02:09.000000;2016-04-04T00:02:09.000000;570fa752-a215-4c3a-8eab-1c6bb542b5ed;420.6;0.01;UNKNOWN
2016-04-04T00:02:09.000000;2016-04-04T00:02:09.000000;b25fdca9-3d8d-4ad5-a278-ac662fce36c3;420.8;0.01;UNKNOWN
2016-04-04T00:02:09.000000;2016-04-04T00:02:09.000000;60aaa881-b16d-49d1-be36-01e2724764ff;420.7;3.0;UNKNOWN
2016-04-04T00:02:09.000000;2016-04-04T00:02:09.000000;729802d1-19fb-47a9-bee8-b8a89785c694;420.71;5.904;UNKNOWN
2016-04-04T00:02:09.000000;2016-04-04T00:02:09.000000;d5fc3e01-e342-45a2-ac5b-699c3a29a124;420.52;13.2454;UNKNOWN
2016-04-04T00:03:51.000000;2016-04-04T00:03:51.000000;7ee1e164-64c7-45a9-92bd-2fb1f51ddcb0;420.51;5.8791;UNKNOWN
2016-04-04T00:03:51.000000;2016-04-04T00:03:51.000000;a90d790e-4d74-4835-97b8-02c0751f7c5a;420.5;394.77254371;UNKNOWN
2016-04-04T00:06:05.000000;2016-04-04T00:06:05.000000;c572ef47-7be5-477a-a133-40ba01749220;420.93;0.7220128;UNKNOWN
2016-04-04T00:06:13.000000;2016-04-04T00:06:13.000000;bc757559-3e17-4d68-b7a5-8193edec0732;420.51;0.01607898;UNKNOWN
2016-04-04T00:06:17.000000;2016-04-04T00:06:17.000000;307ccd33-dcd7-455d-bf2b-a41608d28864;420.51;0.3;UNKNOWN
2016-04-04T00:08:05.000000;2016-04-04T00:08:05.000000;3e8f4cfa-c19b-4b67-9464-f18db0b7a723;420.62;0.05249694;UNKNOWN
2016-04-04T00:10:05.000000;2016-04-04T00:10:05.000000;d838c982-5847-4a15-8530-1352729f6550;420.61;0.47120437;UNKNOWN
2016-04-04T00:10:05.000000;2016-04-04T00:10:05.000000;1c37a3e2-71e5-477f-b882-4e74555bc5ac;420.61;0.23751056;UNKNOWN
2016-04-04T00:17:42.000000;2016-04-04T00:17:42.000000;0a1b6b09-d826-4bec-9336-a51499f8c98d;420.96;0.44049467;UNKNOWN
2016-04-04T00:18:05.000000;2016-04-04T00:18:05.000000;d8e0dd4b-2efe-42d3-b237-4d984ad0df13;420.63;0.13546297;UNKNOWN
2016-04-04T00:21:21.000000;2016-04-04T00:21:21.000000;af273bc7-74c9-4ae5-ac1b-89e3150b0379;420.63;0.01;UNKNOWN
2016-04-04T00:21:33.000000;2016-04-04T00:21:33.000000;e8fa297a-11c9-4ab0-9c75-9cb9e8702683;420.63;0.01;UNKNOWN
2016-04-04T00:24:05.000000;2016-04-04T00:24:05.000000;5662d23b-a3da-474a-b3e2-55001785cc76;420.62;0.04846;UNKNOWN
2016-04-04T00:24:30.000000;2016-04-04T00:24:30.000000;900a0e46-845d-4db7-8b91-610415c5f8f2;420.85;0.5938012;UNKNOWN
2016-04-04T00:24:30.000000;2016-04-04T00:24:30.000000;2fee0f97-f32c-4f98-81c1-180c64ad4963;420.64;0.01;UNKNOWN
2016-04-04T00:26:30.000000;2016-04-04T00:26:30.000000;baebe671-bd8e-4852-bb9b-23e00aced49b;420.62;0.14293242;UNKNOWN
2016-04-04T00:30:01.000000;2016-04-04T00:30:01.000000;b750271c-77cd-43c1-ae31-2cd45f087e91;420.82;12.0842;UNKNOWN
2016-04-04T00:30:01.000000;2016-04-04T00:30:01.000000;8b6fc52f-3688-4aa0-aa60-75ef8eb76329;420.63;0.01;UNKNOWN
2016-04-04T00:30:01.000000;2016-04-04T00:30:01.000000;9ad85732-2f9e-4c0a-a55e-990e099a0b3f;420.8;5.8744;UNKNOWN
2016-04-04T00:30:01.000000;2016-04-04T00:30:01.000000;e330f197-1004-40ef-9754-34424a3456f5;420.94;0.3246;UNKNOWN
2016-04-04T00:31:20.000000;2016-04-04T00:31:20.000000;59373e67-2942-41c4-b816-7a2c0ef7aeba;420.95;1.233131;UNKNOWN
2016-04-04T00:33:41.000000;2016-04-04T00:33:41.000000;ff401548-0693-40d0-a47e-63bbcb3d342b;420.62;0.02394904;UNKNOWN
2016-04-04T00:34:35.000000;2016-04-04T00:34:35.000000;70a7cdfb-68c8-4656-b0f6-1b95f2832a79;420.7;12.8419;UNKNOWN
2016-04-04T00:35:57.000000;2016-04-04T00:35:57.000000;6f99d6de-bf46-4ff9-9e64-8de2c46f277e;420.71;0.10958674;UNKNOWN
2016-04-04T00:36:05.000000;2016-04-04T00:36:05.000000;b668ff6e-868d-42e0-a526-b10fb8f715d3;420.71;0.1411;UNKNOWN
2016-04-04T00:36:21.000000;2016-04-04T00:36:21.000000;0cfbf525-0769-4bde-b7ea-3abb24fd6340;420.71;0.0396;UNKNOWN
2016-04-04T00:41:09.000000;2016-04-04T00:41:09.000000;a64b47b0-3543-4eed-9055-36d34f6bc332;420.71;0.02067002;UNKNOWN
2016-04-04T00:41:13.000000;2016-04-04T00:41:13.000000;b46c8380-44e6-47ea-885f-e09f618e8443;420.71;0.08118616;UNKNOWN
2016-04-04T00:41:26.000000;2016-04-04T00:41:26.000000;3e23fe70-d5ba-4f9d-9af2-c771b6a75101;420.71;0.06306682;UNKNOWN
2016-04-04T00:41:30.000000;2016-04-04T00:41:30.000000;8fe1870e-b3f8-40df-851b-e510221c7f72;420.71;0.0295766;UNKNOWN
2016-04-04T00:41:33.000000;2016-04-04T00:41:33.000000;7040760e-66c5-46bc-8fff-8f93a2d5d59d;420.71;0.17094779;UNKNOWN
2016-04-04T00:41:37.000000;2016-04-04T00:41:37.000000;41b589e6-019b-4719-84be-334d763bc362;420.71;0.04349718;UNKNOWN
2016-04-04T00:41:40.000000;2016-04-04T00:41:40.000000;a0f96a88-2b1a-4c05-b65b-331a443d8ba3;420.71;0.01751371;UNKNOWN
2016-04-04T00:41:51.000000;2016-04-04T00:41:51.000000;7ca03836-8e69-4db9-bd6e-a94bb7deaab0;420.7;3.0;UNKNOWN
2016-04-04T00:41:51.000000;2016-04-04T00:41:51.000000;9d0c4d37-f11e-4ccf-9662-6283382c3e2d;420.6;1.0;UNKNOWN
2016-04-04T00:41:51.000000;2016-04-04T00:41:51.000000;8207804d-a385-4230-bf6e-70992cd8a465;420.71;5.21865498;UNKNOWN
2016-04-04T00:41:51.000000;2016-04-04T00:41:51.000000;f6954b61-ea4b-43c0-9330-41c9999e8a86;420.51;4.17;UNKNOWN
2016-04-04T00:41:51.000000;2016-04-04T00:41:51.000000;09d73299-8eb7-41f2-aeb2-0d40810150a9;420.5;9.25570234;UNKNOWN
2016-04-04T00:41:52.000000;2016-04-04T00:41:52.000000;6d6a7c67-9299-4f47-99fe-577de1eebfa0;420.5;0.19164489;UNKNOWN
2016-04-04T00:41:55.000000;2016-04-04T00:41:55.000000;487dc658-0ef3-47a5-83ef-46e3316ec58b;420.5;0.03818643;UNKNOWN
2016-04-04T00:41:58.000000;2016-04-04T00:41:58.000000;4d29a66e-6e93-4178-bb09-405813ffc520;420.5;0.02234561;UNKNOWN
2016-04-04T00:42:09.000000;2016-04-04T00:42:09.000000;b46915dd-2099-45e0-889b-84579be4b0a6;420.51;0.06381827;UNKNOWN
2016-04-04T00:42:12.000000;2016-04-04T00:42:12.000000;4d69ad0e-7acc-4c03-af24-e18471cc84eb;420.51;0.01752132;UNKNOWN
2016-04-04T00:42:16.000000;2016-04-04T00:42:16.000000;832b6929-4837-46b1-bbaa-8afac41d1f3f;420.51;0.18706376;UNKNOWN
2016-04-04T00:42:27.000000;2016-04-04T00:42:27.000000;68d6c4ad-c14a-408b-aac8-309245f3f3a3;420.51;0.05538801;UNKNOWN
2016-04-04T00:42:30.000000;2016-04-04T00:42:30.000000;3bccb367-e559-4ccb-b91b-d3f6514bd143;420.51;0.04959622;UNKNOWN
2016-04-04T00:42:34.000000;2016-04-04T00:42:34.000000;e6dbd0f7-a0f8-49a8-90a5-bd0b54fdb3d8;420.91;0.01;UNKNOWN
2016-04-04T00:42:45.000000;2016-04-04T00:42:45.000000;95a43f9d-7502-4ca2-9e7f-7d41804e9905;420.51;0.06083912;UNKNOWN
2016-04-04T00:42:49.000000;2016-04-04T00:42:49.000000;2a81292d-3efd-4f01-9035-9d97eacf2a7d;420.51;0.06013468;UNKNOWN
2016-04-04T00:42:53.000000;2016-04-04T00:42:53.000000;5962880d-795d-45a6-ae82-a82625168423;420.51;0.12362723;UNKNOWN
2016-04-04T00:43:07.000000;2016-04-04T00:43:07.000000;7be081fd-6faf-448c-a7b7-ecbe2e6877a7;420.51;0.08410115;UNKNOWN
2016-04-04T00:43:36.000000;2016-04-04T00:43:36.000000;a4e48bd4-33d1-4718-8162-c391f2cb1de3;420.51;0.12070071;UNKNOWN
2016-04-04T00:43:50.000000;2016-04-04T00:43:50.000000;87a04a4b-cc28-4592-a9bc-5d91c3981766;420.51;0.02222469;UNKNOWN
2016-04-04T00:43:53.000000;2016-04-04T00:43:53.000000;10f5ee41-f97f-47c9-a086-458e5a98445a;420.51;0.02567091;UNKNOWN
2016-04-04T00:43:57.000000;2016-04-04T00:43:57.000000;b57fdcb5-c4b1-4a06-beaf-c92bf3f285e7;420.51;0.17562311;UNKNOWN
2016-04-04T00:44:06.000000;2016-04-04T00:44:06.000000;31b0c086-f990-4b21-8831-068a548e98ca;420.51;0.02349837;UNKNOWN
2016-04-04T00:44:08.000000;2016-04-04T00:44:08.000000;ba8b32e0-1b2d-4cc7-be26-728373f5aad5;420.51;0.02135642;UNKNOWN
2016-04-04T00:44:29.000000;2016-04-04T00:44:29.000000;98bf5d8e-2168-4f71-9127-75f73f68d238;420.51;0.08083819;UNKNOWN
2016-04-04T00:44:32.000000;2016-04-04T00:44:32.000000;9ad69682-3677-4ebb-aff9-c195ba4b32a6;420.51;0.1409795;UNKNOWN
2016-04-04T00:44:35.000000;2016-04-04T00:44:35.000000;74d4d658-6d4c-479b-9453-fa4f09883a3e;420.51;0.07730653;UNKNOWN
2016-04-04T00:44:38.000000;2016-04-04T00:44:38.000000;3af29095-1917-46d8-a052-0ac745513ce1;420.51;0.06474411;UNKNOWN
2016-04-04T00:44:42.000000;2016-04-04T00:44:42.000000;c1f541e6-49f3-495b-aad6-71c44c4ab11a;420.51;0.19217744;UNKNOWN
2016-04-04T00:44:46.000000;2016-04-04T00:44:46.000000;6737ef99-f0e7-4980-af7e-c546eefba5b9;420.51;0.03314659;UNKNOWN
2016-04-04T00:44:49.000000;2016-04-04T00:44:49.000000;2b46f089-df27-45d8-a054-dd2c428e589f;420.51;0.04333311;UNKNOWN
2016-04-04T00:45:04.000000;2016-04-04T00:45:04.000000;fdc425e0-37e8-44b1-b8ab-f1c3c47c37f5;420.5;0.0415822;UNKNOWN
2016-04-04T00:45:08.000000;2016-04-04T00:45:08.000000;d88fa333-a364-4ceb-ab7d-61a5cf7e9c83;420.5;0.03969635;UNKNOWN
2016-04-04T00:45:12.000000;2016-04-04T00:45:12.000000;505162fb-35d8-4869-96ab-ae1b0eb08321;420.5;0.11532658;UNKNOWN
2016-04-04T00:45:16.000000;2016-04-04T00:45:16.000000;456ab103-8064-4c53-97df-ce38dcebb78a;420.5;0.01941798;UNKNOWN
2016-04-04T00:45:19.000000;2016-04-04T00:45:19.000000;c426110b-d6c2-4bcf-905e-ff46dcf099d8;420.5;0.06604837;UNKNOWN
2016-04-04T00:45:34.000000;2016-04-04T00:45:34.000000;462f7e59-4e02-4e12-96c2-c7f34871588c;420.5;0.15701703;UNKNOWN
2016-04-04T00:45:38.000000;2016-04-04T00:45:38.000000;4f278280-5ed1-4bb0-9c42-dfbbec2ebb8a;420.5;0.03031869;UNKNOWN
2016-04-04T00:45:43.000000;2016-04-04T00:45:43.000000;bce39620-0fb4-4618-aaea-d75fabb15e8e;420.5;0.06691231;UNKNOWN
2016-04-04T00:45:57.000000;2016-04-04T00:45:57.000000;072e2d12-2ac4-4172-822e-76d9c1053d8e;420.5;0.05049259;UNKNOWN
2016-04-04T00:46:01.000000;2016-04-04T00:46:01.000000;718f73dc-eed3-4bb5-950e-ea9f1c311294;420.5;0.05027344;UNKNOWN
2016-04-04T00:46:04.000000;2016-04-04T00:46:04.000000;b4278848-da53-4064-81da-6b27af28b459;420.5;0.17911148;UNKNOWN
2016-04-04T00:46:20.000000;2016-04-04T00:46:20.000000;4cbbe1bd-7365-4b64-9f7e-59d283a52413;420.5;0.04610334;UNKNOWN
2016-04-04T00:46:24.000000;2016-04-04T00:46:24.000000;fdfc5304-79cc-4a42-b6e1-cb152d6243a2;420.5;0.03427288;UNKNOWN
2016-04-04T00:46:28.000000;2016-04-04T00:46:28.000000;a513f91e-53ef-4001-a107-884dedc77176;420.5;0.11605477;UNKNOWN
2016-04-04T00:46:33.000000;2016-04-04T00:46:33.000000;1280e952-675e-41f7-8549-44381b88d429;420.5;0.06144246;UNKNOWN
2016-04-04T00:46:37.000000;2016-04-04T00:46:37.000000;5d27a579-3737-44a1-be74-de500a9029fb;420.5;0.03610868;UNKNOWN
2016-04-04T00:46:49.000000;2016-04-04T00:46:49.000000;ead610e1-da10-4263-be1e-48270e6f4e02;420.5;0.0839345;UNKNOWN
2016-04-04T00:46:52.000000;2016-04-04T00:46:52.000000;a574db1c-a4a7-48df-a215-b01dba156cc7;420.5;0.08876463;UNKNOWN
2016-04-04T00:46:56.000000;2016-04-04T00:46:56.000000;d5092d2b-cec4-42a5-b154-f2bec704e2ad;420.5;0.15148203;UNKNOWN
2016-04-04T00:47:00.000000;2016-04-04T00:47:00.000000;ad1eb897-1c55-4653-b6d8-f2966f55f837;420.5;0.05729052;UNKNOWN
2016-04-04T00:47:04.000000;2016-04-04T00:47:04.000000;0a6d6e64-6d6f-455a-a8e7-ae8ff5c8ae0d;420.5;0.06995867;UNKNOWN
2016-04-04T00:47:15.000000;2016-04-04T00:47:15.000000;f43909ed-e6ba-4c60-ad70-d9a79260893a;420.5;0.17521713;UNKNOWN
2016-04-04T00:47:19.000000;2016-04-04T00:47:19.000000;87102868-9286-4e7a-9f8a-3992d5c35abf;420.5;0.06927558;UNKNOWN
2016-04-04T00:47:22.000000;2016-04-04T00:47:22.000000;930b1e72-6046-48a5-ba6d-b7c3dab21560;420.3;0.01397268;UNKNOWN
2016-04-04T00:47:35.000000;2016-04-04T00:47:35.000000;1b8ef45e-f3e7-485b-87cd-9284425dd1e8;420.3;0.16818564;UNKNOWN
2016-04-04T00:47:38.000000;2016-04-04T00:47:38.000000;57677a44-8e8f-4161-b803-3f118526c377;420.3;0.04900591;UNKNOWN
2016-04-04T00:47:42.000000;2016-04-04T00:47:42.000000;fc11634c-ae83-4fad-883d-39bfdfeb23e7;420.01;0.08923222;UNKNOWN
2016-04-04T00:47:50.000000;2016-04-04T00:47:50.000000;87c754c8-2f0e-420d-97d7-33d669a0f71b;420.01;0.04765774;UNKNOWN
2016-04-04T00:47:51.000000;2016-04-04T00:47:51.000000;cb3c7eb9-cae7-4705-a06d-b8a3d0e4ab83;419.93;4.61643219;UNKNOWN
2016-04-04T00:47:51.000000;2016-04-04T00:47:51.000000;dcb06985-266d-45d7-b4d0-e8779a2420c5;420.01;9.85311004;UNKNOWN
2016-04-04T00:47:51.000000;2016-04-04T00:47:51.000000;5628f0de-0ae7-4aab-8ace-6c66841edf36;419.89;13.7676;UNKNOWN
2016-04-04T00:47:51.000000;2016-04-04T00:47:51.000000;3f4ab67b-d895-4741-ba19-df785d69afe9;419.84;3.40642558;UNKNOWN
2016-04-04T00:47:51.000000;2016-04-04T00:47:51.000000;68538eef-7c8c-43e4-ab81-50f1ef1a9943;419.88;0.01;UNKNOWN
2016-04-04T00:47:51.000000;2016-04-04T00:47:51.000000;8bd8bf05-d460-4bad-b1d5-7df23dd533c0;419.88;4.61643219;UNKNOWN
2016-04-04T00:47:51.000000;2016-04-04T00:47:51.000000;e4fdbd70-1538-4444-9c71-6eae97a73bc3;419.95;0.01;UNKNOWN
2016-04-04T00:47:57.000000;2016-04-04T00:47:57.000000;b09735aa-70a1-4efb-b284-4fb7f48163d1;419.85;0.01;UNKNOWN
2016-04-04T00:47:57.000000;2016-04-04T00:47:57.000000;1a22f67e-bae8-4ca0-9a7c-c829882a82a9;419.75;0.02895456;UNKNOWN
2016-04-04T00:48:01.000000;2016-04-04T00:48:01.000000;3056c1c3-de44-4c39-9700-8bd3981d3ce3;420.02;0.05206653;UNKNOWN
2016-04-04T00:48:05.000000;2016-04-04T00:48:05.000000;66c5611a-fb52-434b-876b-f85eb15445a0;420.02;0.16333911;UNKNOWN
2016-04-04T00:48:05.000000;2016-04-04T00:48:05.000000;da96fc71-6ffb-4186-84d3-d2d9fa94a052;420.33;0.01;UNKNOWN
2016-04-04T00:48:05.000000;2016-04-04T00:48:05.000000;f80c6fa6-6d98-4a3c-b09c-77eb12722a74;420.41;0.01523679;UNKNOWN
2016-04-04T00:48:05.000000;2016-04-04T00:48:05.000000;991de7c0-2edf-4d84-9297-f2d874711d57;420.02;0.0261;UNKNOWN
2016-04-04T00:48:09.000000;2016-04-04T00:48:09.000000;bf5ce72c-db5b-401c-b43c-18209e17f94a;420.02;0.03835193;UNKNOWN
2016-04-04T00:48:24.000000;2016-04-04T00:48:24.000000;25550447-09ce-4e2b-8890-a35f5d7fccea;420.02;0.12923752;UNKNOWN
2016-04-04T00:48:28.000000;2016-04-04T00:48:28.000000;54ec8367-30b8-4531-923d-180035493d1a;420.02;0.07241291;UNKNOWN
2016-04-04T00:48:38.000000;2016-04-04T00:48:38.000000;cd35ccd5-d86f-4e17-b3a2-c34ab6118804;420.02;0.15589452;UNKNOWN
2016-04-04T00:49:57.000000;2016-04-04T00:49:57.000000;633d9864-c8b3-4f06-af2e-9c2f28384764;419.96;0.22663295;UNKNOWN
2016-04-04T00:53:18.000000;2016-04-04T00:53:18.000000;ec6c2258-1e4b-4133-8a87-46888cb30a2e;420.1;4.75720512;UNKNOWN
2016-04-04T00:53:50.000000;2016-04-04T00:53:50.000000;8e858fe2-d748-4278-a502-0ad0dba3391a;419.65;0.072;UNKNOWN
2016-04-04T00:53:50.000000;2016-04-04T00:53:50.000000;6ffb5aa8-29fc-43ba-8da9-c09a0bf3e86c;419.86;0.01;UNKNOWN
2016-04-04T00:55:29.000000;2016-04-04T00:55:29.000000;f84ac532-3d84-4e76-b93d-ec17b75b66a2;419.78;0.07288158;UNKNOWN
2016-04-04T00:55:29.000000;2016-04-04T00:55:29.000000;627cf369-d8fb-4b43-8633-5345a36a396d;419.96;0.01;UNKNOWN
2016-04-04T00:55:33.000000;2016-04-04T00:55:33.000000;4997787d-6b67-495b-870f-3a62055c9451;419.86;0.01;UNKNOWN
2016-04-04T00:55:33.000000;2016-04-04T00:55:33.000000;7bd490a4-148a-48bf-894a-5890c86a7d5d;419.79;0.04821704;UNKNOWN
2016-04-04T00:56:43.000000;2016-04-04T00:56:43.000000;35159808-3ef8-44e0-8048-f4d342318310;420.28;0.4026012;UNKNOWN
2016-04-04T01:03:22.000000;2016-04-04T01:03:22.000000;d0d9c998-d7c4-40c5-bbbf-9d0a0e2a1fb0;420.04;2.0;UNKNOWN
2016-04-04T01:04:44.000000;2016-04-04T01:04:44.000000;82f84ea0-3dc9-4130-9f9b-ebf5828e2a08;420.28;0.86;UNKNOWN
2016-04-04T01:07:05.000000;2016-04-04T01:07:05.000000;bdb88791-8cbf-47bc-a459-b398478258a2;420.28;0.36078212;UNKNOWN
2016-04-04T01:12:05.000000;2016-04-04T01:12:05.000000;8123ee57-09eb-48a5-985c-b510ef4abe29;419.96;0.02357311;UNKNOWN
2016-04-04T01:12:17.000000;2016-04-04T01:12:17.000000;7cbd50f9-2bc1-451d-aa82-64a2f7da6bdf;420.28;0.08486906;UNKNOWN
2016-04-04T01:12:20.000000;2016-04-04T01:12:20.000000;c56ed8b0-a6c7-4eb8-959d-e92139886e0d;420.28;0.08486906;UNKNOWN
2016-04-04T01:13:10.000000;2016-04-04T01:13:10.000000;6ced13fb-d67e-4052-803c-e852cc18aa15;419.96;0.23859509;UNKNOWN
2016-04-04T01:13:17.000000;2016-04-04T01:13:17.000000;aa892f00-2c80-41b0-bfe4-0de778ea6933;419.96;2.35493358;UNKNOWN
2016-04-04T01:17:47.000000;2016-04-04T01:17:47.000000;4fabcf15-f79b-4d8a-ae77-df89948a0e96;420.0;2.90178571;UNKNOWN
2016-04-04T01:17:50.000000;2016-04-04T01:17:50.000000;582a6901-ae71-4908-9376-bbcb38629500;420.0;2.90178571;UNKNOWN
2016-04-04T01:18:33.000000;2016-04-04T01:18:33.000000;e25d6fb4-68f6-4784-9246-14c53183d039;419.86;0.4872816;UNKNOWN
2016-04-04T01:21:03.000000;2016-04-04T01:21:03.000000;85fed711-03ee-4d42-92b0-18801863aaee;419.86;0.19070378;UNKNOWN
2016-04-04T01:22:42.000000;2016-04-04T01:22:42.000000;a7c83dd0-53f5-4acc-a2be-3cc303f05886;419.86;0.01212332;UNKNOWN
2016-04-04T01:29:36.000000;2016-04-04T01:29:36.000000;4c6f9253-0c70-4233-af5e-6549fc36896f;419.87;6.10080248;UNKNOWN
2016-04-04T01:29:36.000000;2016-04-04T01:29:36.000000;b177d578-45d0-465d-8742-f973df06b23f;419.98;5.9051;UNKNOWN
2016-04-04T01:29:36.000000;2016-04-04T01:29:36.000000;75fe6a88-bb68-45f6-91b4-bb601440eb20;420.23;3.60017654;UNKNOWN
2016-04-04T01:29:36.000000;2016-04-04T01:29:36.000000;cfb5fbed-bc53-4622-b119-7e3d3645f397;420.0;4.39392098;UNKNOWN
2016-04-04T01:30:02.000000;2016-04-04T01:30:02.000000;77bfa692-43c2-41e6-97d3-5201dd106436;419.87;0.01;UNKNOWN
2016-04-04T01:30:03.000000;2016-04-04T01:30:03.000000;1a874693-94b5-4dcb-8494-200f9b69579d;419.87;0.04484908;UNKNOWN
2016-04-04T01:31:33.000000;2016-04-04T01:31:33.000000;5ff8dfe3-894a-48ec-8ab4-bef118537536;419.87;0.06094482;UNKNOWN
2016-04-04T01:32:17.000000;2016-04-04T01:32:17.000000;a657b789-9a3c-4842-876a-32d56060a388;419.95;0.00482251;UNKNOWN
2016-04-04T01:32:54.000000;2016-04-04T01:32:54.000000;ef1896f3-4c53-49d0-801b-dc56edd86221;420.1;0.0543531;UNKNOWN
2016-04-04T01:32:56.000000;2016-04-04T01:32:56.000000;b312b480-096b-45d7-8e6f-21c69a379a2a;419.85;1.19753846;UNKNOWN
2016-04-04T01:32:56.000000;2016-04-04T01:32:56.000000;821fd645-fc1f-405a-8ade-2d6fc3f151c8;419.86;0.3098913;UNKNOWN
2016-04-04T01:33:47.000000;2016-04-04T01:33:47.000000;9f11cb25-cfd0-4b19-a23c-5048ebed92c4;419.84;0.03036306;UNKNOWN
2016-04-04T01:33:51.000000;2016-04-04T01:33:51.000000;4251365e-c4f9-48ce-b99a-6c71069d7353;419.84;0.0642963;UNKNOWN
2016-04-04T01:35:24.000000;2016-04-04T01:35:24.000000;e6bf04bb-5492-4914-a83a-31f2af660e15;419.86;0.03791088;UNKNOWN
2016-04-04T01:44:46.000000;2016-04-04T01:44:46.000000;91ccdeba-9f1e-4dab-bf0d-399bdf1dc13f;419.78;0.27801687;UNKNOWN
2016-04-04T01:51:06.000000;2016-04-04T01:51:06.000000;d9b8cfc7-310f-4a17-8817-77627e52721c;420.01;0.72318868;UNKNOWN
2016-04-04T01:58:28.000000;2016-04-04T01:58:28.000000;706b85d4-cf5b-4cb4-b52e-d16ab9f55544;420.01;0.1632;UNKNOWN
2016-04-04T02:00:06.000000;2016-04-04T02:00:06.000000;8dd7edb2-35a0-4352-a1f1-8b852e2f80df;420.01;3.29612399;UNKNOWN
2016-04-04T02:00:13.000000;2016-04-04T02:00:13.000000;4597d1be-095f-4c0f-be74-861ac4cb7a15;420.1;2.83990377;UNKNOWN
2016-04-04T02:04:05.000000;2016-04-04T02:04:05.000000;bdaa982a-0eac-494b-8f9a-3671baf91210;420.38;0.20461809;UNKNOWN
2016-04-04T02:04:05.000000;2016-04-04T02:04:05.000000;cdbb5d71-7bc2-47d4-bd70-60705dd6929f;420.1;0.00164313;UNKNOWN
2016-04-04T02:04:57.000000;2016-04-04T02:04:57.000000;c827b13c-7b55-4a4b-8200-bb60f919269d;419.95;0.01;UNKNOWN
2016-04-04T02:05:08.000000;2016-04-04T02:05:08.000000;eedd403c-9756-452d-9eda-0aebc310ee55;419.95;0.01;UNKNOWN
2016-04-04T02:05:19.000000;2016-04-04T02:05:19.000000;08e995d0-abf3-4088-9c64-33e95b24e43b;419.95;0.01;UNKNOWN
2016-04-04T02:12:15.000000;2016-04-04T02:12:15.000000;5c0ed085-c5c7-4ad5-adfe-468a9eeef5d7;419.93;11.57207225;UNKNOWN
2016-04-04T02:12:15.000000;2016-04-04T02:12:15.000000;a2ab52ce-0efc-4124-bea8-08755c3384ee;419.96;0.01;UNKNOWN
2016-04-04T02:12:15.000000;2016-04-04T02:12:15.000000;96a7fd1c-e6a9-498e-89fa-851cf822cec7;419.96;5.8938;UNKNOWN
2016-04-04T02:14:55.000000;2016-04-04T02:14:55.000000;d3bc5e09-4b8b-4e2b-a66b-55bffb5e6726;420.27;2.47;UNKNOWN
2016-04-04T02:15:01.000000;2016-04-04T02:15:01.000000;b34c54c0-9769-4a54-a995-6f1b3bf6b617;419.96;0.01;UNKNOWN
2016-04-04T02:15:01.000000;2016-04-04T02:15:01.000000;11ae88ff-5289-41b9-9eb3-bd00fe744614;419.64;0.0301;UNKNOWN
2016-04-04T02:15:01.000000;2016-04-04T02:15:01.000000;a5869db6-2683-4a49-9385-9eb2d14c661a;419.63;0.03119785;UNKNOWN
2016-04-04T02:16:34.000000;2016-04-04T02:16:34.000000;015d6705-1447-4e2e-afc8-09fa0246549c;419.63;0.00979802;UNKNOWN
2016-04-04T02:16:34.000000;2016-04-04T02:16:34.000000;fb1852d3-402f-45d5-b94f-6ec7fd66fa71;419.86;0.01;UNKNOWN
2016-04-04T02:16:38.000000;2016-04-04T02:16:38.000000;354e6c5a-11b8-4953-b7b3-4e4eab67cff1;419.86;0.01;UNKNOWN
2016-04-04T02:16:38.000000;2016-04-04T02:16:38.000000;ee2f62e8-7cba-4ecc-8738-94efa67472fd;419.63;0.017953;UNKNOWN
2016-04-04T02:16:43.000000;2016-04-04T02:16:43.000000;3ea2af5a-fa51-47fe-879e-d53b1d13bbe4;419.63;0.16908546;UNKNOWN
2016-04-04T02:16:43.000000;2016-04-04T02:16:43.000000;18ca5044-eadf-4403-b8d8-598db1affc0c;419.86;0.01;UNKNOWN
2016-04-04T02:16:46.000000;2016-04-04T02:16:46.000000;4ce3ccfc-6c2d-4293-959e-bb6591f68bbd;419.92;0.01;UNKNOWN
2016-04-04T02:16:46.000000;2016-04-04T02:16:46.000000;34893ddb-a166-4ed1-938f-c458356e66d9;419.66;0.62509872;UNKNOWN
2016-04-04T02:16:59.000000;2016-04-04T02:16:59.000000;2ede6f24-ae4e-41fd-a1f8-cdb93d4d59e0;419.92;0.01;UNKNOWN
2016-04-04T02:16:59.000000;2016-04-04T02:16:59.000000;0952883d-d545-4b2c-b4cb-08cbca6be344;419.66;0.10979454;UNKNOWN
2016-04-04T02:17:02.000000;2016-04-04T02:17:02.000000;71b20678-cad1-4811-986e-497e5860827f;419.91;0.01;UNKNOWN
2016-04-04T02:17:02.000000;2016-04-04T02:17:02.000000;f31aacc8-3d61-4d0d-9e51-a3b1940d739d;419.67;0.02519332;UNKNOWN
2016-04-04T02:17:06.000000;2016-04-04T02:17:06.000000;99c0e1e5-e189-4174-bacb-9935277f73a7;419.87;0.01;UNKNOWN
2016-04-04T02:17:06.000000;2016-04-04T02:17:06.000000;ef680943-6825-46ad-8ad9-04e2445f3458;419.68;0.00124687;UNKNOWN
2016-04-04T02:17:10.000000;2016-04-04T02:17:10.000000;8bb95158-6df0-47a2-892d-55415ae0f384;419.68;0.13670277;UNKNOWN
2016-04-04T02:17:10.000000;2016-04-04T02:17:10.000000;53accecd-b193-4a47-8b71-faca917c47e1;419.87;0.01;UNKNOWN
2016-04-04T02:17:14.000000;2016-04-04T02:17:14.000000;477042e5-526d-4ed9-9403-1389360fa118;419.85;0.01;UNKNOWN
2016-04-04T02:17:14.000000;2016-04-04T02:17:14.000000;b2adcc64-587a-4f39-b8f9-24e92d31028c;419.68;0.62894598;UNKNOWN
2016-04-04T02:17:27.000000;2016-04-04T02:17:27.000000;10b9eb52-6bf7-48b4-acfe-47a04c1c026d;419.68;0.03323341;UNKNOWN
2016-04-04T02:17:27.000000;2016-04-04T02:17:27.000000;4f11fd1e-4ed8-40a3-82c5-16636d4dddfd;419.82;0.01;UNKNOWN
2016-04-04T02:17:30.000000;2016-04-04T02:17:30.000000;28b2df36-be6b-47b4-9fff-a20dcfa53e45;419.92;0.0783958;UNKNOWN
2016-04-04T02:17:34.000000;2016-04-04T02:17:34.000000;d86a30c7-33de-46ba-8718-136c01ea764f;419.92;0.13388968;UNKNOWN
2016-04-04T02:17:38.000000;2016-04-04T02:17:38.000000;456c0561-ad44-40bf-9981-dec99741bb2a;419.92;0.62940847;UNKNOWN
2016-04-04T02:17:43.000000;2016-04-04T02:17:43.000000;96359989-ae3e-458e-b46b-7b3b64b22a18;419.92;0.18167985;UNKNOWN
2016-04-04T02:17:47.000000;2016-04-04T02:17:47.000000;5d82f581-ff40-4b63-8be1-216b12edbdd0;419.92;0.20720958;UNKNOWN
2016-04-04T02:17:50.000000;2016-04-04T02:17:50.000000;6a04f86c-8724-4627-9979-1c5d9dbb0fd9;419.92;0.08468637;UNKNOWN
2016-04-04T02:17:55.000000;2016-04-04T02:17:55.000000;fef9f414-907e-4cb7-bb9c-e5db3ba020f7;419.92;0.01314251;UNKNOWN
2016-04-04T02:17:58.000000;2016-04-04T02:17:58.000000;fd9c471a-38e8-4292-8882-0e4e17d938e6;419.92;0.13066108;UNKNOWN
2016-04-04T02:18:02.000000;2016-04-04T02:18:02.000000;0a4330da-2cde-43af-9089-ef153aa4d512;419.92;0.65049725;UNKNOWN
2016-04-04T02:18:18.000000;2016-04-04T02:18:18.000000;3e411477-f62c-4286-af9c-a6b9e6321772;419.92;0.19565602;UNKNOWN
2016-04-04T02:18:22.000000;2016-04-04T02:18:22.000000;5e6e41c7-dddb-43a2-a7e3-a1093b3eb5e9;419.92;0.0544123;UNKNOWN
2016-04-04T02:18:27.000000;2016-04-04T02:18:27.000000;f0b7e5ca-afb9-4268-aa57-aaad2d83178d;419.92;0.06131241;UNKNOWN
2016-04-04T02:18:31.000000;2016-04-04T02:18:31.000000;13214aa7-c2a8-407f-bfa0-92e5e6ab870b;419.78;0.01;UNKNOWN
2016-04-04T02:18:31.000000;2016-04-04T02:18:31.000000;80fa96d0-9ba3-4ffd-9d96-bee5eb3609f6;419.65;0.15004433;UNKNOWN
2016-04-04T02:18:35.000000;2016-04-04T02:18:35.000000;ccd45537-5127-4ea4-8388-ef3dd840f8f0;419.65;0.67011988;UNKNOWN
2016-04-04T02:18:39.000000;2016-04-04T02:18:39.000000;b89cc496-8d31-4c6d-95c7-bde3019be3c9;419.65;0.04137764;UNKNOWN
2016-04-04T02:18:43.000000;2016-04-04T02:18:43.000000;00e1d759-cf1e-4895-987e-4d99720a63e3;419.65;0.03236817;UNKNOWN
2016-04-04T02:18:47.000000;2016-04-04T02:18:47.000000;6a96bf6c-1acd-4ef9-908c-293ad515d757;419.65;0.18084518;UNKNOWN
2016-04-04T02:18:56.000000;2016-04-04T02:18:56.000000;debc712b-3b8f-40e6-9279-30f008ef6456;419.65;0.16451839;UNKNOWN
2016-04-04T02:19:14.000000;2016-04-04T02:19:14.000000;63abce8a-8698-46a6-ab34-8d41bf9e7ef8;419.65;0.0282552;UNKNOWN
2016-04-04T02:19:18.000000;2016-04-04T02:19:18.000000;78e4dfd4-eda2-494a-bd7b-8aaf81ae7913;419.65;0.07883896;UNKNOWN
2016-04-04T02:19:47.000000;2016-04-04T02:19:47.000000;a773e5da-4808-4c5d-a465-5cda1dc1339c;419.65;0.67915651;UNKNOWN
2016-04-04T02:19:51.000000;2016-04-04T02:19:51.000000;df3c5edf-24c1-432c-a97f-bb645635c4ee;419.65;0.1488442;UNKNOWN
2016-04-04T02:19:56.000000;2016-04-04T02:19:56.000000;bc92e17a-e981-4b18-b88f-ae15cbe60a9c;419.65;0.05922564;UNKNOWN
2016-04-04T02:20:05.000000;2016-04-04T02:20:05.000000;d67e9e54-7f3a-4e2f-9efa-2ad3a0c8c47b;419.65;0.38016;UNKNOWN
2016-04-04T02:21:12.000000;2016-04-04T02:21:12.000000;03c202d2-3082-4acb-9e14-4d2aa3903a1a;419.65;0.69844289;UNKNOWN
2016-04-04T02:21:16.000000;2016-04-04T02:21:16.000000;49da96b4-0730-434d-9ef3-ace9ecbc4a1c;419.65;0.01;UNKNOWN
2016-04-04T02:21:16.000000;2016-04-04T02:21:16.000000;5c92e472-a856-4611-a8ef-5eb03d43c00c;419.6;0.0660719;UNKNOWN
2016-04-04T02:21:22.000000;2016-04-04T02:21:22.000000;351b56bd-0b8b-4a19-bfe6-93918a7cd528;419.56;0.01;UNKNOWN
2016-04-04T02:21:22.000000;2016-04-04T02:21:22.000000;a0e528a4-0ea5-426f-bd24-d4f14eaa5206;419.52;0.12909596;UNKNOWN
2016-04-04T02:21:40.000000;2016-04-04T02:21:40.000000;d9bb319b-a708-4192-a461-e9b6b8379d38;419.52;0.06742782;UNKNOWN
2016-04-04T02:25:02.000000;2016-04-04T02:25:02.000000;36b84b18-e383-4439-ba8a-660d23b3e8cb;419.99;0.08167446;UNKNOWN
2016-04-04T02:26:11.000000;2016-04-04T02:26:11.000000;9fba1c88-6c98-4e37-a805-c89df278af9c;419.83;0.07639057;UNKNOWN
2016-04-04T02:26:53.000000;2016-04-04T02:26:53.000000;57744488-dc40-45c9-80f2-9e5ea252e23b;419.99;0.02146581;UNKNOWN
2016-04-04T02:28:05.000000;2016-04-04T02:28:05.000000;1d0fb212-ffbd-4e74-9ea2-ce60209f9a1b;419.91;0.0925797;UNKNOWN
2016-04-04T02:28:23.000000;2016-04-04T02:28:23.000000;60deaafd-084e-4fa3-a421-bad1234f8217;420.0;0.0958;UNKNOWN
2016-04-04T02:30:37.000000;2016-04-04T02:30:37.000000;c0feedd8-e3f2-4d24-8fab-f2ed10b6a72e;419.85;0.14078786;UNKNOWN
2016-04-04T02:31:13.000000;2016-04-04T02:31:13.000000;fc1d6910-b43c-459f-9994-d4134e0ff2e4;420.0;0.02379274;UNKNOWN
2016-04-04T02:34:00.000000;2016-04-04T02:34:00.000000;625df6ed-06e9-4103-8a28-7be3bd8e4246;420.0;0.20016566;UNKNOWN
2016-04-04T02:34:04.000000;2016-04-04T02:34:04.000000;83dc4e05-3340-44cd-bea0-11fccfc78181;420.0;0.08219517;UNKNOWN
2016-04-04T02:34:05.000000;2016-04-04T02:34:05.000000;079880be-0d1d-4467-b3fe-1f18ff622d66;420.0;0.36126853;UNKNOWN
2016-04-04T02:34:51.000000;2016-04-04T02:34:51.000000;18ef6572-fd04-421c-aa0d-28d2a2ce7ca4;420.0;0.20702475;UNKNOWN
2016-04-04T02:34:55.000000;2016-04-04T02:34:55.000000;abc048f0-72c7-4a0a-b248-91e1ab38763d;420.0;0.13236262;UNKNOWN
2016-04-04T02:34:59.000000;2016-04-04T02:34:59.000000;66bee972-1a5b-4025-8273-4d7a976beb65;420.0;0.16517879;UNKNOWN
2016-04-04T02:35:10.000000;2016-04-04T02:35:10.000000;ab1c4434-bf9f-48ed-8c1b-a2032a371ed7;419.85;0.09784962;UNKNOWN
2016-04-04T02:36:05.000000;2016-04-04T02:36:05.000000;12a90222-3d57-4e8e-b680-e3e06afcadc4;419.91;0.2378;UNKNOWN
2016-04-04T02:37:04.000000;2016-04-04T02:37:04.000000;114e6f22-5108-4f59-acd9-d53f4ef9a0c2;420.0;0.01486;UNKNOWN
2016-04-04T02:37:32.000000;2016-04-04T02:37:32.000000;f07b13ef-706d-491d-ab78-5479c960ab6c;419.91;0.18326134;UNKNOWN
2016-04-04T02:37:36.000000;2016-04-04T02:37:36.000000;1378868d-1770-435b-9fc7-3c97bda1ae93;419.91;0.0551188;UNKNOWN
2016-04-04T02:37:41.000000;2016-04-04T02:37:41.000000;2a62f3e6-bebc-4e70-a59d-f5e1e6f2e915;419.91;0.17464868;UNKNOWN
2016-04-04T02:39:50.000000;2016-04-04T02:39:50.000000;24de0bfe-3918-48df-82fc-2efae0caabde;419.92;0.04772243;UNKNOWN
2016-04-04T02:39:57.000000;2016-04-04T02:39:57.000000;1b79f7a2-601d-4103-b8a4-85a2c7a80d35;419.92;0.1193288;UNKNOWN
2016-04-04T02:40:40.000000;2016-04-04T02:40:40.000000;121e12cd-d375-4c36-bc85-eae9f0fe6709;420.0;8.0;UNKNOWN
2016-04-04T02:41:05.000000;2016-04-04T02:41:05.000000;ba012ec9-f713-4e54-a26d-92cec24c0129;420.0;1.45011527;UNKNOWN
2016-04-04T02:41:05.000000;2016-04-04T02:41:05.000000;545b7fec-ebd9-492d-a0fa-9abd4b183026;420.0;0.71735174;UNKNOWN
2016-04-04T02:41:14.000000;2016-04-04T02:41:14.000000;973e5f11-d240-47ec-818d-af660f21f6b0;420.0;0.05950812;UNKNOWN
2016-04-04T02:46:02.000000;2016-04-04T02:46:02.000000;1afc0373-5fca-4448-b13d-2809e6d0ac7b;419.95;2.0;UNKNOWN
2016-04-04T02:46:02.000000;2016-04-04T02:46:02.000000;482169c2-6f93-4dd2-b894-dfddf666b953;419.95;1.0;UNKNOWN
2016-04-04T02:46:02.000000;2016-04-04T02:46:02.000000;6c39a606-3041-41e8-82d7-194f9d66630d;419.85;5.9135;UNKNOWN
2016-04-04T02:46:02.000000;2016-04-04T02:46:02.000000;0efbe6be-0f14-4b8f-a582-4e8a2b6afc08;419.85;7.38864308;UNKNOWN
2016-04-04T02:46:45.000000;2016-04-04T02:46:45.000000;953a37e4-e63d-498b-8638-9ede113eb794;419.77;5.49603;UNKNOWN
2016-04-04T02:46:45.000000;2016-04-04T02:46:45.000000;697f7e7d-3474-4a6f-968b-1e223770a086;419.85;9.50397;UNKNOWN
2016-04-04T02:53:05.000000;2016-04-04T02:53:05.000000;ad89224b-88e9-49ce-b886-4aadde718acc;419.77;0.07651262;UNKNOWN
2016-04-04T02:53:51.000000;2016-04-04T02:53:51.000000;9770a799-1290-4d94-8d39-4832c271f983;419.99;0.09;UNKNOWN
2016-04-04T02:54:45.000000;2016-04-04T02:54:45.000000;96971567-9e17-4e9b-96cd-227462fbc6bd;419.77;0.04057952;UNKNOWN
2016-04-04T02:55:06.000000;2016-04-04T02:55:06.000000;7cc44efb-9c15-42bc-a117-17e6a037c6a7;419.97;0.058479;UNKNOWN
2016-04-04T02:56:10.000000;2016-04-04T02:56:10.000000;c5cda4a4-1700-4bbc-8185-8fae1175021d;419.79;4.77897;UNKNOWN
2016-04-04T02:57:15.000000;2016-04-04T02:57:15.000000;6a0ebcd4-0877-4f3a-b766-fc71534bc6e5;419.78;0.5817092;UNKNOWN
2016-04-04T02:57:16.000000;2016-04-04T02:57:16.000000;11679629-6243-4135-a7fb-ee3e83826d81;419.9;0.01480679;UNKNOWN
2016-04-04T03:00:39.000000;2016-04-04T03:00:39.000000;5361a6c5-40ef-4cd6-9b1a-73441b3afc1d;419.87;0.01086138;UNKNOWN
2016-04-04T03:03:52.000000;2016-04-04T03:03:52.000000;67a72a7c-6242-4c41-8efe-ca016a901904;419.53;0.1;UNKNOWN
2016-04-04T03:04:37.000000;2016-04-04T03:04:37.000000;754560d6-2c55-46f6-ae89-9e9313016a5e;419.84;0.298;UNKNOWN
2016-04-04T03:04:37.000000;2016-04-04T03:04:37.000000;7f15f604-b422-40d5-8408-f2163e0522da;419.85;0.14496822;UNKNOWN
2016-04-04T03:06:05.000000;2016-04-04T03:06:05.000000;cc732ef4-dc1d-4b68-821e-38f7150370d4;419.53;0.46096057;UNKNOWN
2016-04-04T03:08:16.000000;2016-04-04T03:08:16.000000;0c90874a-6cdc-45e9-a877-7a1ad8a8f517;419.54;0.25;UNKNOWN
2016-04-04T03:16:22.000000;2016-04-04T03:16:22.000000;14454275-1311-4bf8-9564-5408cf24847e;419.75;1.0;UNKNOWN
2016-04-04T03:16:22.000000;2016-04-04T03:16:22.000000;bfedde2c-0510-40c1-b2e5-cc1d4a134a00;419.69;5.5011716;UNKNOWN
2016-04-04T03:16:29.000000;2016-04-04T03:16:29.000000;844558ee-66b8-4118-affc-e313c72895e4;419.74;0.6;UNKNOWN
2016-04-04T03:16:29.000000;2016-04-04T03:16:29.000000;cb6adc95-8b65-45d7-90e2-1df6ac3b5a79;419.52;0.02492924;UNKNOWN
2016-04-04T03:18:08.000000;2016-04-04T03:18:08.000000;d87f2fa0-0162-416c-b724-9430bc3677bc;419.81;0.01405412;UNKNOWN
2016-04-04T03:18:47.000000;2016-04-04T03:18:47.000000;d2282d35-8cbe-4930-8803-90c597fb0cbd;419.81;2.11115412;UNKNOWN
2016-04-04T03:18:47.000000;2016-04-04T03:18:47.000000;2570f6d0-48df-41b2-89c5-5adc3b698ff5;419.81;5.88884588;UNKNOWN
2016-04-04T03:19:05.000000;2016-04-04T03:19:05.000000;14773526-956d-4918-b572-f6a44004087c;419.8;3.61030902;UNKNOWN
2016-04-04T03:21:01.000000;2016-04-04T03:21:01.000000;5be31857-7b87-4672-8211-8df778121950;419.52;0.01;UNKNOWN
2016-04-04T03:21:31.000000;2016-04-04T03:21:31.000000;4bec67ed-bbc3-4c1c-b0ad-c1b363b6e3b1;419.8;1.2;UNKNOWN
2016-04-04T03:21:35.000000;2016-04-04T03:21:35.000000;95e3796e-c1e5-4224-8f89-b73f67e6e598;419.95;0.03741076;UNKNOWN
2016-04-04T03:21:35.000000;2016-04-04T03:21:35.000000;0ca1351d-4d53-43c4-a903-c40d1e5e98e4;419.94;0.01;UNKNOWN
2016-04-04T03:21:35.000000;2016-04-04T03:21:35.000000;1c78dbb4-7e6c-446b-9959-f346bc374324;419.95;0.20258924;UNKNOWN
2016-04-04T03:23:33.000000;2016-04-04T03:23:33.000000;1eb9be25-647b-4d6a-b165-d0d69a94bb8a;419.94;1.17;UNKNOWN
2016-04-04T03:23:33.000000;2016-04-04T03:23:33.000000;25a7537e-7dfe-402f-a359-e13ccda2bd3c;419.9;0.03;UNKNOWN
2016-04-04T03:26:38.000000;2016-04-04T03:26:38.000000;5c7fbcc5-60dc-4037-a600-4a4528931d22;419.94;0.192;UNKNOWN
2016-04-04T03:29:05.000000;2016-04-04T03:29:05.000000;a2857886-5847-47a1-a96e-1110214ea95d;419.78;0.30577996;UNKNOWN
2016-04-04T03:32:28.000000;2016-04-04T03:32:28.000000;bcae6c4e-6376-4b30-8f70-12d74d5d11fa;420.0;0.08393732;UNKNOWN
2016-04-04T03:36:55.000000;2016-04-04T03:36:55.000000;3ccce58c-750f-4553-96ba-f4fd9d81a5c5;420.0;0.03502294;UNKNOWN
2016-04-04T03:37:10.000000;2016-04-04T03:37:10.000000;c7866953-6a2a-42f0-aca1-f77eafabcc32;419.8;2.36080709;UNKNOWN
2016-04-04T03:37:17.000000;2016-04-04T03:37:17.000000;2947a9da-63eb-467a-ad17-26bdec84cbeb;419.8;0.0238686;UNKNOWN
2016-04-04T03:38:05.000000;2016-04-04T03:38:05.000000;7fe90912-b7ac-46ef-bc74-2ac2f8de2bb5;420.0;0.37141635;UNKNOWN
2016-04-04T03:38:05.000000;2016-04-04T03:38:05.000000;82a14d37-bc32-4185-9b03-2c8dfbad31a1;420.14;0.35085215;UNKNOWN
2016-04-04T03:38:06.000000;2016-04-04T03:38:06.000000;ed11ce90-fc2e-4057-94b1-1c88354925ee;420.14;1.44529415;UNKNOWN
2016-04-04T03:53:43.000000;2016-04-04T03:53:43.000000;8234c0b1-11c4-4558-96bc-e116aabaa845;419.95;5.9434;UNKNOWN
2016-04-04T03:54:06.000000;2016-04-04T03:54:06.000000;1113c0b6-1716-4ecf-a4e1-ccf9ff905ffe;419.95;5.9075;UNKNOWN
2016-04-04T03:54:06.000000;2016-04-04T03:54:06.000000;2671cbbd-4ca8-4171-aa40-ee8b5cb8449c;419.94;0.84;UNKNOWN
2016-04-04T03:55:46.000000;2016-04-04T03:55:46.000000;177d7dce-c3e2-4eab-a9ff-759289315143;419.69;0.5;UNKNOWN
2016-04-04T03:57:24.000000;2016-04-04T03:57:24.000000;7e720823-54ad-4674-a674-3111ade89ac3;419.69;0.26871778;UNKNOWN
2016-04-04T03:59:07.000000;2016-04-04T03:59:07.000000;0095eb35-6727-4e54-87ec-c3b1d325d823;419.7;0.06;UNKNOWN
2016-04-04T03:59:08.000000;2016-04-04T03:59:08.000000;73ae5e6a-4a57-4db0-9620-9421a7610c1a;419.7;1.0;UNKNOWN
2016-04-04T03:59:29.000000;2016-04-04T03:59:29.000000;1f9619bb-8136-4286-908b-b1f4afa7c30a;419.7;0.21460662;UNKNOWN
2016-04-04T03:59:34.000000;2016-04-04T03:59:34.000000;504f4280-e3cf-412b-a1e3-866b3ad172a8;419.7;0.05332975;UNKNOWN
2016-04-04T04:00:06.000000;2016-04-04T04:00:06.000000;8ff36b8c-9fdd-479f-ba4a-b8aee0cff372;419.7;0.01061338;UNKNOWN
2016-04-04T04:02:21.000000;2016-04-04T04:02:21.000000;6c6e1601-4fa1-4ea7-84c5-abc9852c3d55;419.69;0.09;UNKNOWN
2016-04-04T04:02:21.000000;2016-04-04T04:02:21.000000;b3307675-0d30-4591-9182-955eee4e458e;419.69;0.0141;UNKNOWN
2016-04-04T04:02:21.000000;2016-04-04T04:02:21.000000;0a14f482-3d4f-43e2-a826-1dc51903131c;419.52;0.3959;UNKNOWN
2016-04-04T04:05:13.000000;2016-04-04T04:05:13.000000;dd8c14db-97e7-40e6-96fe-039d4284585c;419.7;0.44308126;UNKNOWN
2016-04-04T04:05:15.000000;2016-04-04T04:05:15.000000;bb82e524-8060-47e8-ac29-e0193dc152a9;419.7;0.44308126;UNKNOWN
2016-04-04T04:12:58.000000;2016-04-04T04:12:58.000000;6b450612-67ac-4f75-9c6d-82628c8f46ea;419.58;0.10035715;UNKNOWN
2016-04-04T04:12:59.000000;2016-04-04T04:12:59.000000;2e2bb082-e67b-4d36-bf17-91d141b0f59a;419.58;0.10035101;UNKNOWN
2016-04-04T04:13:00.000000;2016-04-04T04:13:00.000000;93a8bf30-5ad2-4be2-941a-60ae25f38a54;419.58;0.10035101;UNKNOWN
2016-04-04T04:13:04.000000;2016-04-04T04:13:04.000000;b853c090-b80f-471a-8e8d-5fb8611c62d4;419.58;0.69894083;UNKNOWN
2016-04-04T04:13:04.000000;2016-04-04T04:13:04.000000;880e22d6-0916-418b-bfd4-7f5dc2869c31;419.7;4.30105917;UNKNOWN
2016-04-04T04:13:10.000000;2016-04-04T04:13:10.000000;ec20fd4e-8258-4aef-af33-24feedef2f48;419.54;0.01;UNKNOWN
2016-04-04T04:13:10.000000;2016-04-04T04:13:10.000000;9b4e4bd5-5b0a-4f24-89ae-0299f2d081c5;419.54;0.08441378;UNKNOWN
2016-04-04T04:17:05.000000;2016-04-04T04:17:05.000000;8aeac821-e727-455b-b75f-1586665de3ad;419.69;2.16665319;UNKNOWN
2016-04-04T04:17:55.000000;2016-04-04T04:17:55.000000;ecfd24c7-7e0f-472d-9f4f-937c7e9370d6;419.54;0.01;UNKNOWN
2016-04-04T04:23:10.000000;2016-04-04T04:23:10.000000;ff0f71d7-8679-45d2-bc7c-1a223f7be75d;419.54;0.059694;UNKNOWN
2016-04-04T04:24:51.000000;2016-04-04T04:24:51.000000;8889f826-a52c-48d8-8094-ab097cb3df99;419.54;2.0;UNKNOWN
2016-04-04T04:38:10.000000;2016-04-04T04:38:10.000000;e4b2c2b8-10f7-406c-9858-a89a2c8771d2;419.7;0.075;UNKNOWN
2016-04-04T04:39:05.000000;2016-04-04T04:39:05.000000;d916eb55-e6bb-455a-8847-625186c23871;420.13;2.4368473;UNKNOWN
2016-04-04T04:39:05.000000;2016-04-04T04:39:05.000000;37da45da-53c4-4cd0-96fe-7c1c4de6629d;419.7;0.5531527;UNKNOWN
2016-04-04T04:39:05.000000;2016-04-04T04:39:05.000000;768a3a52-2817-46ef-a367-a41d682e1adf;419.94;0.01;UNKNOWN
2016-04-04T04:40:59.000000;2016-04-04T04:40:59.000000;49871c9f-ed0e-4bc0-b1c1-a92fab17ecff;419.78;0.1;UNKNOWN
2016-04-04T04:41:46.000000;2016-04-04T04:41:46.000000;62e0c958-6d66-4f01-9642-a4e081494967;419.78;0.03630467;UNKNOWN
2016-04-04T04:45:03.000000;2016-04-04T04:45:03.000000;cf125ddf-b066-4b03-877b-7780cadb89ce;419.78;0.144;UNKNOWN
2016-04-04T04:45:49.000000;2016-04-04T04:45:49.000000;c3a6f39a-8d39-4504-85b4-d4f26a3af3bb;419.78;1.0000486;UNKNOWN
2016-04-04T04:49:33.000000;2016-04-04T04:49:33.000000;0e221345-9917-49e9-a8b8-ae4221958214;419.81;0.66521938;UNKNOWN
2016-04-04T04:49:57.000000;2016-04-04T04:49:57.000000;b5a87861-9221-4a4e-96b8-54f8aed3a723;420.13;2.9131527;UNKNOWN
2016-04-04T04:49:57.000000;2016-04-04T04:49:57.000000;1e8c1d1c-7c12-4482-b3e7-4b69a4779911;420.26;0.0768473;UNKNOWN
2016-04-04T04:49:57.000000;2016-04-04T04:49:57.000000;c3264255-632a-4ca7-90d7-5dd7734e214f;420.07;0.01;UNKNOWN
2016-04-04T04:50:14.000000;2016-04-04T04:50:14.000000;4e628671-fc54-4741-8e1e-c565ad9f6819;420.37;0.96697008;UNKNOWN
2016-04-04T04:50:14.000000;2016-04-04T04:50:14.000000;23ea095f-b6c8-4cdd-b9e8-7625368ccee2;420.26;4.02097267;UNKNOWN
2016-04-04T04:50:14.000000;2016-04-04T04:50:14.000000;8094497e-58ef-4bcf-931e-59f8dac9aaf8;420.23;0.01;UNKNOWN
2016-04-04T04:51:23.000000;2016-04-04T04:51:23.000000;91a40b05-e321-4e14-b7a7-d0f3680ead4a;419.81;0.01;UNKNOWN
2016-04-04T04:53:30.000000;2016-04-04T04:53:30.000000;054f6a8b-10fd-4d6c-9854-008e6e3af009;420.21;2.38652;UNKNOWN
2016-04-04T04:53:59.000000;2016-04-04T04:53:59.000000;2715c61a-700b-461c-a62c-e25f250c1c0e;420.42;4.62401017;UNKNOWN
2016-04-04T04:53:59.000000;2016-04-04T04:53:59.000000;860c2cf9-c82e-41bb-9ee0-c819b6c778fa;420.38;5.871;UNKNOWN
2016-04-04T04:53:59.000000;2016-04-04T04:53:59.000000;f1548553-067f-42c9-b8b5-bec4b649cad3;420.4;4.62326194;UNKNOWN
2016-04-04T04:53:59.000000;2016-04-04T04:53:59.000000;8a9f78ad-4233-4908-8afb-6b2b79f6ef31;420.42;1.22543603;UNKNOWN
2016-04-04T04:53:59.000000;2016-04-04T04:53:59.000000;de8d9607-2e96-41be-bdfe-876e55d01273;420.37;3.65629186;UNKNOWN
2016-04-04T04:54:07.000000;2016-04-04T04:54:07.000000;a215c17c-0e32-470e-830e-b10d1506b2ed;420.24;5.8829;UNKNOWN
2016-04-04T04:54:07.000000;2016-04-04T04:54:07.000000;7f796119-6d86-459c-944a-7698d593fb44;420.2;1.0;UNKNOWN
2016-04-04T04:54:07.000000;2016-04-04T04:54:07.000000;355935a3-b89e-4569-a687-5101fc528682;420.1;0.9009;UNKNOWN
2016-04-04T04:54:07.000000;2016-04-04T04:54:07.000000;870dd2fe-9a48-49dc-91b8-c4ef90c56111;420.22;1.0;UNKNOWN
2016-04-04T04:54:07.000000;2016-04-04T04:54:07.000000;95817856-a578-4450-af5a-a3803bf2c934;420.23;1.0;UNKNOWN
2016-04-04T04:57:48.000000;2016-04-04T04:57:48.000000;33a199dd-0b69-469d-b9f8-2d973c509f3a;420.42;2.5;UNKNOWN
2016-04-04T04:58:08.000000;2016-04-04T04:58:08.000000;f20ce651-5add-46f5-b20d-90bb6b6c846a;420.1;0.066;UNKNOWN
2016-04-04T04:59:25.000000;2016-04-04T04:59:25.000000;79a4a29c-6427-4b14-94e3-edee978a54ec;420.01;0.20541559;UNKNOWN
2016-04-04T04:59:25.000000;2016-04-04T04:59:25.000000;c37e6261-51f3-4221-b0b1-5d3fdbfebb69;420.1;0.0331;UNKNOWN
2016-04-04T05:09:45.000000;2016-04-04T05:09:45.000000;ae9daac0-2885-4aef-a589-b08fdb55798b;420.46;1.14;UNKNOWN
2016-04-04T05:09:45.000000;2016-04-04T05:09:45.000000;6d85dab5-4dd9-4d25-93d4-8057a6208e53;420.31;1.0;UNKNOWN
2016-04-04T05:09:45.000000;2016-04-04T05:09:45.000000;4ff12711-d179-4ca9-8b9e-8ce7d4df39e5;420.32;5.8819;UNKNOWN
2016-04-04T05:09:45.000000;2016-04-04T05:09:45.000000;1f1a80cb-7419-4ef4-b5e7-94dffcd66cb0;420.28;1.0;UNKNOWN
2016-04-04T05:09:45.000000;2016-04-04T05:09:45.000000;3963ed17-326f-4dc6-a429-1d4014434ef9;420.23;0.76073;UNKNOWN
2016-04-04T05:13:44.000000;2016-04-04T05:13:44.000000;4d25c5e0-19c9-4a6a-a0cb-d50a7c2b9350;419.52;4.39455544;UNKNOWN
2016-04-04T05:13:44.000000;2016-04-04T05:13:44.000000;430a0a93-7918-4b6b-bf7a-96adb36ad5ee;420.26;1.05;UNKNOWN
2016-04-04T05:13:51.000000;2016-04-04T05:13:51.000000;778110fd-9761-4d13-b027-6255dfdbf262;419.94;0.01;UNKNOWN
2016-04-04T05:13:51.000000;2016-04-04T05:13:51.000000;c729ee3e-2afc-4483-87eb-04273df46de2;419.96;0.43961197;UNKNOWN
2016-04-04T05:14:05.000000;2016-04-04T05:14:05.000000;528d77bb-d8eb-4ad1-a808-307a008c43d1;419.51;0.69354653;UNKNOWN
2016-04-04T05:15:18.000000;2016-04-04T05:15:18.000000;1f8ab6ad-d109-412f-9135-1bbcb431c6f0;419.93;0.01;UNKNOWN
2016-04-04T05:15:39.000000;2016-04-04T05:15:39.000000;ad04eb90-6584-4038-af11-8ee3c5e1a958;419.52;0.01;UNKNOWN
2016-04-04T05:17:02.000000;2016-04-04T05:17:02.000000;68082b42-eea7-495a-9cf3-fb75ddb0026e;419.93;0.01;UNKNOWN
2016-04-04T05:18:01.000000;2016-04-04T05:18:01.000000;1b13f76d-0a72-4a88-8588-a3a8b453a669;419.52;0.02849675;UNKNOWN
2016-04-04T05:20:53.000000;2016-04-04T05:20:53.000000;0f55176b-9a9f-4f84-8bf5-810ee8d05fca;419.52;0.03564324;UNKNOWN
2016-04-04T05:20:57.000000;2016-04-04T05:20:57.000000;32e635fb-b5a4-47ab-a6c8-45238f40a593;419.52;0.03493061;UNKNOWN
2016-04-04T05:21:00.000000;2016-04-04T05:21:00.000000;2b15ebc3-6838-436b-a9a9-cc69674c52cc;420.29;0.15584151;UNKNOWN
2016-04-04T05:21:00.000000;2016-04-04T05:21:00.000000;af441ac5-e7c8-451b-8012-2edc7adea2e9;419.94;0.01;UNKNOWN
2016-04-04T05:21:01.000000;2016-04-04T05:21:01.000000;c112ba1f-1945-483d-8504-9363492c2449;419.64;0.06026102;UNKNOWN
2016-04-04T05:21:05.000000;2016-04-04T05:21:05.000000;9fac9c47-9e2d-446a-8630-0d42e6f962b1;420.26;0.10447879;UNKNOWN
2016-04-04T05:21:05.000000;2016-04-04T05:21:05.000000;d0edf64c-4d93-4830-96c2-27fe23598c31;420.06;0.01;UNKNOWN
2016-04-04T05:22:28.000000;2016-04-04T05:22:28.000000;9f4e5758-4eba-49e9-9e0c-a375e9a164d0;420.38;0.02533672;UNKNOWN
2016-04-04T05:22:28.000000;2016-04-04T05:22:28.000000;d9a5d573-39a4-4185-8ac0-50f232dd5882;420.07;0.01;UNKNOWN
2016-04-04T05:22:39.000000;2016-04-04T05:22:39.000000;bc582096-998e-4188-a2fc-93bcf2452c52;420.07;0.01;UNKNOWN
2016-04-04T05:22:39.000000;2016-04-04T05:22:39.000000;24a5a425-7668-4245-af11-bce075e2dc02;420.38;1.99;UNKNOWN
2016-04-04T05:23:10.000000;2016-04-04T05:23:10.000000;8a5a50da-e654-42cf-b073-205fe92d52ca;419.65;1.996;UNKNOWN
2016-04-04T05:25:17.000000;2016-04-04T05:25:17.000000;206744e4-ae7b-477f-961c-9b70075f27ca;419.53;0.01;UNKNOWN
2016-04-04T05:27:30.000000;2016-04-04T05:27:30.000000;b8e193c7-02d8-423e-901b-05ed24189d81;420.0;0.0259;UNKNOWN
2016-04-04T05:27:30.000000;2016-04-04T05:27:30.000000;5f2e1f30-980f-46d5-826d-a03da7fe43c9;420.28;2.9537;UNKNOWN
2016-04-04T05:27:30.000000;2016-04-04T05:27:30.000000;5b28af6a-0dd1-4ba4-918c-3b20ec44b739;420.07;0.01;UNKNOWN
2016-04-04T05:27:30.000000;2016-04-04T05:27:30.000000;1423bfac-b556-4314-b5e9-30ebdb59d8f0;420.14;12.6721;UNKNOWN
2016-04-04T05:30:24.000000;2016-04-04T05:30:24.000000;8d3ab4bc-6f45-450f-852c-9f0f9b8103e2;419.95;0.01;UNKNOWN
2016-04-04T05:37:04.000000;2016-04-04T05:37:04.000000;2aa82155-813a-465e-9db9-1404498d2bfa;420.0;0.02464;UNKNOWN
2016-04-04T05:42:05.000000;2016-04-04T05:42:05.000000;24c38726-fc5e-4f5b-93c6-2ae90147035e;420.48;2.9401;UNKNOWN
2016-04-04T05:42:05.000000;2016-04-04T05:42:05.000000;3ecbcd01-82fe-47cd-a4f6-fa2409d461d6;420.42;0.01;UNKNOWN
2016-04-04T05:42:05.000000;2016-04-04T05:42:05.000000;ab148679-8c23-4abe-94f0-b8755f716897;420.47;0.0499;UNKNOWN
2016-04-04T05:44:23.000000;2016-04-04T05:44:23.000000;2f19b27c-5b52-4562-b67a-a3115c3157c3;420.49;0.363;UNKNOWN
2016-04-04T05:44:23.000000;2016-04-04T05:44:23.000000;b8a6322b-e8e5-4162-94ab-60ebe0f84c28;420.42;0.01;UNKNOWN
2016-04-04T05:45:06.000000;2016-04-04T05:45:06.000000;c01f35c4-065d-42de-a184-7e1c97ae6384;419.93;0.5222;UNKNOWN
2016-04-04T05:45:35.000000;2016-04-04T05:45:35.000000;f3310d24-fb7d-4da4-b6b8-8a17908cff0c;419.93;1.0;UNKNOWN
2016-04-04T05:45:49.000000;2016-04-04T05:45:49.000000;29ba4666-6a30-48b8-8405-f65826c5d39c;419.93;1.0;UNKNOWN
2016-04-04T05:46:01.000000;2016-04-04T05:46:01.000000;5462a4ab-8b7f-4720-84fc-c2f581859bf5;419.93;1.0;UNKNOWN
2016-04-04T05:47:05.000000;2016-04-04T05:47:05.000000;bd40bc3b-8b7e-46d3-893c-6a95148c119a;420.24;0.12984075;UNKNOWN
2016-04-04T05:47:05.000000;2016-04-04T05:47:05.000000;8e7b48e3-92de-4fd4-ba26-11eac64d7658;420.0;0.5;UNKNOWN
2016-04-04T05:47:05.000000;2016-04-04T05:47:05.000000;8dcd8525-5844-4a49-adb6-a4c7a7fa1959;420.18;0.01;UNKNOWN
2016-04-04T05:47:06.000000;2016-04-04T05:47:06.000000;577089fb-06dd-46f8-a315-3824e9540d02;419.67;1.1111;UNKNOWN
2016-04-04T05:47:06.000000;2016-04-04T05:47:06.000000;b02b5f0c-db02-46f3-a543-28c336ea4103;419.67;5.8889;UNKNOWN
2016-04-04T05:47:41.000000;2016-04-04T05:47:41.000000;96ec4d04-5ff6-486b-87af-49a48e5774f7;419.54;0.01050336;UNKNOWN
2016-04-04T05:48:53.000000;2016-04-04T05:48:53.000000;d4b781a5-7683-4190-9132-e73096b538f3;419.54;0.5;UNKNOWN
2016-04-04T05:49:00.000000;2016-04-04T05:49:00.000000;874c6161-116e-4a32-899e-e42bdadedb54;419.54;0.03858898;UNKNOWN
2016-04-04T05:49:52.000000;2016-04-04T05:49:52.000000;ea17d55e-df7d-4f27-ba7d-1bd024a8c551;419.54;0.02236668;UNKNOWN
2016-04-04T05:49:55.000000;2016-04-04T05:49:55.000000;e6a48781-b92d-4a54-a621-602ae3297bf5;419.54;0.03501375;UNKNOWN
2016-04-04T05:49:59.000000;2016-04-04T05:49:59.000000;08349bc6-9588-4479-ad1f-685795dcb0b5;419.54;0.02367599;UNKNOWN
2016-04-04T05:53:49.000000;2016-04-04T05:53:49.000000;f417b8d1-5017-4329-9131-56b0a97fd32a;420.09;0.01;UNKNOWN
2016-04-04T05:53:49.000000;2016-04-04T05:53:49.000000;e67db7d1-f9ed-4ff6-a169-183b041e812b;420.28;7.99;UNKNOWN
2016-04-04T05:54:52.000000;2016-04-04T05:54:52.000000;d09b7512-5cf5-4dd7-b8f4-32da7f7c68b2;419.78;5.0;UNKNOWN
2016-04-04T05:59:44.000000;2016-04-04T05:59:44.000000;1e722855-512e-43ea-9b90-028839bceb28;419.93;1.80400767;UNKNOWN
2016-04-04T05:59:44.000000;2016-04-04T05:59:44.000000;85e53b06-5316-4ddf-b1ee-5b2f99f599cd;420.2;5.9157;UNKNOWN
2016-04-04T06:00:04.000000;2016-04-04T06:00:04.000000;5769f3aa-688d-471d-a63d-a1b11c62e14c;420.31;0.055969;UNKNOWN
2016-04-04T06:00:49.000000;2016-04-04T06:00:49.000000;7f0d0a56-a55b-4960-a31a-879b414f715b;420.49;5.0143;UNKNOWN
2016-04-04T06:04:06.000000;2016-04-04T06:04:06.000000;4b1ce647-cf49-4737-ac66-be0186dbc045;420.49;0.36112233;UNKNOWN
2016-04-04T06:07:10.000000;2016-04-04T06:07:10.000000;51929ee7-7d20-4c53-99c1-0b717922b3d8;420.25;0.02398682;UNKNOWN
2016-04-04T06:10:01.000000;2016-04-04T06:10:01.000000;5ae27ce4-ed31-4b0e-93ef-bb3a2ce3764a;420.49;2.0;UNKNOWN
2016-04-04T06:12:48.000000;2016-04-04T06:12:48.000000;27526d24-7b1f-4384-bf4f-120fdb677689;420.47;0.04087276;UNKNOWN
2016-04-04T06:14:02.000000;2016-04-04T06:14:02.000000;070bee5a-e35d-4359-a440-5253a9fb1ea6;420.62;0.13227233;UNKNOWN
2016-04-04T06:14:02.000000;2016-04-04T06:14:02.000000;ca097ca6-af4a-4a15-b3fd-f809f2320535;420.49;2.25157767;UNKNOWN
2016-04-04T06:17:39.000000;2016-04-04T06:17:39.000000;3005f09f-4ce5-43ef-9ec5-77ed704c4536;420.49;1.0;UNKNOWN
2016-04-04T06:18:11.000000;2016-04-04T06:18:11.000000;1abc717f-5f1c-4361-965f-292922f97c89;420.49;0.5;UNKNOWN
2016-04-04T06:18:12.000000;2016-04-04T06:18:12.000000;157b67fc-d2e7-4b52-bb82-ed21ba615482;420.62;0.01642138;UNKNOWN
2016-04-04T06:23:10.000000;2016-04-04T06:23:10.000000;b24e9c86-27a3-4e12-99eb-6450bbdc1f44;420.43;0.23557977;UNKNOWN
2016-04-04T06:32:59.000000;2016-04-04T06:32:59.000000;521a114b-0d76-4807-aed9-3b12209d3d22;420.31;0.01;UNKNOWN
2016-04-04T06:42:02.000000;2016-04-04T06:42:02.000000;b13d7272-1a46-4e9d-8521-634871d98330;420.54;1.0;UNKNOWN
2016-04-04T06:42:11.000000;2016-04-04T06:42:11.000000;2eac92ae-b406-476f-9829-8258c27ea820;420.62;3.7171743;UNKNOWN
2016-04-04T06:42:11.000000;2016-04-04T06:42:11.000000;0727f60b-89e6-45b0-a6ee-f0e0d0f4c74b;420.98;8.0492257;UNKNOWN
2016-04-04T06:42:11.000000;2016-04-04T06:42:11.000000;9d0f2d32-2d03-4732-9f82-883d9aade1e0;420.54;4.9236;UNKNOWN
2016-04-04T06:42:11.000000;2016-04-04T06:42:11.000000;14311a50-5238-4400-a362-38af4cf541b6;420.75;0.01;UNKNOWN
2016-04-04T06:42:11.000000;2016-04-04T06:42:11.000000;a0c91a67-2d95-44ff-920a-3289c4926abd;420.9;0.3;UNKNOWN
2016-04-04T06:42:11.000000;2016-04-04T06:42:11.000000;89e0b5eb-86b8-4ad9-b5a5-68272a825f56;420.9;5.0;UNKNOWN
2016-04-04T06:45:00.000000;2016-04-04T06:45:00.000000;350fa1ea-e84d-4ffa-adf3-7d30b7f970a2;420.67;1.27059105;UNKNOWN
2016-04-04T06:51:05.000000;2016-04-04T06:51:05.000000;3d9dccc1-77e8-49a3-a431-045295c03171;420.95;0.94662687;UNKNOWN
2016-04-04T06:51:05.000000;2016-04-04T06:51:05.000000;77aea63f-3031-4f56-83a2-07fcacf8636b;420.89;0.01;UNKNOWN
2016-04-04T06:51:06.000000;2016-04-04T06:51:06.000000;2974e3ed-3aae-46a2-bcd2-e21b2840380a;420.95;0.61305466;UNKNOWN
2016-04-04T06:51:06.000000;2016-04-04T06:51:06.000000;c4ce235f-ecfe-4dc3-8c79-a66f1ce155ea;420.95;4.92337313;UNKNOWN
2016-04-04T06:51:10.000000;2016-04-04T06:51:10.000000;b3f4e0f2-6fe7-40b6-b9fc-82315d911c7a;420.37;0.01;UNKNOWN
2016-04-04T06:51:10.000000;2016-04-04T06:51:10.000000;3b3aa862-eb11-4586-93fc-57df89deed1e;420.32;0.064712;UNKNOWN
2016-04-04T06:52:04.000000;2016-04-04T06:52:04.000000;670a5c2b-1108-4928-a0b2-176d085e3f71;420.34;0.059;UNKNOWN
2016-04-04T06:52:04.000000;2016-04-04T06:52:04.000000;885e87ee-34d8-4e93-9e0c-395765e446eb;420.31;0.0085;UNKNOWN
2016-04-04T06:55:23.000000;2016-04-04T06:55:23.000000;0dbe44a8-fea7-489b-87e9-e1a59b45ace8;420.31;0.1;UNKNOWN
2016-04-04T06:55:41.000000;2016-04-04T06:55:41.000000;51f95a4c-daa4-4143-a5e1-9fc2ba39fcd4;420.31;0.1787973;UNKNOWN
2016-04-04T06:55:41.000000;2016-04-04T06:55:41.000000;ca1a224e-e38b-4780-9cd7-0d37b7b062f3;420.31;0.17912548;UNKNOWN
2016-04-04T06:56:01.000000;2016-04-04T06:56:01.000000;fbfb81a5-43eb-4f71-9461-19a0c46f1043;420.31;0.09157722;UNKNOWN
2016-04-04T06:56:04.000000;2016-04-04T06:56:04.000000;6d664a19-0618-4685-bf72-8bcc684d8d76;420.31;2.0;UNKNOWN
2016-04-04T06:57:50.000000;2016-04-04T06:57:50.000000;f54da021-f045-45aa-9602-8dcbb883e300;420.28;0.1787973;UNKNOWN
2016-04-04T07:02:00.000000;2016-04-04T07:02:00.000000;26c1b8c8-5e3d-4e07-b1a1-c96555aa3932;420.27;1.0;UNKNOWN
2016-04-04T07:16:48.000000;2016-04-04T07:16:48.000000;0c48c04a-c79a-495b-a4c8-0a1f3dfc5188;420.05;0.96675105;UNKNOWN
2016-04-04T07:20:04.000000;2016-04-04T07:20:04.000000;aa6e2b63-fa81-4bdd-ab51-6322f34f560c;420.0;0.7637809;UNKNOWN
2016-04-04T07:24:04.000000;2016-04-04T07:24:04.000000;c8dad2a4-c876-4dd0-b542-09ff274849a8;420.55;0.13457051;UNKNOWN
2016-04-04T07:24:04.000000;2016-04-04T07:24:04.000000;eb43615a-e875-470d-bdc1-f8ea895a0c2c;420.48;0.01;UNKNOWN
2016-04-04T07:25:17.000000;2016-04-04T07:25:17.000000;ab079769-625e-48e0-a401-7a68cf5af776;420.0;5.0;UNKNOWN
2016-04-04T07:25:29.000000;2016-04-04T07:25:29.000000;7601492e-2869-40f6-a4e2-b32139e70096;419.89;0.01;UNKNOWN
2016-04-04T07:25:29.000000;2016-04-04T07:25:29.000000;3ef56773-69ab-4d93-86b9-f0a356f6d82d;419.79;0.7537809;UNKNOWN
2016-04-04T07:25:29.000000;2016-04-04T07:25:29.000000;0c5f7a8d-2eb3-477c-bf77-7043d71dbb85;420.0;4.2362191;UNKNOWN
2016-04-04T07:25:44.000000;2016-04-04T07:25:44.000000;98743feb-223e-406d-8200-aae883edfdc3;420.53;2.19;UNKNOWN
2016-04-04T07:25:44.000000;2016-04-04T07:25:44.000000;101fb7d5-9a99-42e4-857e-eee900f285a9;420.42;0.01;UNKNOWN
2016-04-04T07:26:32.000000;2016-04-04T07:26:32.000000;3c7bc6c5-e7c6-41ab-aa2e-42c190a25196;419.77;3.6;UNKNOWN
2016-04-04T07:26:32.000000;2016-04-04T07:26:32.000000;942ac4dc-70cb-4bb9-91e3-52a353b11fdd;420.0;0.01;UNKNOWN
2016-04-04T07:28:05.000000;2016-04-04T07:28:05.000000;9eaf7b39-5bea-4928-a598-3fa03b1c95f0;420.09;0.01;UNKNOWN
2016-04-04T07:28:05.000000;2016-04-04T07:28:05.000000;4d175ada-3c22-4980-8990-7ef546cee0b9;420.0;0.146968;UNKNOWN
2016-04-04T07:30:48.000000;2016-04-04T07:30:48.000000;435a6a9f-b776-45cc-8d88-8acef8a4c552;420.52;0.0334;UNKNOWN
2016-04-04T07:30:48.000000;2016-04-04T07:30:48.000000;8a2ab796-5f81-47aa-bd29-dade04f048d4;420.53;1.9566;UNKNOWN
2016-04-04T07:30:48.000000;2016-04-04T07:30:48.000000;78921d00-d711-43bb-8128-b1aa11ec23fd;420.51;0.01;UNKNOWN
2016-04-04T07:37:25.000000;2016-04-04T07:37:25.000000;ba5cf972-da75-4889-b3b5-78b2d7ac206c;420.0;1.19;UNKNOWN
2016-04-04T07:37:25.000000;2016-04-04T07:37:25.000000;9db3222f-8b40-4d5c-935f-7797ba3e2c55;420.09;0.01;UNKNOWN
2016-04-04T07:41:05.000000;2016-04-04T07:41:05.000000;5d11a953-5c2d-4195-bd80-27048476cfb7;420.39;0.43344177;UNKNOWN
2016-04-04T07:46:28.000000;2016-04-04T07:46:28.000000;a8919e33-6879-40f3-9ae5-3389bd5e538c;420.39;0.02355766;UNKNOWN
2016-04-04T07:47:53.000000;2016-04-04T07:47:53.000000;eb1d48df-921c-49e9-a746-284a0a904661;420.07;0.01;UNKNOWN
2016-04-04T07:48:22.000000;2016-04-04T07:48:22.000000;8d61c03b-8e58-41af-8cd5-9931f3ea7879;420.07;0.6;UNKNOWN
2016-04-04T07:48:32.000000;2016-04-04T07:48:32.000000;c450f1cd-2c0f-4b99-93cf-9fff859b5586;420.06;0.15514499;UNKNOWN
2016-04-04T07:50:46.000000;2016-04-04T07:50:46.000000;56989a63-57c9-4f59-9c2b-cd91f61f91ad;420.05;0.01;UNKNOWN
2016-04-04T07:50:46.000000;2016-04-04T07:50:46.000000;e4d44337-d435-4153-bced-9b43629dc3a5;420.0;0.59;UNKNOWN
2016-04-04T07:51:21.000000;2016-04-04T07:51:21.000000;cb24564f-5953-47fc-a171-81681f5a2f50;420.05;0.02;UNKNOWN
2016-04-04T07:54:01.000000;2016-04-04T07:54:01.000000;b36c470d-e8fc-49c4-bf31-bac05f8ff613;420.04;0.2832;UNKNOWN
2016-04-04T07:54:25.000000;2016-04-04T07:54:25.000000;57c51cf2-dc03-4c94-b695-a8fb3d6657ce;420.0;0.02988;UNKNOWN
2016-04-04T07:57:49.000000;2016-04-04T07:57:49.000000;1a3d4da0-2e0d-4f2d-8894-5d9db8a09059;420.0;0.5;UNKNOWN
2016-04-04T07:59:14.000000;2016-04-04T07:59:14.000000;e6e4ad67-1c63-4440-9cb2-a1ce5369c236;420.03;0.25934729;UNKNOWN
2016-04-04T07:59:44.000000;2016-04-04T07:59:44.000000;522e800f-2b9f-4bcb-ae2e-0fb462644c83;420.0;0.9;UNKNOWN
2016-04-04T08:00:06.000000;2016-04-04T08:00:06.000000;782e4b1d-e6c7-4a01-90f8-9e7058d76e78;420.0;0.06441454;UNKNOWN
2016-04-04T08:00:33.000000;2016-04-04T08:00:33.000000;71b28b42-3ddb-4057-bfab-3f2c28bd9c57;419.64;0.04448382;UNKNOWN
2016-04-04T08:00:33.000000;2016-04-04T08:00:33.000000;5411238e-ecda-4ba3-88e4-c2951dc42630;420.0;0.04551618;UNKNOWN
2016-04-04T08:00:33.000000;2016-04-04T08:00:33.000000;5c4199bf-899c-469a-b4a4-986de6c01205;419.65;0.01;UNKNOWN
2016-04-04T08:02:49.000000;2016-04-04T08:02:49.000000;6e8a2af0-36d4-4673-8e64-f45da2e7958a;419.64;2.3;UNKNOWN
2016-04-04T08:03:57.000000;2016-04-04T08:03:57.000000;130ba022-f1bc-45a8-aec6-06bcb3e696eb;419.64;0.11938853;UNKNOWN
2016-04-04T08:06:32.000000;2016-04-04T08:06:32.000000;491c9e15-7523-4b0d-ae40-0277ef21d7ac;419.69;2.33605187;UNKNOWN
2016-04-04T08:09:05.000000;2016-04-04T08:09:05.000000;bf4bb072-290a-42b8-a05e-a01df1865096;419.56;1.44446951;UNKNOWN
2016-04-04T08:11:05.000000;2016-04-04T08:11:05.000000;1aa9d7a5-3105-41c9-94fc-8fd9496dad55;419.55;0.72631062;UNKNOWN
2016-04-04T08:11:06.000000;2016-04-04T08:11:06.000000;75674c99-7aa7-42fd-8a8f-7e7c84736014;419.56;0.91553049;UNKNOWN
2016-04-04T08:11:06.000000;2016-04-04T08:11:06.000000;c657d4ed-1abf-41e0-a9ac-d3a46e9d81fa;419.83;2.38446951;UNKNOWN
2016-04-04T08:16:57.000000;2016-04-04T08:16:57.000000;8dba3c0b-fb67-42e1-8648-88c7f6e6f3df;419.91;0.0297;UNKNOWN
2016-04-04T08:18:27.000000;2016-04-04T08:18:27.000000;14f7c9e9-45c9-4fa1-b4fb-0a857e797e67;419.55;8.29;UNKNOWN
2016-04-04T08:19:05.000000;2016-04-04T08:19:05.000000;fc7b0c64-5242-4c45-a56e-9b87cbd6ff13;419.55;0.24;UNKNOWN
2016-04-04T08:19:06.000000;2016-04-04T08:19:06.000000;147c6d06-7667-4f5d-949e-e1b3e4257d10;419.55;0.12;UNKNOWN
2016-04-04T08:19:11.000000;2016-04-04T08:19:11.000000;4dd18e87-e529-4883-84a7-d68c79960a60;419.55;0.01;UNKNOWN
2016-04-04T08:19:16.000000;2016-04-04T08:19:16.000000;755fc953-4efb-403e-b748-438f9c744975;419.55;0.63;UNKNOWN
2016-04-04T08:19:31.000000;2016-04-04T08:19:31.000000;54fe39a7-06b1-4340-a195-122a4c4b27af;419.55;1.19;UNKNOWN
2016-04-04T08:19:36.000000;2016-04-04T08:19:36.000000;823a2fb0-df9b-4a82-8d59-e82203d39ac4;419.55;2.92;UNKNOWN
2016-04-04T08:23:44.000000;2016-04-04T08:23:44.000000;dfe814bd-0161-46f9-9a15-a5b33a5cb481;419.71;0.01;UNKNOWN
2016-04-04T08:30:21.000000;2016-04-04T08:30:21.000000;fb7aa7f8-754d-4041-859a-22cd655016ce;419.69;0.02359766;UNKNOWN
2016-04-04T08:30:51.000000;2016-04-04T08:30:51.000000;401b4ffb-22a2-4aec-a2dc-466cce0355d9;419.69;0.17978;UNKNOWN
2016-04-04T08:31:13.000000;2016-04-04T08:31:13.000000;0303ce07-ab05-4866-bbbf-240612913a75;419.69;0.18880232;UNKNOWN
2016-04-04T08:34:05.000000;2016-04-04T08:34:05.000000;1d8297b7-9a6f-47f2-bb33-1bc4c5b528b4;419.69;5.0;UNKNOWN
2016-04-04T08:34:42.000000;2016-04-04T08:34:42.000000;e2022523-f261-40b6-86da-e7b081f046f0;419.51;0.06902377;UNKNOWN
2016-04-04T08:34:42.000000;2016-04-04T08:34:42.000000;ea0c13ff-ce71-43d4-8b69-44605bf083af;419.55;0.00097623;UNKNOWN
2016-04-04T08:38:56.000000;2016-04-04T08:38:56.000000;5137c3ee-acb3-4681-b632-6ffa852e6270;419.51;1.249;UNKNOWN
2016-04-04T08:40:21.000000;2016-04-04T08:40:21.000000;31a371ef-38b6-4e1b-88e1-7e94592fc0a3;419.51;0.0238851;UNKNOWN
2016-04-04T08:44:05.000000;2016-04-04T08:44:05.000000;9cd7032c-bea5-4aef-a12a-9401fca9b31f;419.56;0.46886168;UNKNOWN
2016-04-04T09:04:05.000000;2016-04-04T09:04:05.000000;ec67ed20-f989-444c-a7c4-698623f21baf;419.55;0.01;UNKNOWN
2016-04-04T09:04:41.000000;2016-04-04T09:04:41.000000;5a4f5700-59e7-4e30-8351-b1f2f2942966;419.55;0.10020797;UNKNOWN
2016-04-04T09:09:04.000000;2016-04-04T09:09:04.000000;83f7b9a6-dd82-4660-b073-cf95f27cd6b4;419.55;2.81509178;UNKNOWN
2016-04-04T09:09:05.000000;2016-04-04T09:09:05.000000;a4888d56-3363-4773-bd3c-11aa3d274e4c;419.55;1.60470025;UNKNOWN
2016-04-04T09:09:05.000000;2016-04-04T09:09:05.000000;181710a1-3741-4179-ba88-4208048cf405;419.99;0.55473558;UNKNOWN
2016-04-04T09:09:05.000000;2016-04-04T09:09:05.000000;3b708daa-6ac9-4507-9241-23087ef0a7b8;419.93;0.01;UNKNOWN
2016-04-04T09:09:06.000000;2016-04-04T09:09:06.000000;502026d8-d863-445e-98c8-abadf8d9c4cb;419.96;0.01;UNKNOWN
2016-04-04T09:09:06.000000;2016-04-04T09:09:06.000000;9513fc95-83fa-4ac3-be6a-06fec9b932a2;419.99;2.15606498;UNKNOWN
2016-04-04T09:09:25.000000;2016-04-04T09:09:25.000000;2f9baf58-839d-4d6d-976c-82f1bed1ae23;419.54;0.037308;UNKNOWN
2016-04-04T09:09:25.000000;2016-04-04T09:09:25.000000;fe1413be-11c0-403e-b336-378328f58738;419.54;0.05282;UNKNOWN
2016-04-04T09:13:14.000000;2016-04-04T09:13:14.000000;3315ff88-ea19-43e5-8370-fa7a0fa56194;419.66;0.02013727;UNKNOWN
2016-04-04T09:13:52.000000;2016-04-04T09:13:52.000000;871857e8-4e16-43b5-9051-b490b89ae44e;419.96;0.01;UNKNOWN
2016-04-04T09:13:52.000000;2016-04-04T09:13:52.000000;dad06a0f-5f89-4bbe-ac49-319ae6e7b2ca;419.99;2.51386641;UNKNOWN
2016-04-04T09:13:52.000000;2016-04-04T09:13:52.000000;25a76ac0-56c7-4268-9160-f18f661ab2d1;419.98;0.0659;UNKNOWN
2016-04-04T09:23:17.000000;2016-04-04T09:23:17.000000;e6c1156d-b632-4029-aea5-1dd05abbca66;419.86;0.03580631;UNKNOWN
2016-04-04T09:29:10.000000;2016-04-04T09:29:10.000000;d5ce7fdf-03c6-4df1-afe1-b997587d3799;419.99;0.09113396;UNKNOWN
2016-04-04T09:30:18.000000;2016-04-04T09:30:18.000000;d9f8d9e6-bbe2-4606-91b8-d17909137673;419.99;0.9976;UNKNOWN
2016-04-04T09:30:21.000000;2016-04-04T09:30:21.000000;39ca287c-9d60-4340-9e0a-ab7eae3deb44;419.99;0.19308794;UNKNOWN
2016-04-04T09:31:08.000000;2016-04-04T09:31:08.000000;12de5950-6f28-4fe7-9775-cb3c52238194;419.99;0.49;UNKNOWN
2016-04-04T09:31:36.000000;2016-04-04T09:31:36.000000;1fe957e5-db20-4b52-9719-fd59eb389401;419.99;0.146;UNKNOWN
2016-04-04T09:34:42.000000;2016-04-04T09:34:42.000000;47b86673-03d8-4779-a33a-f3c550e56fde;419.99;0.01509403;UNKNOWN
2016-04-04T09:34:44.000000;2016-04-04T09:34:44.000000;fcf91a97-9f90-4c3b-80db-c4c75deeede2;419.99;0.01509403;UNKNOWN
2016-04-04T09:44:05.000000;2016-04-04T09:44:05.000000;ead5da78-e08e-49d0-86fc-bdfa4d9ef671;419.99;0.0939191;UNKNOWN
2016-04-04T09:48:32.000000;2016-04-04T09:48:32.000000;5949ca6c-ed1c-461d-9dd5-a7eb6810cfaa;419.79;0.0251222;UNKNOWN
2016-04-04T09:49:15.000000;2016-04-04T09:49:15.000000;8c38ccf5-030a-4d2c-b8e1-08dbd1ab4efc;420.07;0.0232;UNKNOWN
2016-04-04T09:49:23.000000;2016-04-04T09:49:23.000000;65c94f69-be01-4d56-9d25-d77f79897b47;420.06;5.9032;UNKNOWN
2016-04-04T09:50:58.000000;2016-04-04T09:50:58.000000;c9482e86-85b2-4750-a1a7-6086dc9225f1;419.81;0.17;UNKNOWN
2016-04-04T09:52:29.000000;2016-04-04T09:52:29.000000;46b679a5-8cdc-4a74-8a89-d72ddf25edf2;420.07;0.2;UNKNOWN
2016-04-04T09:56:34.000000;2016-04-04T09:56:34.000000;5623d050-07ad-4d97-8ea6-f4405b54b285;420.07;1.0;UNKNOWN
2016-04-04T10:00:12.000000;2016-04-04T10:00:12.000000;26142ae4-fe7d-41e7-9339-36cec50aa4e5;419.99;0.0904;UNKNOWN
2016-04-04T10:00:18.000000;2016-04-04T10:00:18.000000;7f7ef56f-6ec4-46f3-a9a0-9f9ddd6aeb51;419.99;5.8024;UNKNOWN
2016-04-04T10:01:41.000000;2016-04-04T10:01:41.000000;9f54da36-0b07-4780-b508-9be8df641cc0;420.06;5.9076;UNKNOWN
2016-04-04T10:03:10.000000;2016-04-04T10:03:10.000000;399b415b-8290-410a-9921-9a4f5ec8fd22;420.06;0.17691202;UNKNOWN
2016-04-04T10:03:28.000000;2016-04-04T10:03:28.000000;0908594b-b5ba-4024-87a4-12be12d8d27d;420.06;5.8953;UNKNOWN
2016-04-04T10:04:32.000000;2016-04-04T10:04:32.000000;de9925ce-c262-4bb8-be9d-bd940d44ca8d;420.06;10.0;UNKNOWN
2016-04-04T10:05:03.000000;2016-04-04T10:05:03.000000;fb3ffd3d-88ef-4c9c-a1ce-d6a139931a97;420.07;0.0103;UNKNOWN
2016-04-04T10:05:07.000000;2016-04-04T10:05:07.000000;9ad2acfe-16c5-43e2-b1bf-46982f293c97;420.07;0.04763218;UNKNOWN
2016-04-04T10:05:09.000000;2016-04-04T10:05:09.000000;4eae7542-7fdd-490d-aaa2-f2242366d945;420.07;0.31976768;UNKNOWN
2016-04-04T10:05:10.000000;2016-04-04T10:05:10.000000;2c2cdca3-2403-4881-8845-7e4dcc66ac1b;420.07;0.31976769;UNKNOWN
2016-04-04T10:05:11.000000;2016-04-04T10:05:11.000000;931ac12b-a3ae-40d7-8f48-94f5623cebb2;420.07;0.31976007;UNKNOWN
2016-04-04T10:05:38.000000;2016-04-04T10:05:38.000000;81a337e4-3c1a-41b3-b707-fb735ba197da;420.07;0.0103;UNKNOWN
2016-04-04T10:05:39.000000;2016-04-04T10:05:39.000000;ccba6207-a190-49cf-a69c-5da6900b3bd0;420.07;0.0103;UNKNOWN
2016-04-04T10:05:40.000000;2016-04-04T10:05:40.000000;84176c41-cac0-4f64-a108-eaf090b6c48f;420.07;0.01864538;UNKNOWN
2016-04-04T10:05:41.000000;2016-04-04T10:05:41.000000;9f4ad8b1-a609-4562-aea7-4b640ff28209;420.07;0.0103;UNKNOWN
2016-04-04T10:05:42.000000;2016-04-04T10:05:42.000000;6948b2e9-2bd2-4625-b0db-60bac68111fc;420.07;0.31976768;UNKNOWN
2016-04-04T10:05:43.000000;2016-04-04T10:05:43.000000;63fbe8c4-020e-4bc0-b066-78ff9b297227;420.07;0.0103;UNKNOWN
2016-04-04T10:05:43.000000;2016-04-04T10:05:43.000000;5ff3ee82-19bc-44aa-880b-b0e160224ec1;420.07;0.31976768;UNKNOWN
2016-04-04T10:05:44.000000;2016-04-04T10:05:44.000000;10c52ee6-9848-499e-80d4-69f7f2819eda;420.07;0.31976768;UNKNOWN
2016-04-04T10:06:10.000000;2016-04-04T10:06:10.000000;46518ed7-0d59-448b-bf55-fa68fccdd8e4;420.07;0.02714844;UNKNOWN
2016-04-04T10:06:11.000000;2016-04-04T10:06:11.000000;4d8f2e77-ebad-4a6c-9d0c-0ad1a65f0c3c;420.07;0.02714844;UNKNOWN
2016-04-04T10:06:11.000000;2016-04-04T10:06:11.000000;bd1cc211-2648-4027-812f-3620e20781c1;420.07;0.02720284;UNKNOWN
2016-04-04T10:06:12.000000;2016-04-04T10:06:12.000000;b093b80f-d1fe-433e-b707-a39f971bfdfd;420.07;0.02714844;UNKNOWN
2016-04-04T10:06:33.000000;2016-04-04T10:06:33.000000;34c9b8f7-83a2-4bbe-a3dc-f579dde55cfa;420.0;0.56324978;UNKNOWN
2016-04-04T10:10:34.000000;2016-04-04T10:10:34.000000;5427c842-6c3a-44b0-b374-c271213c0a98;420.07;0.31976768;UNKNOWN
2016-04-04T10:10:54.000000;2016-04-04T10:10:54.000000;fc96c8a0-91ea-44d8-8ab2-be46b6fbd4c4;420.07;0.0101;UNKNOWN
2016-04-04T10:10:56.000000;2016-04-04T10:10:56.000000;89d54e79-32d1-42f5-8763-ecaf729d77d5;420.07;0.0101;UNKNOWN
2016-04-04T10:11:04.000000;2016-04-04T10:11:04.000000;0db43256-53f5-4fbe-a892-2c4192938467;420.07;0.5344141;UNKNOWN
2016-04-04T10:11:31.000000;2016-04-04T10:11:31.000000;c37ee373-cb46-488a-9908-0406b7a0f7eb;420.07;0.02517533;UNKNOWN
2016-04-04T10:12:18.000000;2016-04-04T10:12:18.000000;946abb74-3d4e-4876-b489-ca6a526ec44b;420.07;0.01850905;UNKNOWN
2016-04-04T10:12:53.000000;2016-04-04T10:12:53.000000;874cc41d-affa-49a1-9673-5f4becca158e;420.07;0.31976768;UNKNOWN
2016-04-04T10:17:14.000000;2016-04-04T10:17:14.000000;a4601b6a-2397-48df-b598-d162a5f56fc9;420.06;0.69157374;UNKNOWN
2016-04-04T10:20:02.000000;2016-04-04T10:20:02.000000;ef95d305-eb30-4a89-8945-ed79287d2631;420.07;0.05396446;UNKNOWN
2016-04-04T10:20:03.000000;2016-04-04T10:20:03.000000;a5c4aa7d-8ac5-4253-91a7-2f07c16aade8;420.06;0.2000997;UNKNOWN
2016-04-04T10:20:08.000000;2016-04-04T10:20:08.000000;67ca2d21-42eb-451f-a536-86f39fd8c0ec;420.07;0.14063502;UNKNOWN
2016-04-04T10:20:10.000000;2016-04-04T10:20:10.000000;bd0a470e-a706-46b8-8e7f-0871143b0259;420.07;0.06194531;UNKNOWN
2016-04-04T10:20:13.000000;2016-04-04T10:20:13.000000;64f09748-e56b-4885-918b-5366048a6a9f;420.07;0.21317846;UNKNOWN
2016-04-04T10:20:13.000000;2016-04-04T10:20:13.000000;296c0d67-104f-4ebe-8e33-ccfd96563625;420.07;0.01439717;UNKNOWN
2016-04-04T10:20:15.000000;2016-04-04T10:20:15.000000;7d026835-2b12-4195-bd98-856d5b49598d;420.07;0.21402865;UNKNOWN
2016-04-04T10:20:15.000000;2016-04-04T10:20:15.000000;6383faeb-1f94-463d-b9f4-12088d4fb079;420.07;0.21360568;UNKNOWN
2016-04-04T10:20:15.000000;2016-04-04T10:20:15.000000;90a63ce8-e61a-4d53-9e55-648e156d1c9e;420.07;0.21317846;UNKNOWN
2016-04-04T10:20:16.000000;2016-04-04T10:20:16.000000;92fa0dd0-bf7c-408f-8a8d-561d62c557e1;420.07;0.21317846;UNKNOWN
2016-04-04T10:20:16.000000;2016-04-04T10:20:16.000000;35072de5-c0ac-4604-93f7-66b923b5a5f2;420.07;0.21317846;UNKNOWN
2016-04-04T10:20:17.000000;2016-04-04T10:20:17.000000;16dc4041-295d-4c71-b6bd-3fc430af106f;420.07;0.21360567;UNKNOWN
2016-04-04T10:20:17.000000;2016-04-04T10:20:17.000000;7e6a725a-10f6-4970-bb51-71d7f8674010;420.07;0.21317846;UNKNOWN
2016-04-04T10:20:18.000000;2016-04-04T10:20:18.000000;f4266c22-f4be-4fad-892a-d9f281f7a18f;420.07;0.21317846;UNKNOWN
2016-04-04T10:20:18.000000;2016-04-04T10:20:18.000000;d9f45132-bbd6-4350-a221-ff2cba3e23e2;420.07;0.21360567;UNKNOWN
2016-04-04T10:20:18.000000;2016-04-04T10:20:18.000000;3afaafcd-84f4-4b6a-95a8-bc5a8f3ae659;420.07;0.21360567;UNKNOWN
2016-04-04T10:20:19.000000;2016-04-04T10:20:19.000000;f665d2ce-c7f9-4c45-a94e-b0dba4c79dc0;420.07;0.21403373;UNKNOWN
2016-04-04T10:20:19.000000;2016-04-04T10:20:19.000000;a053777a-df6d-4959-9399-a62a2e17b0b5;420.07;0.21360058;UNKNOWN
2016-04-04T10:20:19.000000;2016-04-04T10:20:19.000000;861657c9-ee48-4c09-93bb-0e1c6cc2cbb9;420.07;0.21360058;UNKNOWN
2016-04-04T10:21:04.000000;2016-04-04T10:21:04.000000;1341a935-0cfb-43f3-8c19-34ab633f3915;420.07;1.0;UNKNOWN
2016-04-04T10:22:03.000000;2016-04-04T10:22:03.000000;36830223-7ba4-4d74-8f33-d69ecb92a06a;420.07;0.05528699;UNKNOWN
2016-04-04T10:22:04.000000;2016-04-04T10:22:04.000000;61e6c4c6-0df5-483c-8e94-b3ff35bcea67;420.06;0.013347;UNKNOWN
2016-04-04T10:24:03.000000;2016-04-04T10:24:03.000000;9e45c99c-4ab3-4f38-a316-a204c52caa7c;420.07;0.08116436;UNKNOWN
2016-04-04T10:25:19.000000;2016-04-04T10:25:19.000000;3a3f32a3-949e-42ed-bfde-f150ba772837;420.07;0.38779166;UNKNOWN
2016-04-04T10:26:30.000000;2016-04-04T10:26:30.000000;488952a0-97f2-4df3-ab0b-f486cb494a81;420.07;0.61220834;UNKNOWN
2016-04-04T10:28:13.000000;2016-04-04T10:28:13.000000;4fdb4953-f1f1-46be-bc16-5353c20b7174;420.01;0.03238335;UNKNOWN
2016-04-04T10:28:37.000000;2016-04-04T10:28:37.000000;9a249144-f74d-4897-80dd-61be124a69b3;420.01;0.08116498;UNKNOWN
2016-04-04T10:29:03.000000;2016-04-04T10:29:03.000000;6253258d-f34c-4b3f-8693-b50ee4e13d5e;420.0;5.8845;UNKNOWN
2016-04-04T10:29:08.000000;2016-04-04T10:29:08.000000;0364a1eb-072e-4586-a5e7-9fb719e2a3ef;420.01;0.07765482;UNKNOWN
2016-04-04T10:29:09.000000;2016-04-04T10:29:09.000000;87199600-9187-4958-828f-844fd91c74c6;420.01;0.02523817;UNKNOWN
2016-04-04T10:29:27.000000;2016-04-04T10:29:27.000000;bc32dc13-a4c5-4545-be26-a6c503aedb60;420.0;5.8868;UNKNOWN
2016-04-04T10:29:27.000000;2016-04-04T10:29:27.000000;7e7f706b-6f50-4073-9953-17d1057bcbd2;420.01;0.45617929;UNKNOWN
2016-04-04T10:29:49.000000;2016-04-04T10:29:49.000000;1ca82381-d5eb-45c8-8235-a2b746140cda;420.0;5.8856;UNKNOWN
2016-04-04T10:30:44.000000;2016-04-04T10:30:44.000000;4a5298ee-6ef9-4500-bce9-dc2275e9dd05;419.85;0.298;UNKNOWN
2016-04-04T10:31:38.000000;2016-04-04T10:31:38.000000;846f3aff-0b4e-4384-9fcf-277015e3214e;419.86;2.0674;UNKNOWN
2016-04-04T10:31:38.000000;2016-04-04T10:31:38.000000;da195692-f0e0-419c-9844-8e2c65a7c602;419.86;5.9326;UNKNOWN
2016-04-04T10:31:55.000000;2016-04-04T10:31:55.000000;920f5002-d717-497b-a8cf-1f819931c865;420.0;0.63723108;UNKNOWN
2016-04-04T10:31:55.000000;2016-04-04T10:31:55.000000;c10efa0b-b36d-46c7-a632-aa3d5408724a;420.0;4.63043352;UNKNOWN
2016-04-04T10:35:00.000000;2016-04-04T10:35:00.000000;93636d9e-0a1e-405a-9d63-9efe6016ef9d;419.83;0.21;UNKNOWN
2016-04-04T10:35:43.000000;2016-04-04T10:35:43.000000;d6780877-9d10-4daa-8a82-e2dd6a84111d;419.82;0.01;UNKNOWN
2016-04-04T10:35:58.000000;2016-04-04T10:35:58.000000;388c3cd2-908c-4e8d-b5cf-8e66977bebcd;419.51;2.0;UNKNOWN
2016-04-04T10:36:15.000000;2016-04-04T10:36:15.000000;815d438f-fc5c-4ff6-a032-bf2e347d532c;419.51;5.9545446;UNKNOWN
2016-04-04T10:36:15.000000;2016-04-04T10:36:15.000000;dfff7f1a-6e62-4f86-9013-1f390b125af1;419.57;8.32081169;UNKNOWN
2016-04-04T10:36:30.000000;2016-04-04T10:36:30.000000;29690986-2e72-4649-9099-d453e6497c28;419.26;0.01;UNKNOWN
2016-04-04T10:36:30.000000;2016-04-04T10:36:30.000000;16fd70a4-5881-42f5-82f1-c87fe553a2e8;419.11;4.18;UNKNOWN
2016-04-04T10:36:30.000000;2016-04-04T10:36:30.000000;221e391b-d7b0-4219-854b-f332f69370cb;419.1;5.0;UNKNOWN
2016-04-04T10:36:30.000000;2016-04-04T10:36:30.000000;e32ddfea-b2c0-4f61-9240-5e12df0496ad;419.25;4.19;UNKNOWN
2016-04-04T10:36:30.000000;2016-04-04T10:36:30.000000;4597f927-913b-43c8-898b-22bc2ae10a46;419.01;1.4511;UNKNOWN
2016-04-04T10:36:48.000000;2016-04-04T10:36:48.000000;0b8bcf71-555f-45d6-b552-c0f92dc6d795;419.01;2.73456705;UNKNOWN
2016-04-04T10:36:50.000000;2016-04-04T10:36:50.000000;1c033f1b-44b4-4428-bc12-298567049f2c;419.01;5.80433295;UNKNOWN
2016-04-04T10:36:53.000000;2016-04-04T10:36:53.000000;2e2e3f2a-fb42-4575-ae82-25515e8e3397;418.3;5.0;UNKNOWN
2016-04-04T10:36:53.000000;2016-04-04T10:36:53.000000;c797e68d-2a59-4a11-8385-e40ca675f21d;418.0;4.9;UNKNOWN
2016-04-04T10:36:53.000000;2016-04-04T10:36:53.000000;fadbcece-5c0b-41df-9fd4-4a2527080099;418.59;0.01;UNKNOWN
2016-04-04T10:36:53.000000;2016-04-04T10:36:53.000000;e1cf4816-03d9-45c2-8e6b-ea9c36e817b6;418.0;0.25;UNKNOWN
2016-04-04T10:36:53.000000;2016-04-04T10:36:53.000000;3fd7d31e-68b9-486b-9acd-1bb5f2f9c0d0;418.49;4.02;UNKNOWN
2016-04-04T10:36:53.000000;2016-04-04T10:36:53.000000;dd0f444a-1e1c-4d19-9322-e0f4d17070e8;418.43;12.5;UNKNOWN
2016-04-04T10:36:53.000000;2016-04-04T10:36:53.000000;2e0daecb-5ef5-43bf-854d-141e76399328;418.5;45.0;UNKNOWN
2016-04-04T10:36:53.000000;2016-04-04T10:36:53.000000;d969e2ad-81e9-4eaf-8f3a-7e992ca88af2;418.51;9.99;UNKNOWN
2016-04-04T10:36:53.000000;2016-04-04T10:36:53.000000;8853e9a1-cb99-45fe-8958-49fef1b7f66e;418.01;9.99;UNKNOWN
2016-04-04T10:36:53.000000;2016-04-04T10:36:53.000000;328f668b-2637-44e0-8c73-e7f6f2f7e4c2;419.0;0.011;UNKNOWN
2016-04-04T10:36:53.000000;2016-04-04T10:36:53.000000;d1d9a94c-189b-48b9-8c69-6f55e2e41060;418.95;4.23;UNKNOWN
2016-04-04T10:36:53.000000;2016-04-04T10:36:53.000000;64299155-bedb-4588-ae5d-ab1675bfa31c;418.02;4.11;UNKNOWN
2016-04-04T10:36:53.000000;2016-04-04T10:36:53.000000;a1e16c74-ccfb-4f20-8904-445f68f59a47;419.0;1.5035;UNKNOWN
2016-04-04T10:36:54.000000;2016-04-04T10:36:54.000000;a9085af3-07c4-41d4-8e18-c1cd0496be82;418.0;2.4065772;UNKNOWN
2016-04-04T10:36:57.000000;2016-04-04T10:36:57.000000;c370be47-af56-4d66-a475-0b6e7436f61c;418.01;0.01474923;UNKNOWN
2016-04-04T10:36:57.000000;2016-04-04T10:36:57.000000;2b49462a-81bb-474c-a141-fd79c0df0113;418.0;2.36737077;UNKNOWN
2016-04-04T10:36:57.000000;2016-04-04T10:36:57.000000;9f93ed80-ceff-41e1-bfaf-d7b808649ddf;418.33;0.01;UNKNOWN
2016-04-04T10:37:00.000000;2016-04-04T10:37:00.000000;79d677c2-2d57-476e-bc23-e979e706ff0e;417.49;0.1;UNKNOWN
2016-04-04T10:37:00.000000;2016-04-04T10:37:00.000000;880627f3-106a-49d9-b39c-452e6c01edbb;417.5;0.0515;UNKNOWN
2016-04-04T10:37:00.000000;2016-04-04T10:37:00.000000;fe69cff6-c820-4fee-9ed9-dcb8b46067b7;417.43;12.4936;UNKNOWN
2016-04-04T10:37:00.000000;2016-04-04T10:37:00.000000;2a22046a-c4c7-4556-acc3-516d6dad9b17;417.88;0.01;UNKNOWN
2016-04-04T10:37:00.000000;2016-04-04T10:37:00.000000;1202cb28-9cdf-4332-9540-d1859e4468a7;417.28;8.02182508;UNKNOWN
2016-04-04T10:37:00.000000;2016-04-04T10:37:00.000000;eab53d28-56b8-4165-b519-cfe00e552d05;417.51;9.99;UNKNOWN
2016-04-04T10:37:00.000000;2016-04-04T10:37:00.000000;3f8a9ffd-7ddf-439f-8ebb-7254c0c7c349;417.3;39.0;UNKNOWN
2016-04-04T10:37:00.000000;2016-04-04T10:37:00.000000;247090d1-5cf4-4cb9-98c0-00c7f1b83f80;417.57;1.0;UNKNOWN
2016-04-04T10:37:00.000000;2016-04-04T10:37:00.000000;b305db0c-5161-45aa-ab34-a9faf9e7871e;417.71;0.19963365;UNKNOWN
2016-04-04T10:37:00.000000;2016-04-04T10:37:00.000000;07be4a16-c40d-4787-b6cc-f9e0921a43d6;417.6;0.20258924;UNKNOWN
2016-04-04T10:37:00.000000;2016-04-04T10:37:00.000000;e045e95b-a812-45ed-bba2-c71836dbadca;417.7;10.0;UNKNOWN
2016-04-04T10:37:00.000000;2016-04-04T10:37:00.000000;3e18a17e-b0de-40e4-8e0c-7c4f94d385ba;418.0;0.5;UNKNOWN
2016-04-04T10:37:00.000000;2016-04-04T10:37:00.000000;ac45fcc7-a8d9-4acd-9239-2cf5eed0621e;418.01;7.9337;UNKNOWN
2016-04-04T10:37:00.000000;2016-04-04T10:37:00.000000;7449b3b4-627e-4195-b6ae-d4d68fa738aa;418.0;10.49715203;UNKNOWN
2016-04-04T10:37:04.000000;2016-04-04T10:37:04.000000;077c85a6-4839-4ed6-a1f4-9c8b8e46bb79;417.72;5.2949;UNKNOWN
2016-04-04T10:37:04.000000;2016-04-04T10:37:04.000000;4d9419f6-3a8d-4996-9895-76015f616759;417.71;3.27974371;UNKNOWN
2016-04-04T10:37:58.000000;2016-04-04T10:37:58.000000;79d9e254-7f20-400d-83e4-465cb5ddfc0d;418.01;0.235;UNKNOWN
2016-04-04T10:37:58.000000;2016-04-04T10:37:58.000000;e50d851f-146c-4e64-b2a8-73e7466f0574;418.01;3.89445538;UNKNOWN
2016-04-04T10:37:58.000000;2016-04-04T10:37:58.000000;f81c09a7-1d4e-404d-a241-59355199a393;418.01;0.235;UNKNOWN
2016-04-04T10:37:58.000000;2016-04-04T10:37:58.000000;0004d4a9-5746-4365-b747-1430c4998d18;418.01;0.234;UNKNOWN
2016-04-04T10:37:58.000000;2016-04-04T10:37:58.000000;7e5e472c-b11d-4d45-b074-610863d44f27;418.01;0.234;UNKNOWN
2016-04-04T10:37:58.000000;2016-04-04T10:37:58.000000;dee7cd4d-9076-42fc-9d5a-01e4b925f98e;418.01;0.235;UNKNOWN
2016-04-04T10:38:15.000000;2016-04-04T10:38:15.000000;271ff8ef-db08-46e1-82b2-9621030af1af;417.88;0.01311025;UNKNOWN
2016-04-04T10:39:06.000000;2016-04-04T10:39:06.000000;124516c0-749f-4b0b-9320-7797b1a36c26;417.8;5.0;UNKNOWN
2016-04-04T10:39:14.000000;2016-04-04T10:39:14.000000;f7c89ccf-e34f-4c3d-85e7-c4e019fafca2;417.8;5.34277198;UNKNOWN
2016-04-04T10:39:14.000000;2016-04-04T10:39:14.000000;0e8a1bdb-0d62-4cb5-87a9-db297b44b2a0;417.8;4.65722802;UNKNOWN
2016-04-04T10:39:17.000000;2016-04-04T10:39:17.000000;d198a1de-3168-4bc3-b17e-54fcba7752d4;417.8;0.5;UNKNOWN
2016-04-04T10:39:36.000000;2016-04-04T10:39:36.000000;f4f9dd0d-5644-4926-ae87-9869fba88a93;417.8;0.0501389;UNKNOWN
2016-04-04T10:40:08.000000;2016-04-04T10:40:08.000000;75435443-9a8b-4942-8ab3-9bc836fcf9a6;417.81;0.88357839;UNKNOWN
2016-04-04T10:41:04.000000;2016-04-04T10:41:04.000000;9ca55d91-2c8d-41ab-8fd3-f12c64bb8ed2;417.81;0.57767515;UNKNOWN
2016-04-04T10:42:30.000000;2016-04-04T10:42:30.000000;2f9cd477-c6b2-498d-ad41-6e9b4f3269ef;417.81;0.32149735;UNKNOWN
2016-04-04T10:43:26.000000;2016-04-04T10:43:26.000000;a8d5fe4a-83cb-4c77-be71-7c108eb79a8d;417.81;0.09152396;UNKNOWN
2016-04-04T10:44:42.000000;2016-04-04T10:44:42.000000;57658d09-8e89-4544-a01f-e98af96c48aa;417.81;2.0;UNKNOWN
2016-04-04T10:45:39.000000;2016-04-04T10:45:39.000000;48994f35-1569-4533-9e65-a8827b7b51b1;417.81;0.10572515;UNKNOWN
2016-04-04T10:46:27.000000;2016-04-04T10:46:27.000000;c0b54a25-0d14-4815-a4f8-c690afeafd1d;418.2;4.48528074;UNKNOWN
2016-04-04T10:46:27.000000;2016-04-04T10:46:27.000000;dd05816c-76e9-4e97-b09b-256fb11a6eb3;418.18;0.299;UNKNOWN
2016-04-04T10:48:04.000000;2016-04-04T10:48:04.000000;97248a99-3959-40c7-a281-573ce878f39d;418.28;0.2;UNKNOWN
2016-04-04T10:48:18.000000;2016-04-04T10:48:18.000000;545cea5d-3676-4939-8b85-a56cd54f6dde;418.4;4.64770403;UNKNOWN
2016-04-04T10:48:32.000000;2016-04-04T10:48:32.000000;d0f95e74-d34b-49be-9024-25dfbe732c0b;418.58;4.64527517;UNKNOWN
2016-04-04T10:48:39.000000;2016-04-04T10:48:39.000000;ac262dc4-abd0-4e6e-aac9-bd6286c48075;418.59;4.64624641;UNKNOWN
2016-04-04T10:48:39.000000;2016-04-04T10:48:39.000000;34471bdc-08ef-470e-9c6b-283ecadba7b0;418.59;4.64721806;UNKNOWN
2016-04-04T10:48:48.000000;2016-04-04T10:48:48.000000;849bc2e3-dfcc-4dd4-9a92-21d6f48f837b;418.62;4.64705609;UNKNOWN
2016-04-04T10:48:48.000000;2016-04-04T10:48:48.000000;9bc26388-4682-4a7f-b040-1ecaeeeb9106;418.62;4.64705609;UNKNOWN
2016-04-04T10:50:30.000000;2016-04-04T10:50:30.000000;440a13a9-65ed-4f75-b7a6-6326f7b83198;418.69;5.8906;UNKNOWN
2016-04-04T10:51:04.000000;2016-04-04T10:51:04.000000;84dd42cb-e3b5-490b-a0e8-b68aebac50b1;418.7;0.20287753;UNKNOWN
2016-04-04T10:51:49.000000;2016-04-04T10:51:49.000000;92b55504-a74f-47f7-aefe-e11f439b6f23;418.69;5.9287;UNKNOWN
2016-04-04T10:53:31.000000;2016-04-04T10:53:31.000000;6514115f-8115-455c-ab05-4cbdf94b4e1c;418.69;5.67588973;UNKNOWN
2016-04-04T11:00:16.000000;2016-04-04T11:00:16.000000;168e64f9-97c0-4a64-be93-ba838417688b;418.55;0.19;UNKNOWN
2016-04-04T11:00:16.000000;2016-04-04T11:00:16.000000;0ceda56b-34b0-491f-98ae-94b6cf7e57c2;418.69;0.01;UNKNOWN
2016-04-04T11:00:43.000000;2016-04-04T11:00:43.000000;c77b2bda-b579-4f18-8a2f-6fc5a80a216e;418.69;0.298;UNKNOWN
2016-04-04T11:00:43.000000;2016-04-04T11:00:43.000000;b3930ee5-6c7f-46d3-bbb2-94330704d0d1;418.69;0.39;UNKNOWN
2016-04-04T11:01:05.000000;2016-04-04T11:01:05.000000;c99552e0-91c8-4cbe-b5c7-eab177386298;418.69;0.23867495;UNKNOWN
2016-04-04T11:01:05.000000;2016-04-04T11:01:05.000000;c8c05828-9584-441c-a10c-3839a6e3af72;418.69;4.26132505;UNKNOWN
2016-04-04T11:02:50.000000;2016-04-04T11:02:50.000000;cd432f69-7ade-48f5-a962-1efa570d2e20;418.68;4.6490545;UNKNOWN
2016-04-04T11:02:50.000000;2016-04-04T11:02:50.000000;06ab921d-6cf8-4d84-ac4f-bb14ab9b87e5;418.68;4.65089239;UNKNOWN
2016-04-04T11:02:50.000000;2016-04-04T11:02:50.000000;9bf2f219-4b07-4b8c-8f6a-1f054bc320c8;418.68;4.65029762;UNKNOWN
2016-04-04T11:02:50.000000;2016-04-04T11:02:50.000000;86c90414-1e4d-4892-ac99-47aa14e8b437;418.69;1.39945787;UNKNOWN
2016-04-04T11:02:50.000000;2016-04-04T11:02:50.000000;7cfb982b-1b75-4fb3-92ad-d273800767e0;418.68;4.65029762;UNKNOWN
2016-04-04T11:03:03.000000;2016-04-04T11:03:03.000000;81e53a9d-7f13-4ecc-bd0b-5070f4ba1414;418.7;4.64910853;UNKNOWN
2016-04-04T11:04:04.000000;2016-04-04T11:04:04.000000;0ed77d01-3578-4e89-9452-a79a50e5cc52;418.82;0.03610992;UNKNOWN
2016-04-04T11:04:05.000000;2016-04-04T11:04:05.000000;624f169f-a62e-44d1-beb1-914670d00206;418.82;0.8315;UNKNOWN
2016-04-04T11:04:06.000000;2016-04-04T11:04:06.000000;faabbbef-f626-41f0-b096-8495ee3006ad;418.81;2.15177176;UNKNOWN
2016-04-04T11:05:18.000000;2016-04-04T11:05:18.000000;5d5e4a64-256e-4043-875c-df3bd0919cd6;418.87;0.01482799;UNKNOWN
2016-04-04T11:05:18.000000;2016-04-04T11:05:18.000000;382e7665-55f7-4715-9323-1949c7954a2d;418.87;0.5359866;UNKNOWN
2016-04-04T11:07:04.000000;2016-04-04T11:07:04.000000;dad3d933-f684-4db4-a446-11ff6b8138b7;418.61;3.04;UNKNOWN
2016-04-04T11:07:04.000000;2016-04-04T11:07:04.000000;50685e48-0a10-4ed4-bdc3-00139d3f361a;418.7;0.1;UNKNOWN
2016-04-04T11:07:04.000000;2016-04-04T11:07:04.000000;eb0bd874-8f44-48dc-97ac-98ea4eb22600;418.86;0.01;UNKNOWN
2016-04-04T11:07:25.000000;2016-04-04T11:07:25.000000;d39eda0a-f849-450f-8c83-8fc9cee6a400;418.61;0.08276506;UNKNOWN
2016-04-04T11:10:05.000000;2016-04-04T11:10:05.000000;cca8f0b3-2a7b-4381-99b4-8aac7ab6be6e;418.58;0.0379093;UNKNOWN
2016-04-04T11:11:04.000000;2016-04-04T11:11:04.000000;38dffe72-81c0-4979-bed7-dcc98fb93883;419.13;0.06229978;UNKNOWN
2016-04-04T11:11:04.000000;2016-04-04T11:11:04.000000;4ec7517e-c1ed-4e7d-a7e7-9399b3010e29;419.03;0.01;UNKNOWN
2016-04-04T11:14:04.000000;2016-04-04T11:14:04.000000;fd646de1-3ed2-4122-83d3-d9a06500df62;419.28;0.24;UNKNOWN
2016-04-04T11:14:04.000000;2016-04-04T11:14:04.000000;f3e78460-cc2a-40ab-bbcc-5c31d6fde6b5;419.59;1.76;UNKNOWN
2016-04-04T11:16:55.000000;2016-04-04T11:16:55.000000;02248421-d347-4d05-b3ef-0ad2bb7f5c78;419.12;5.8917;UNKNOWN
2016-04-04T11:16:55.000000;2016-04-04T11:16:55.000000;a62c3238-f2c5-4edb-9787-84be2b5c2800;419.17;0.01;UNKNOWN
2016-04-04T11:16:55.000000;2016-04-04T11:16:55.000000;bf126c3e-bdcf-493c-9f06-2e5cae1d9d81;419.11;4.09829999;UNKNOWN
2016-04-04T11:17:31.000000;2016-04-04T11:17:31.000000;99a42c6b-1bc0-4297-b8c7-cd3fd72fd185;419.27;0.01;UNKNOWN
2016-04-04T11:18:33.000000;2016-04-04T11:18:33.000000;bf555ee4-0f4b-4352-82c5-f776ba66d810;418.85;0.048;UNKNOWN
2016-04-04T11:21:32.000000;2016-04-04T11:21:32.000000;1ed4e88a-7030-4460-b6b2-c006b03ac80b;418.99;0.02460278;UNKNOWN
2016-04-04T11:21:32.000000;2016-04-04T11:21:32.000000;ed9a4a9b-10e0-4110-9ca8-7732e2e73503;419.3;0.01;UNKNOWN
2016-04-04T11:21:32.000000;2016-04-04T11:21:32.000000;6dbccb4a-dd1d-4401-a52e-242c4babba24;419.43;0.0078029;UNKNOWN
2016-04-04T11:22:40.000000;2016-04-04T11:22:40.000000;ae93c523-60aa-4a81-96ea-87096ba61752;419.27;0.01;UNKNOWN
2016-04-04T11:22:40.000000;2016-04-04T11:22:40.000000;95624dc6-635a-4f72-a190-210dfc447802;419.5;0.44759432;UNKNOWN
2016-04-04T11:26:42.000000;2016-04-04T11:26:42.000000;f278ef73-24e5-49b2-97c7-cca1d758df63;419.65;0.01;UNKNOWN
2016-04-04T11:26:43.000000;2016-04-04T11:26:43.000000;062bd3b6-7834-4eaf-9e16-3a6ced98dd09;419.66;0.0003;UNKNOWN
2016-04-04T11:26:50.000000;2016-04-04T11:26:50.000000;1b8f73d9-5672-43fb-b4cb-3c1668d674dd;419.68;0.00465973;UNKNOWN
2016-04-04T11:26:50.000000;2016-04-04T11:26:50.000000;cfe45a31-8766-42f3-8db5-955d94575a2a;419.68;0.01;UNKNOWN
2016-04-04T11:26:52.000000;2016-04-04T11:26:52.000000;5d26f63a-81db-4113-a028-beb9fe0dda33;419.64;0.01;UNKNOWN
2016-04-04T11:26:52.000000;2016-04-04T11:26:52.000000;d0fae1f6-be27-47bb-942a-523e0283ff33;419.65;0.00465949;UNKNOWN
2016-04-04T11:26:54.000000;2016-04-04T11:26:54.000000;4c264b9a-9401-4de2-8976-cf5cd7178787;419.63;0.01;UNKNOWN
2016-04-04T11:26:54.000000;2016-04-04T11:26:54.000000;c8f29075-1cfb-4be5-8872-c2f7a65bb055;419.64;0.00466124;UNKNOWN
2016-04-04T11:26:54.000000;2016-04-04T11:26:54.000000;4afbeb8c-88ce-4ce7-9e9b-9ec69ee96473;419.64;0.01465949;UNKNOWN
2016-04-04T11:26:54.000000;2016-04-04T11:26:54.000000;53db96b6-f526-48cc-a7c8-c357c5a96ea9;419.64;0.01465949;UNKNOWN
2016-04-04T11:26:55.000000;2016-04-04T11:26:55.000000;f2395f99-7f0a-4dcd-85ed-62c139cf40a9;419.62;0.01;UNKNOWN
2016-04-04T11:26:56.000000;2016-04-04T11:26:56.000000;fe2f45d6-d5e6-4770-a970-af83b463c108;419.67;0.01466124;UNKNOWN
2016-04-04T11:27:03.000000;2016-04-04T11:27:03.000000;a8a20396-6e36-420c-9e46-71411a5dee6c;419.61;0.54988561;UNKNOWN
2016-04-04T11:28:24.000000;2016-04-04T11:28:24.000000;4773a614-b647-4e78-86ec-8ab01310697f;419.12;0.01467943;UNKNOWN
2016-04-04T11:28:25.000000;2016-04-04T11:28:25.000000;11687ae2-37b8-4306-b536-3de318648dca;419.12;0.00459762;UNKNOWN
2016-04-04T11:28:30.000000;2016-04-04T11:28:30.000000;1accce69-7b59-42bf-a2ac-b60f27577e5f;419.57;0.01008181;UNKNOWN
2016-04-04T11:28:37.000000;2016-04-04T11:28:37.000000;6e278c0a-bfc9-4f23-be1a-633b0bdc4dc2;419.08;0.34372722;UNKNOWN
2016-04-04T11:28:37.000000;2016-04-04T11:28:37.000000;56cceffb-0765-4bf3-b522-0dabcbf78e88;419.09;0.01;UNKNOWN
2016-04-04T11:29:04.000000;2016-04-04T11:29:04.000000;ec75a4d8-02b6-4e37-bc07-ddd2faba310f;419.47;0.05;UNKNOWN
2016-04-04T11:30:28.000000;2016-04-04T11:30:28.000000;89477eea-e83b-408c-af16-4b4108eba549;419.4;0.05;UNKNOWN
2016-04-04T11:31:04.000000;2016-04-04T11:31:04.000000;28f6bd6c-b368-46dd-8670-59a2f23e8737;419.39;1.0;UNKNOWN
2016-04-04T11:32:41.000000;2016-04-04T11:32:41.000000;6271fd1d-6ef2-4368-8223-a4c297da8e4d;419.45;0.01;UNKNOWN
2016-04-04T11:32:41.000000;2016-04-04T11:32:41.000000;40ea1186-e333-43ba-ad20-9ba477446f72;419.47;2.99;UNKNOWN
2016-04-04T11:34:04.000000;2016-04-04T11:34:04.000000;0ad4f02b-aa50-43ad-b61c-f032f06ef527;419.32;0.03616848;UNKNOWN
2016-04-04T11:35:16.000000;2016-04-04T11:35:16.000000;04691f39-fd6e-4237-be3b-94d4749f3506;419.28;0.55033223;UNKNOWN
2016-04-04T11:35:16.000000;2016-04-04T11:35:16.000000;96f2f299-4400-467c-beeb-a15095b1309e;419.28;0.0103;UNKNOWN
2016-04-04T11:35:19.000000;2016-04-04T11:35:19.000000;a6daa849-45a1-45b5-b4b7-e73482b8db2b;419.28;0.52212725;UNKNOWN
2016-04-04T11:35:19.000000;2016-04-04T11:35:19.000000;47d0ef4c-7a4d-4f6e-abdb-eceafd4c1da8;419.28;0.0103;UNKNOWN
2016-04-04T11:35:21.000000;2016-04-04T11:35:21.000000;70790d46-5c5a-4295-b8e5-3c08830fb6bf;419.28;0.52212725;UNKNOWN
2016-04-04T11:35:25.000000;2016-04-04T11:35:25.000000;e7b13b57-013e-43ee-b245-d4c97ffc6de2;419.01;0.23914176;UNKNOWN
2016-04-04T11:35:45.000000;2016-04-04T11:35:45.000000;444141a0-cd14-4ca3-bb63-a4854fcd54b1;419.28;1.9;UNKNOWN
2016-04-04T11:35:59.000000;2016-04-04T11:35:59.000000;717668ef-d041-48a0-992a-105a10afeb25;419.02;0.983841;UNKNOWN
2016-04-04T11:35:59.000000;2016-04-04T11:35:59.000000;6c67d2a3-5521-44a0-8179-30e938907491;419.01;0.76085824;UNKNOWN
2016-04-04T11:35:59.000000;2016-04-04T11:35:59.000000;8884f5b9-5a61-49a7-929f-3b1ce0aaae94;419.0;0.15530076;UNKNOWN
2016-04-04T11:36:04.000000;2016-04-04T11:36:04.000000;2aa430d6-d20d-4726-bad7-e35a83fab91b;419.29;1.43;UNKNOWN
2016-04-04T11:37:04.000000;2016-04-04T11:37:04.000000;e70569fb-4dbd-42ab-926e-e01fc08a775c;419.19;0.38222049;UNKNOWN
2016-04-04T11:37:05.000000;2016-04-04T11:37:05.000000;c3456437-5f6a-4f22-b177-48d71736aec2;419.02;0.1611576;UNKNOWN
2016-04-04T11:37:05.000000;2016-04-04T11:37:05.000000;c942add8-0268-44c1-9046-d8b03a8d4baf;419.03;0.4898424;UNKNOWN
2016-04-04T11:37:05.000000;2016-04-04T11:37:05.000000;2f3a5468-0705-4e26-b52a-745658c5c8be;419.02;0.251;UNKNOWN
2016-04-04T11:38:24.000000;2016-04-04T11:38:24.000000;813a1177-b9f9-4767-be13-67340e62015d;419.19;0.12454499;UNKNOWN
2016-04-04T11:38:25.000000;2016-04-04T11:38:25.000000;d308e98e-f486-42c0-8860-03f2c1489245;419.19;0.0404772;UNKNOWN
2016-04-04T11:38:40.000000;2016-04-04T11:38:40.000000;3c627cd7-73ce-4538-bae1-d11efd58fe64;419.19;0.01315548;UNKNOWN
2016-04-04T11:38:56.000000;2016-04-04T11:38:56.000000;16cd01d7-fc62-43b4-8eef-d673dc963cfd;419.01;0.21617197;UNKNOWN
2016-04-04T11:39:15.000000;2016-04-04T11:39:15.000000;c905af03-eedb-4e1d-87aa-701e96a0dd03;419.01;0.09545168;UNKNOWN
2016-04-04T11:39:15.000000;2016-04-04T11:39:15.000000;4374d2ab-0347-497c-813e-47de85311d98;419.01;0.01212332;UNKNOWN
2016-04-04T11:39:36.000000;2016-04-04T11:39:36.000000;b67cae42-907e-44bd-9761-943b7f86be4c;419.01;0.04213441;UNKNOWN
2016-04-04T11:41:28.000000;2016-04-04T11:41:28.000000;0dc19ec4-51d4-4146-916b-9ee0ce6d4f69;418.85;0.77183;UNKNOWN
2016-04-04T11:41:28.000000;2016-04-04T11:41:28.000000;99f4138b-8792-4195-a056-8c7b9bbd1e82;418.85;5.9322;UNKNOWN
2016-04-04T11:43:49.000000;2016-04-04T11:43:49.000000;1cd228ab-f8df-41fe-8798-2a8a20b26123;418.96;5.832;UNKNOWN
2016-04-04T11:43:49.000000;2016-04-04T11:43:49.000000;66899a2e-4831-4fd6-be91-d5ccc3a401b0;418.91;0.298;UNKNOWN
2016-04-04T11:48:03.000000;2016-04-04T11:48:03.000000;528d3d85-e685-41cf-92a3-ec3999ad8f5e;418.68;0.1;UNKNOWN
2016-04-04T11:48:04.000000;2016-04-04T11:48:04.000000;af837dab-2368-4d64-9593-a9d3a3714a3c;418.82;0.2;UNKNOWN
2016-04-04T11:49:04.000000;2016-04-04T11:49:04.000000;afb5e43a-78c6-434d-b80c-a2210c9886ff;418.76;0.10777569;UNKNOWN
2016-04-04T11:50:14.000000;2016-04-04T11:50:14.000000;74218aba-b29d-4035-85ca-316794a4bc22;418.58;0.1;UNKNOWN
2016-04-04T11:52:42.000000;2016-04-04T11:52:42.000000;3f940694-cb37-4f33-bee6-58a0c48b1975;419.0;0.01;UNKNOWN
2016-04-04T11:52:42.000000;2016-04-04T11:52:42.000000;7ed1f963-e658-4c0b-9073-36bef231c78b;419.01;0.03396702;UNKNOWN
2016-04-04T11:52:42.000000;2016-04-04T11:52:42.000000;bb045a5e-ef25-46df-af51-c6e7bb22d25a;418.59;0.01;UNKNOWN
2016-04-04T11:58:20.000000;2016-04-04T11:58:20.000000;a66f8a59-175d-43c1-879c-7f4bc2a9f01e;419.01;0.03141941;UNKNOWN
2016-04-04T12:00:43.000000;2016-04-04T12:00:43.000000;90d1b21e-7a04-496d-9c3e-57a6ffc74bc8;418.6;0.3;UNKNOWN
2016-04-04T12:00:43.000000;2016-04-04T12:00:43.000000;be8838f5-8095-4242-b2a5-15f335cdf476;418.99;0.4;UNKNOWN
2016-04-04T12:01:43.000000;2016-04-04T12:01:43.000000;c4929e0b-2da5-4a48-8fda-4f84c53becb8;418.97;0.01;UNKNOWN
2016-04-04T12:02:44.000000;2016-04-04T12:02:44.000000;c091fc7d-6f71-4c17-a9f1-dc983b383bf4;419.01;0.547498;UNKNOWN
2016-04-04T12:05:49.000000;2016-04-04T12:05:49.000000;d266e12e-4984-4da9-a5ed-2ff8a2fd601a;418.6;5.6112;UNKNOWN
2016-04-04T12:05:49.000000;2016-04-04T12:05:49.000000;62086ad5-34fd-4020-9b95-5e9fe492a456;418.58;0.01;UNKNOWN
2016-04-04T12:05:49.000000;2016-04-04T12:05:49.000000;04b03864-3787-42f8-a564-a35eadfc1c2d;418.51;20.0;UNKNOWN
2016-04-04T12:05:49.000000;2016-04-04T12:05:49.000000;57997bba-354b-4172-912a-a6ad1845c16b;418.6;0.3;UNKNOWN
2016-04-04T12:05:49.000000;2016-04-04T12:05:49.000000;730445e2-d96b-4820-8ae3-02bcdecfce72;418.59;0.7529;UNKNOWN
2016-04-04T12:05:49.000000;2016-04-04T12:05:49.000000;2b24369c-7910-4251-8e0d-adc0bc2776e0;418.58;0.3620907;UNKNOWN
2016-04-04T12:09:29.000000;2016-04-04T12:09:29.000000;cfee4966-2ac1-4515-8723-f5443a9f0b96;418.5;0.03141941;UNKNOWN
2016-04-04T12:09:30.000000;2016-04-04T12:09:30.000000;b0b916a9-965a-4361-8611-1fe5ea5b6cee;418.5;0.03141941;UNKNOWN
2016-04-04T12:12:04.000000;2016-04-04T12:12:04.000000;47b019ec-877c-4870-b3b5-47f6408ed6c9;418.43;0.0569;UNKNOWN
2016-04-04T12:12:52.000000;2016-04-04T12:12:52.000000;3ee5e005-9800-48db-8e80-c4c55aa7d657;418.44;0.01;UNKNOWN
2016-04-04T12:13:14.000000;2016-04-04T12:13:14.000000;3918786c-2ef7-4d68-8717-2b3a73522a1a;418.43;5.9283;UNKNOWN
2016-04-04T12:13:15.000000;2016-04-04T12:13:15.000000;cb4e6d39-bac7-4820-9067-da65ac267a89;418.43;0.6;UNKNOWN
2016-04-04T12:14:30.000000;2016-04-04T12:14:30.000000;4f0dbf55-5cad-455a-88cc-9edeca25208f;418.42;0.02394732;UNKNOWN
2016-04-04T12:14:39.000000;2016-04-04T12:14:39.000000;e8420e96-190f-4317-a742-4d79ae3cc69b;418.43;0.47724;UNKNOWN
2016-04-04T12:15:12.000000;2016-04-04T12:15:12.000000;b762a18a-ea23-4fca-863a-718305efac5b;418.43;0.7101;UNKNOWN
2016-04-04T12:15:20.000000;2016-04-04T12:15:20.000000;7df51e25-1a57-4532-a43e-bfdd1e132788;418.43;0.0101;UNKNOWN
2016-04-04T12:15:22.000000;2016-04-04T12:15:22.000000;da022fa7-979d-496c-a801-242353c1c90e;418.43;0.0101;UNKNOWN
2016-04-04T12:15:43.000000;2016-04-04T12:15:43.000000;ddcde730-1634-4d86-9417-4a76eb937272;418.43;0.02041368;UNKNOWN
2016-04-04T12:16:05.000000;2016-04-04T12:16:05.000000;3ada73f1-7cf7-481d-8630-76b633af03ce;418.43;0.1;UNKNOWN
2016-04-04T12:16:20.000000;2016-04-04T12:16:20.000000;58f27b11-f863-4f93-aa22-c84518f7625b;418.43;0.02392713;UNKNOWN
2016-04-04T12:16:42.000000;2016-04-04T12:16:42.000000;f90ee0a5-b63a-4e04-a7b2-994423991ed8;418.42;8.02394733;UNKNOWN
2016-04-04T12:16:42.000000;2016-04-04T12:16:42.000000;7ec92616-296b-482d-a1ef-4a29c8aa69db;418.42;1.97605268;UNKNOWN
2016-04-04T12:16:47.000000;2016-04-04T12:16:47.000000;c6c80619-1f50-4227-b9b9-f27347c054b2;418.41;5.9152;UNKNOWN
2016-04-04T12:17:10.000000;2016-04-04T12:17:10.000000;790d718d-9531-4dc2-b861-ac41e1382868;418.41;5.8871;UNKNOWN
2016-04-04T12:17:14.000000;2016-04-04T12:17:14.000000;e6f37121-d9f7-449f-930b-7dd2347f4900;418.41;3.0;UNKNOWN
2016-04-04T12:17:26.000000;2016-04-04T12:17:26.000000;49af9f10-7878-4b2f-a5ad-07637d025006;418.4;1.08175591;UNKNOWN
2016-04-04T12:17:26.000000;2016-04-04T12:17:26.000000;d0bc5d6c-1b1e-460c-b7c0-6931ec862eb9;418.4;0.01824409;UNKNOWN
2016-04-04T12:17:32.000000;2016-04-04T12:17:32.000000;67421c9d-8524-4d96-a0fb-1ecb2ab775ea;418.41;5.9219;UNKNOWN
2016-04-04T12:18:06.000000;2016-04-04T12:18:06.000000;3624f4e4-a107-4e28-902b-580f2ea69097;418.41;5.9222;UNKNOWN
2016-04-04T12:18:41.000000;2016-04-04T12:18:41.000000;3c467953-cf88-455a-a4ff-d6e45fe75a0a;418.41;5.9076;UNKNOWN
2016-04-04T12:19:14.000000;2016-04-04T12:19:14.000000;97a302e0-891c-4eaa-9cad-4e8ef37ff1fc;418.41;5.9342;UNKNOWN
2016-04-04T12:20:34.000000;2016-04-04T12:20:34.000000;148c9d8e-e87f-408d-8bed-585ebe60d92d;418.41;5.9263;UNKNOWN
2016-04-04T12:21:19.000000;2016-04-04T12:21:19.000000;a3a3856f-a736-4409-8661-9517de2385eb;418.41;5.9404;UNKNOWN
2016-04-04T12:26:04.000000;2016-04-04T12:26:04.000000;5af3f9f8-8a51-4c75-8b0d-f029bb343ada;418.41;0.96;UNKNOWN
2016-04-04T12:27:53.000000;2016-04-04T12:27:53.000000;6f4dd5ff-6afb-447d-826a-627178d55b46;418.41;0.478;UNKNOWN
2016-04-04T12:28:13.000000;2016-04-04T12:28:13.000000;70dd56f8-b7c1-483b-90e7-1daa5826cbe5;418.4;0.09469582;UNKNOWN
2016-04-04T12:29:04.000000;2016-04-04T12:29:04.000000;02f6fe4f-19ac-4365-b9d9-78598a2f6d1c;418.41;0.02677841;UNKNOWN
2016-04-04T12:31:36.000000;2016-04-04T12:31:36.000000;31823bd7-1a4f-4444-bfe5-6838d88dfc0e;418.41;0.01026966;UNKNOWN
2016-04-04T12:32:46.000000;2016-04-04T12:32:46.000000;c7a877ab-a5e6-4b05-923d-9391400a68dd;418.4;1.80530418;UNKNOWN
2016-04-04T12:32:46.000000;2016-04-04T12:32:46.000000;4e6f3a1b-ce12-4e0b-b401-b540efd251c6;418.4;20.19469582;UNKNOWN
2016-04-04T12:33:31.000000;2016-04-04T12:33:31.000000;c6857828-c254-44e1-8547-08545f18d9e0;418.41;0.04653823;UNKNOWN
2016-04-04T12:33:33.000000;2016-04-04T12:33:33.000000;cd407067-9a75-492f-9962-2e82a6f427f8;418.4;0.47872447;UNKNOWN
2016-04-04T12:33:47.000000;2016-04-04T12:33:47.000000;9b0c46fa-9a3a-4aad-be64-ad17cabd2ab6;418.41;0.04472048;UNKNOWN
2016-04-04T12:34:05.000000;2016-04-04T12:34:05.000000;a7d7cd46-6f36-4315-abab-58e30831c47d;418.41;2.0;UNKNOWN
2016-04-04T12:34:12.000000;2016-04-04T12:34:12.000000;056b30f0-558f-4bf6-82a8-ad015f57c6e9;418.3;5.929;UNKNOWN
2016-04-04T12:34:12.000000;2016-04-04T12:34:12.000000;0ea6b0e7-1202-429f-b503-31e1f3290955;418.26;4.64064041;UNKNOWN
2016-04-04T12:34:12.000000;2016-04-04T12:34:12.000000;db701f4a-392c-4193-898e-3d89ed2dc3cb;418.29;4.64064041;UNKNOWN
2016-04-04T12:34:12.000000;2016-04-04T12:34:12.000000;ca4346e1-9748-4432-96ca-19039bf72c44;418.4;4.32657971;UNKNOWN
2016-04-04T12:34:12.000000;2016-04-04T12:34:12.000000;88dc9324-7cf4-4619-9f52-d6bf57964c90;418.4;0.234;UNKNOWN
2016-04-04T12:34:12.000000;2016-04-04T12:34:12.000000;96b637a9-504b-4864-a361-22b047c96a49;418.4;0.234;UNKNOWN
2016-04-04T12:34:12.000000;2016-04-04T12:34:12.000000;2b2a9968-1865-43d4-8c01-d59d7c4d7d46;418.4;0.233;UNKNOWN
2016-04-04T12:34:12.000000;2016-04-04T12:34:12.000000;de328677-d7ad-4819-9775-8c9e4f28430f;418.22;1.76213947;UNKNOWN
2016-04-04T12:34:22.000000;2016-04-04T12:34:22.000000;15b8cd0a-6b0b-4cbc-bfcb-4e1dad1c50f4;418.39;0.13472157;UNKNOWN
2016-04-04T12:34:35.000000;2016-04-04T12:34:35.000000;92ed568b-0a89-4599-97ee-008462025083;418.32;0.1703;UNKNOWN
2016-04-04T12:34:42.000000;2016-04-04T12:34:42.000000;ffd4ba84-1924-466a-8f2b-b0b41e08946f;418.32;0.2511;UNKNOWN
2016-04-04T12:35:09.000000;2016-04-04T12:35:09.000000;0a3bf00d-bd5d-49bf-903e-29fb357dded3;418.27;24.58;UNKNOWN
2016-04-04T12:35:21.000000;2016-04-04T12:35:21.000000;52006ff4-9c11-499d-ab55-c778dd14c0ac;418.28;50.28;UNKNOWN
2016-04-04T12:35:35.000000;2016-04-04T12:35:35.000000;c90d90e4-7987-47aa-9f7f-d2afc9acb901;418.17;4.64064041;UNKNOWN
2016-04-04T12:35:35.000000;2016-04-04T12:35:35.000000;5a6a0ea4-0dd2-4779-a7df-0cbe82dfb527;418.28;0.233;UNKNOWN
2016-04-04T12:35:35.000000;2016-04-04T12:35:35.000000;99af2c99-0089-42de-b4cb-8376454cf643;418.28;25.14;UNKNOWN
2016-04-04T12:35:35.000000;2016-04-04T12:35:35.000000;0fb6d8a1-92d2-487d-8f46-8a38e60a77ff;418.26;5.9525;UNKNOWN
2016-04-04T12:35:35.000000;2016-04-04T12:35:35.000000;30e5985a-30dd-4c59-9e50-591128d784f2;418.17;1.50985959;UNKNOWN
2016-04-04T12:35:35.000000;2016-04-04T12:35:35.000000;368164dd-fc84-46d7-825c-67e1d606efa5;418.28;0.234;UNKNOWN
2016-04-04T12:35:47.000000;2016-04-04T12:35:47.000000;061b62e5-136e-496c-b950-e401a0650bf7;418.12;13.2629;UNKNOWN
2016-04-04T12:35:47.000000;2016-04-04T12:35:47.000000;13fb95e2-8409-490a-a737-f6330375cb4f;418.11;13.9371;UNKNOWN
2016-04-04T12:35:47.000000;2016-04-04T12:35:47.000000;a7bba7a8-da8b-41ee-9d1a-e1234e758bd5;418.13;1.08;UNKNOWN
2016-04-04T12:35:55.000000;2016-04-04T12:35:55.000000;9501959a-1a62-43e4-be00-bf8e24d4c23b;418.1;3.0;UNKNOWN
2016-04-04T12:35:55.000000;2016-04-04T12:35:55.000000;73d820fc-f773-44e1-9b99-dc868d992d3a;418.02;2.98027286;UNKNOWN
2016-04-04T12:35:55.000000;2016-04-04T12:35:55.000000;0c8c0a53-ef74-47a3-9a1c-9aa1cb0ff5d2;418.02;4.64166357;UNKNOWN
2016-04-04T12:35:55.000000;2016-04-04T12:35:55.000000;bdbd6dd8-ba99-4f7c-948b-ca5ad7a18e78;418.07;4.64166357;UNKNOWN
2016-04-04T12:35:55.000000;2016-04-04T12:35:55.000000;8152f9ca-e449-4646-be85-86edf14b7cda;418.11;5.9464;UNKNOWN
2016-04-04T12:36:08.000000;2016-04-04T12:36:08.000000;ac3b4623-ab4f-4ed3-a729-aa9eab84fc7b;418.02;15.91;UNKNOWN
2016-04-04T12:36:18.000000;2016-04-04T12:36:18.000000;a3e0ac3b-13c0-4744-95e2-55e73e17b4f3;418.01;11.93;UNKNOWN
2016-04-04T12:36:27.000000;2016-04-04T12:36:27.000000;f880b32f-ce14-470c-b8da-795149730e61;418.01;8.95;UNKNOWN
2016-04-04T12:36:28.000000;2016-04-04T12:36:28.000000;eeb9cddb-8fa1-4abd-8838-f685789872fc;418.4;0.38067087;UNKNOWN
2016-04-04T12:36:30.000000;2016-04-04T12:36:30.000000;ef4209bb-78a1-49c9-a7b6-d7fcd0ed520e;418.4;1.2;UNKNOWN
2016-04-04T12:36:38.000000;2016-04-04T12:36:38.000000;78f71ed4-902a-48b0-8d77-8c8ae7034ae4;418.01;6.71;UNKNOWN
2016-04-04T12:36:44.000000;2016-04-04T12:36:44.000000;f7137265-e0af-46de-81f4-76f864cc4a04;418.01;6.71;UNKNOWN
2016-04-04T12:36:51.000000;2016-04-04T12:36:51.000000;d64c8c44-8de0-448c-bd25-c04cf3933e14;418.05;0.2374;UNKNOWN
2016-04-04T12:36:51.000000;2016-04-04T12:36:51.000000;d5aa2d50-c62a-4374-ae7d-6776a006db49;418.01;6.4726;UNKNOWN
2016-04-04T12:36:54.000000;2016-04-04T12:36:54.000000;858da72b-9683-4916-91ed-8fe91708386e;418.1;6.71;UNKNOWN
2016-04-04T12:38:27.000000;2016-04-04T12:38:27.000000;5cee1043-9c29-43d7-aee0-36b268d6121d;418.2;113.29;UNKNOWN
