time_exchange;time_coinpai;guid;price;base_amount;taker_side
2016-04-04T00:00:40.997000;2016-04-04T00:00:41.020000;ef98acdd-0392-4edf-9a8c-4d4ae682ab37;420.08;0.0269;BUY
2016-04-04T00:00:41.000000;2016-04-04T00:00:41.037000;b45bc65c-b060-49bb-b74b-3ee53f81e96c;420.08;0.0231;BUY
2016-04-04T00:01:00.800000;2016-04-04T00:01:00.817000;1cf40be5-d372-4f81-8710-b3dc3aaf7425;420.12;0.0261;SELL
2016-04-04T00:01:00.800000;2016-04-04T00:01:00.833000;8647983b-0a15-4182-a7da-67c4b43b4dc7;420.12;0.0265;SELL
2016-04-04T00:01:00.800000;2016-04-04T00:01:00.833000;daf33a63-3d1e-476d-9462-f450a1d03259;420.12;0.36261;SELL
2016-04-04T00:01:31.220000;2016-04-04T00:01:31.270000;4ad4ba37-814f-4ce1-b7fa-9bc270e9b6a4;420.12;0.0351;SELL
2016-04-04T00:01:31.220000;2016-04-04T00:01:31.270000;c908b700-b3d6-4442-a8f3-37c643db2ce3;420.12;0.0358;SELL
2016-04-04T00:01:31.220000;2016-04-04T00:01:31.287000;5691ac29-45ea-4675-b341-35260151a7e0;420.12;0.0367;SELL
2016-04-04T00:01:31.220000;2016-04-04T00:01:31.300000;f808c85d-6425-4c5f-bb78-33725abe26c1;420.12;0.0364;SELL
2016-04-04T00:01:31.220000;2016-04-04T00:01:31.300000;27527e3e-cd65-47ec-9411-db2d1bf218b2;420.12;0.0388;SELL
2016-04-04T00:01:31.220000;2016-04-04T00:01:31.300000;d0f5d0cb-dec5-469f-8561-7b828e3c10c9;420.12;0.0401;SELL
2016-04-04T00:01:31.220000;2016-04-04T00:01:31.333000;a060ea7c-832c-4d6f-a6ef-e47ce5145329;420.12;0.0406;SELL
2016-04-04T00:01:31.220000;2016-04-04T00:01:31.333000;563c51dd-bec7-4787-ba4c-4a8cc8b4d409;420.12;0.0459;SELL
2016-04-04T00:01:31.223000;2016-04-04T00:01:31.333000;880051b2-65ff-4369-b0f1-81d185eab65c;420.12;0.0448;SELL
2016-04-04T00:01:31.223000;2016-04-04T00:01:31.333000;2c66e844-c0d8-43b8-87c5-d82f4ed80fb3;420.12;0.9632;SELL
2016-04-04T00:02:00.923000;2016-04-04T00:02:00.947000;372d6549-c022-42e5-88fd-40856205dfaf;420.12;0.0412;SELL
2016-04-04T00:02:00.923000;2016-04-04T00:02:00.977000;9ff1cdf4-b618-446d-a60a-36bee5df0ee5;420.12;0.0475;SELL
2016-04-04T00:02:00.923000;2016-04-04T00:02:00.990000;00208c37-a836-4e13-a7fd-a1a8a8b1e786;420.12;0.0415;SELL
2016-04-04T00:02:00.923000;2016-04-04T00:02:00.990000;58efdde5-f5ca-4b96-932e-f08523582629;420.12;0.0452;SELL
2016-04-04T00:02:00.923000;2016-04-04T00:02:00.990000;36a2cd27-2668-470a-af74-adf34d396d3f;420.12;0.0249;SELL
2016-04-04T00:02:00.923000;2016-04-04T00:02:01.050000;cd331303-88a8-4f4b-a34e-874a46bc7fc9;420.12;0.0266;SELL
2016-04-04T00:02:00.923000;2016-04-04T00:02:01.067000;c989000a-346b-4e87-a3d8-56622120c6b6;420.12;3.208;SELL
2016-04-04T00:02:00.923000;2016-04-04T00:02:01.067000;89daa766-3660-4498-a385-5189586db5bd;420.12;0.0487;SELL
2016-04-04T00:02:00.923000;2016-04-04T00:02:01.067000;9f15c6d1-d175-475c-b6b7-1ba3e64740e1;420.12;0.27981;SELL
2016-04-04T00:03:02.023000;2016-04-04T00:03:02.037000;d004fca1-8a05-444e-bcbf-a44dde88d497;420.13;0.18853;BUY
2016-04-04T00:03:31.607000;2016-04-04T00:03:31.630000;dfccedcb-da69-4319-9ff9-2b46177fa7cc;420.13;0.15891;BUY
2016-04-04T00:04:02.900000;2016-04-04T00:04:02.910000;c6271fa3-e3a3-49f3-9593-612771446c69;420.13;0.67822481;BUY
2016-04-04T00:04:02.900000;2016-04-04T00:04:02.943000;6ba98e6c-987e-4749-8fa1-1c96a927ccf6;420.13;0.221;BUY
2016-04-04T00:04:02.900000;2016-04-04T00:04:02.943000;c8081a3a-d9e2-43de-aeec-66f341a68593;420.13;0.30077519;BUY
2016-04-04T00:04:26.437000;2016-04-04T00:04:26.473000;ca29b814-af94-4ec4-b44d-36ff1a0a8f60;420.16;0.0195;SELL
2016-04-04T00:04:30.957000;2016-04-04T00:04:30.973000;ac259168-d282-458a-9c9f-a1d1f04ac1f0;420.16;2.60123;BUY
2016-04-04T00:05:00.870000;2016-04-04T00:05:00.880000;3c34d0b5-dc8c-4194-8ea0-c910d8b49af5;420.17;0.768;BUY
2016-04-04T00:05:00.870000;2016-04-04T00:05:00.897000;46b88943-9b96-4c2c-b239-0229a597c4b8;420.17;4.47321;BUY
2016-04-04T00:05:03.547000;2016-04-04T00:05:03.583000;12698339-9abe-448c-a1b8-4ec3623a7771;420.2;0.01168569;BUY
2016-04-04T00:05:19.943000;2016-04-04T00:05:19.957000;c5edb6ff-b97a-4e05-9984-cc90927312cb;420.2;0.02;BUY
2016-04-04T00:05:31.847000;2016-04-04T00:05:31.850000;ecb6cba9-2bfb-4b22-a8ca-3590d10c8aff;420.18;2.47115;BUY
2016-04-04T00:06:00.857000;2016-04-04T00:06:00.863000;2836b5c4-f96a-4c64-8c62-548a51c5bbc2;420.2;0.09381431;BUY
2016-04-04T00:06:00.857000;2016-04-04T00:06:00.897000;ee68e493-1595-4f17-b6c8-e290daf18f7d;420.2;0.433;BUY
2016-04-04T00:06:00.857000;2016-04-04T00:06:00.910000;575ff910-1d6f-4958-89d5-dd8eaebfa68d;420.21;0.99418569;BUY
2016-04-04T00:06:31.083000;2016-04-04T00:06:31.113000;2814825e-25ef-447b-9bfa-25f9d9c12aea;420.21;0.06209431;BUY
2016-04-04T00:06:31.083000;2016-04-04T00:06:31.113000;d7affd6c-f81d-4c1e-ac57-f9d8c7045017;420.21;0.01;BUY
2016-04-04T00:06:31.083000;2016-04-04T00:06:31.113000;fa756bd7-d593-40a4-b494-82cc91e75e3b;420.21;0.082;BUY
2016-04-04T00:06:31.083000;2016-04-04T00:06:31.113000;43a4d704-5f17-469c-820d-0522b278ca84;420.22;0.02;BUY
2016-04-04T00:06:31.083000;2016-04-04T00:06:31.113000;69ce1584-4f2a-44a8-9f84-6c972fd778ee;420.22;0.05;BUY
2016-04-04T00:06:31.083000;2016-04-04T00:06:31.147000;ec0db4b7-f57e-4fc0-913f-362d3b612eb8;420.23;0.1;BUY
2016-04-04T00:06:31.083000;2016-04-04T00:06:31.147000;ff5f1941-659e-4593-aa2e-88dba5be08a4;420.24;0.01;BUY
2016-04-04T00:06:31.083000;2016-04-04T00:06:31.160000;6ce633d1-eafe-4731-aec9-b0d31f2ad1ce;420.24;0.015;BUY
2016-04-04T00:06:31.083000;2016-04-04T00:06:31.160000;57a6b87e-f706-4803-aab8-50f4b0b2eb7e;420.24;0.12212569;BUY
2016-04-04T00:07:04.147000;2016-04-04T00:07:04.230000;b0553369-b17d-4a1f-9509-f1d87ac230d7;420.25;0.01;BUY
2016-04-04T00:07:04.147000;2016-04-04T00:07:04.230000;33bbe542-5b2b-467b-8a40-d22cdfb41b0e;420.25;0.07717;BUY
2016-04-04T00:07:30.997000;2016-04-04T00:07:31.057000;90fe5b28-78c5-4915-ab07-58b3df512236;420.15;0.0212;BUY
2016-04-04T00:07:30.997000;2016-04-04T00:07:31.077000;311ac447-40f5-4489-9433-a7222b9590df;420.15;0.128;BUY
2016-04-04T00:07:30.997000;2016-04-04T00:07:31.077000;c5452bcd-8fd6-44f0-8689-ba2e1fdf9a11;420.15;0.0305;BUY
2016-04-04T00:07:30.997000;2016-04-04T00:07:31.107000;685756e0-9217-4b6c-b704-caaf227cc51c;420.15;0.0296;BUY
2016-04-04T00:07:30.997000;2016-04-04T00:07:31.107000;0d58e8ab-8278-4693-8fbf-227246a93568;420.15;0.0223;BUY
2016-04-04T00:07:30.997000;2016-04-04T00:07:31.107000;9e8202b7-9fed-4f56-94f0-6fc2627b1b70;420.15;0.03;BUY
2016-04-04T00:07:30.997000;2016-04-04T00:07:31.140000;a04e83fb-b4f7-4450-991f-e911b40b0d0a;420.15;0.0221;BUY
2016-04-04T00:07:30.997000;2016-04-04T00:07:31.140000;96d397d5-8d5d-4cbc-baba-2901a189fcb1;420.15;0.0205;BUY
2016-04-04T00:07:30.997000;2016-04-04T00:07:31.140000;1cb8bd80-2c1c-432a-bdd9-7152dd581e7e;420.15;0.0172;BUY
2016-04-04T00:07:30.997000;2016-04-04T00:07:31.140000;1c84fa20-3696-4a42-98ba-d796ba42bd09;420.17;0.0201;BUY
2016-04-04T00:07:30.997000;2016-04-04T00:07:31.140000;7a18c807-e173-46b4-aa4e-183f5fdd5934;420.19;0.02;BUY
2016-04-04T00:07:30.997000;2016-04-04T00:07:31.140000;3ece5655-2a32-4a1f-a417-63304aad7311;420.19;0.05;BUY
2016-04-04T00:07:31.000000;2016-04-04T00:07:31.140000;df71d348-6037-4e2a-894f-23518e979f4e;420.2;0.079;BUY
2016-04-04T00:07:31.000000;2016-04-04T00:07:31.140000;4143fde4-6961-4326-910a-7345d8b529f7;420.21;0.0205;BUY
2016-04-04T00:07:31.000000;2016-04-04T00:07:31.140000;755fe23f-1d5a-4a0a-bda9-cc1f0d0f1865;420.21;0.015;BUY
2016-04-04T00:07:31.000000;2016-04-04T00:07:31.150000;010bb6e1-aadb-41f1-989a-be91fe52fe4b;420.23;0.0183;BUY
2016-04-04T00:07:31.000000;2016-04-04T00:07:31.150000;6b12fcf6-703b-45a7-baa5-58387e039fa1;420.23;0.3;BUY
2016-04-04T00:07:31.000000;2016-04-04T00:07:31.150000;98a35f63-72eb-494d-9598-fd6b07cdf482;420.25;0.12283;BUY
2016-04-04T00:07:31.000000;2016-04-04T00:07:31.150000;e0de99b3-99f6-48c9-b016-0e4138153a22;420.25;0.113;BUY
2016-04-04T00:07:31.000000;2016-04-04T00:07:31.150000;2e5ff375-390d-43fa-8031-04dd01825462;420.26;0.01;BUY
2016-04-04T00:07:31.000000;2016-04-04T00:07:31.170000;6d465ef3-6a8a-4cd4-b41d-5d6eeaf1d89c;420.28;1.2834;BUY
2016-04-04T00:08:01.130000;2016-04-04T00:08:01.183000;c65eba2a-8919-4f1e-9133-5f1736c6455b;420.14;0.0296;BUY
2016-04-04T00:08:01.130000;2016-04-04T00:08:01.197000;2d89cd70-bc91-41b8-9ee0-8c5e204e46f6;420.14;0.072;BUY
2016-04-04T00:08:01.130000;2016-04-04T00:08:01.230000;07ff8d39-2371-41da-ae26-75e33fb7e64d;420.16;0.024;BUY
2016-04-04T00:08:01.130000;2016-04-04T00:08:01.230000;ae4625fb-96c0-427f-8110-ce790301602f;420.17;0.05;BUY
2016-04-04T00:08:01.130000;2016-04-04T00:08:01.230000;5d6b32b9-dee6-4679-a1f0-4f6be3cf8e51;420.18;0.0228;BUY
2016-04-04T00:08:01.130000;2016-04-04T00:08:01.290000;9e18e36f-415b-413a-8b56-d35eb314963d;420.2;0.0235;BUY
2016-04-04T00:08:01.130000;2016-04-04T00:08:01.290000;a44e022c-c50e-4196-99c7-6557bcc87a55;420.2;0.097;BUY
2016-04-04T00:08:01.130000;2016-04-04T00:08:01.290000;4006e95e-bc6e-4483-8ccd-063f43f60fd0;420.22;0.0167;BUY
2016-04-04T00:08:01.130000;2016-04-04T00:08:01.290000;78d5adb8-73df-46bf-a554-b6ae09248dbc;420.24;0.0175;BUY
2016-04-04T00:08:01.130000;2016-04-04T00:08:01.290000;b866543b-48f2-4d4d-9134-b47a86b4fe53;420.25;0.01;BUY
2016-04-04T00:08:01.130000;2016-04-04T00:08:01.290000;6e2fb17a-03eb-46d6-841b-fc75104b5308;420.28;0.27912;BUY
2016-04-04T00:08:30.897000;2016-04-04T00:08:30.947000;1eb9905c-9973-40ce-b0b6-a1e1720f43c5;420.14;0.0325;BUY
2016-04-04T00:08:30.897000;2016-04-04T00:08:30.963000;4a759935-592a-4de6-8dd1-11ff32300b70;420.14;0.0322;BUY
2016-04-04T00:08:30.897000;2016-04-04T00:08:30.993000;6dab469b-937e-44c2-9339-c1062c8cc8d4;420.14;0.0347;BUY
2016-04-04T00:08:30.897000;2016-04-04T00:08:30.993000;cfe4bbe0-d2f9-44e1-b5ee-e5300c2e4aad;420.14;0.0352;BUY
2016-04-04T00:08:30.897000;2016-04-04T00:08:30.993000;ef75d62c-2392-43f0-bd1b-6a326c7d734a;420.14;0.0343;BUY
2016-04-04T00:08:30.897000;2016-04-04T00:08:31.057000;cc294ce2-fb44-486b-b91e-e88475c73f75;420.14;0.0356;BUY
2016-04-04T00:08:30.897000;2016-04-04T00:08:31.057000;57fe170d-4cec-4ac2-b895-0d773fe87095;420.14;0.0294;BUY
2016-04-04T00:08:30.897000;2016-04-04T00:08:31.057000;6f6d540d-1507-471f-9ec2-59da902597e0;420.14;0.0017;BUY
2016-04-04T00:09:00.927000;2016-04-04T00:09:01.010000;6cd5d52a-5ca3-4475-8f2e-d4aa614ece0b;420.13;0.01;SELL
2016-04-04T00:09:00.927000;2016-04-04T00:09:01.010000;8a557576-4e01-4184-a67c-51f66d9cfbe2;420.13;0.073;SELL
2016-04-04T00:09:00.927000;2016-04-04T00:09:01.027000;648fb63d-a6b3-4262-b979-28cb618f80ca;420.12;0.01;SELL
2016-04-04T00:09:00.927000;2016-04-04T00:09:01.027000;b79f6723-2506-4369-9671-c42beacca856;420.12;0.14;SELL
2016-04-04T00:09:00.927000;2016-04-04T00:09:01.027000;ee965734-8ba2-4609-9bf4-bbb1a3fd687d;420.11;0.015;SELL
2016-04-04T00:09:00.927000;2016-04-04T00:09:01.027000;bb9bd4e8-b696-4ef3-9795-d384ad7c96cd;420.11;0.0458;SELL
2016-04-04T00:09:31.913000;2016-04-04T00:09:31.963000;b8726aa0-5348-4ad7-9cba-ab5fb5a4673e;420.14;0.25631;SELL
2016-04-04T00:10:00.607000;2016-04-04T00:10:00.650000;67a68e95-2d39-460d-87ee-b06e69e356f3;420.18;0.01;BUY
2016-04-04T00:10:00.607000;2016-04-04T00:10:00.683000;fbd89fa3-d8a6-43ed-9134-8244e8b3ae0f;420.18;0.07368569;BUY
2016-04-04T00:10:01.007000;2016-04-04T00:10:01.090000;236d8fca-6d0c-4cab-8976-b5d0f6142fd5;420.13;0.02437;SELL
2016-04-04T00:10:30.933000;2016-04-04T00:10:30.980000;ad6de5da-ef9d-46dd-a132-040494887479;420.23;0.01;BUY
2016-04-04T00:10:30.933000;2016-04-04T00:10:31.010000;79677d43-2d8d-420e-9f7a-4b6d7caae5a0;420.25;0.01;BUY
2016-04-04T00:10:30.933000;2016-04-04T00:10:31.010000;366282d6-68e6-463e-86d4-944c4eaa570e;420.25;0.107;BUY
2016-04-04T00:10:30.933000;2016-04-04T00:10:31.010000;8ea105df-1983-4698-8249-3f25a9aef7c2;420.29;0.01;BUY
2016-04-04T00:10:30.933000;2016-04-04T00:10:31.010000;d8b3ecf6-e5f6-4b85-8573-83f7f5d2142f;420.3;0.19231;BUY
2016-04-04T00:10:33.903000;2016-04-04T00:10:33.980000;1f10f523-87b3-4c45-a895-7c8b0e5131e2;420.29;0.08;BUY
2016-04-04T00:11:00.883000;2016-04-04T00:11:00.933000;b6841c47-fa5a-4911-adfd-ab47f96f4afd;420.17;0.01;SELL
2016-04-04T00:11:00.887000;2016-04-04T00:11:00.963000;13cb5166-d827-4d56-92f7-09cb7bf8d54c;420.16;0.22682;SELL
2016-04-04T00:11:30.987000;2016-04-04T00:11:31.040000;1a8f728f-cb95-43ca-840c-3670b922323c;420.22;0.0165;BUY
2016-04-04T00:11:30.987000;2016-04-04T00:11:31.040000;ca5edaea-fb2f-42e5-a142-2b6934b5ceb6;420.22;0.06594;BUY
2016-04-04T00:12:01.007000;2016-04-04T00:12:01.060000;d59b8fa4-4463-4ac5-8b2c-80b22ad77620;420.23;0.01;BUY
2016-04-04T00:12:01.010000;2016-04-04T00:12:01.090000;91e482f7-9dbb-44e0-9abf-a4ecfb072785;420.24;0.115;BUY
2016-04-04T00:12:01.010000;2016-04-04T00:12:01.103000;ce6fce3f-0ffd-4446-b911-de8c7d8c79e5;420.25;0.01;BUY
2016-04-04T00:12:01.010000;2016-04-04T00:12:01.103000;c45f9cd2-019c-4ecd-88aa-e102e6424862;420.28;0.34;BUY
2016-04-04T00:12:01.010000;2016-04-04T00:12:01.103000;6ff939e3-a075-4ac6-bd82-d272a61afe02;420.29;0.09037;BUY
2016-04-04T00:12:14.420000;2016-04-04T00:12:14.483000;2fe13529-06d4-44c9-b585-fe71ec59e196;420.24;0.244;BUY
2016-04-04T00:12:14.420000;2016-04-04T00:12:14.483000;171a8083-9ba4-4a01-95fe-15a1a01aaec0;420.27;0.016;BUY
2016-04-04T00:13:00.997000;2016-04-04T00:13:01.073000;cc1aab78-4314-4349-a527-13b3742f9791;420.29;0.015;BUY
2016-04-04T00:13:00.997000;2016-04-04T00:13:01.073000;a109a227-310e-41d5-af57-0124258e93b0;420.29;0.11205;BUY
2016-04-04T00:13:31.120000;2016-04-04T00:13:31.183000;124496c8-1b92-427d-acaa-ca97b2b690e2;420.3;0.00769;BUY
2016-04-04T00:13:31.120000;2016-04-04T00:13:31.183000;010cd85b-c1b8-44c0-9785-2f33a4dd9461;420.3;0.01;BUY
2016-04-04T00:13:31.120000;2016-04-04T00:13:31.183000;142fb6dc-da1b-42e0-9d7d-0bf23a1eef9b;420.3;0.05;BUY
2016-04-04T00:13:31.120000;2016-04-04T00:13:31.197000;a02d38f1-f585-41f5-bde1-f15db6cc619e;420.3;0.074;BUY
2016-04-04T00:13:31.120000;2016-04-04T00:13:31.197000;0bf7f174-0b1b-4a03-8eef-f621a0a175c0;420.31;0.32063;BUY
2016-04-04T00:14:01.023000;2016-04-04T00:14:01.073000;59953ec0-79b1-414e-81f4-1270a6545e8e;420.18;0.01;SELL
2016-04-04T00:14:01.023000;2016-04-04T00:14:01.090000;afea4bcf-870a-4c6f-9b0b-fffb7e2d8bcf;420.16;0.1;SELL
2016-04-04T00:14:01.023000;2016-04-04T00:14:01.090000;ca332426-3105-4bc2-bc6f-d95789c14b05;420.16;0.018;SELL
2016-04-04T00:14:01.027000;2016-04-04T00:14:01.110000;4ed5f80a-a3f0-4d9b-867d-d4877da0618d;420.16;0.02487;SELL
2016-04-04T00:14:31.173000;2016-04-04T00:14:31.247000;0c4c37b4-1487-4520-8353-fcb592dba496;420.16;0.05;SELL
2016-04-04T00:14:31.173000;2016-04-04T00:14:31.247000;30200fb2-20e8-4530-856a-811cbfb3207c;420.13;0.01;SELL
2016-04-04T00:14:31.173000;2016-04-04T00:14:31.247000;0feb2688-421a-4edb-8809-9b264c5668c9;420.13;0.05;SELL
2016-04-04T00:14:31.173000;2016-04-04T00:14:31.260000;56776ed4-4a69-4eaa-8902-6f6b72c90dcd;420.11;0.018;SELL
2016-04-04T00:14:31.173000;2016-04-04T00:14:31.260000;38eba9e6-5c79-4373-9fff-012c3c16af6c;420.1;0.01;SELL
2016-04-04T00:14:31.173000;2016-04-04T00:14:31.260000;9361cf03-657c-476d-8fec-8382b3eb70b9;420.1;0.05;SELL
2016-04-04T00:14:31.173000;2016-04-04T00:14:31.260000;127aebd3-48e1-4291-9eb6-671432f49bc0;420.08;0.312;SELL
2016-04-04T00:15:01.260000;2016-04-04T00:15:01.307000;d739c54f-1b5d-4bd6-af96-87bd1927f014;420.24;0.05;BUY
2016-04-04T00:15:01.260000;2016-04-04T00:15:01.307000;35fbb373-3402-49fb-bfb1-cf52cdae7baa;420.25;0.01;BUY
2016-04-04T00:15:01.260000;2016-04-04T00:15:01.323000;08858f70-cdd0-459e-9446-f49ab3f9c14e;420.25;0.05;BUY
2016-04-04T00:15:01.260000;2016-04-04T00:15:01.323000;f86531df-d519-4884-82d5-e611866e09b2;420.27;0.05646912;BUY
2016-04-04T00:15:01.260000;2016-04-04T00:15:01.323000;cbf213ca-95a3-496c-8d2b-210b2e120549;420.27;0.23404088;BUY
2016-04-04T00:15:31.450000;2016-04-04T00:15:31.493000;f595737f-defc-4d04-81e1-a4bc2f1633b6;420.29;0.05;BUY
2016-04-04T00:15:31.453000;2016-04-04T00:15:31.510000;b55adea7-e82a-4456-9de6-57c57c8cb744;420.29;0.17;BUY
2016-04-04T00:15:31.453000;2016-04-04T00:15:31.510000;7dbebf45-fd08-48a6-8910-0a9d8028cf43;420.3;0.01;BUY
2016-04-04T00:15:31.453000;2016-04-04T00:15:31.510000;efe1bddd-2e5b-4671-85e7-d0a9db53dbb5;420.3;1.04971;BUY
2016-04-04T00:15:39.360000;2016-04-04T00:15:39.417000;08b76c44-d8c6-4d3b-b778-efc313315e51;420.29;0.024575;BUY
2016-04-04T00:15:39.467000;2016-04-04T00:15:39.510000;c7f8fba0-a36c-4a86-8ea6-a3eb3fe5dd8c;420.28;0.05;BUY
2016-04-04T00:15:39.467000;2016-04-04T00:15:39.543000;d64ee886-c1ca-4a8a-a402-b4a82073c8e3;420.29;0.1;BUY
2016-04-04T00:15:39.480000;2016-04-04T00:15:39.543000;b1c7066c-b05c-4c5d-a414-32b149d532e2;420.29;0.155425;BUY
2016-04-04T00:15:44.407000;2016-04-04T00:15:44.480000;f201dbcb-e857-46e4-bac3-956e4dadd139;420.16;0.01;SELL
2016-04-04T00:15:44.407000;2016-04-04T00:15:44.480000;3be9fde7-1900-4076-8435-f80c33d6f203;420.16;0.1195;SELL
2016-04-04T00:16:02.687000;2016-04-04T00:16:02.730000;efd16201-0f7f-4464-8eb3-a8860cfb7608;420.28;0.0236;SELL
2016-04-04T00:16:02.690000;2016-04-04T00:16:02.743000;4266b5fd-0e6f-4d10-ba1f-dc9c6a8d469d;420.26;0.0227;SELL
2016-04-04T00:16:02.690000;2016-04-04T00:16:02.743000;293a4db3-a97c-4109-9df7-1dca708b7b57;420.24;0.0224;SELL
2016-04-04T00:16:02.690000;2016-04-04T00:16:02.760000;cb54f9ea-ee6a-4f55-9fae-95498d916a51;420.22;0.0225;SELL
2016-04-04T00:16:02.690000;2016-04-04T00:16:02.760000;d3b563eb-baed-493b-9681-54088e0373c8;420.21;0.129;SELL
2016-04-04T00:16:02.690000;2016-04-04T00:16:02.827000;8995aac4-532a-4763-bf94-1bfccfe05334;420.2;0.0222;SELL
2016-04-04T00:16:02.690000;2016-04-04T00:16:02.827000;8cff3fb1-a2dd-47c5-bb47-203d2aa13505;420.2;0.015;SELL
2016-04-04T00:16:02.690000;2016-04-04T00:16:02.827000;309c1b5c-7575-4415-ae04-08ba9f215ad0;420.18;0.0224;SELL
2016-04-04T00:16:02.690000;2016-04-04T00:16:02.827000;a61a0c05-0a8d-4bcb-a5e6-a9ac17cc3c96;420.17;0.05;SELL
2016-04-04T00:16:02.690000;2016-04-04T00:16:02.827000;4806de15-6e8d-4c5a-ab11-33556ba19923;420.16;4.31458;SELL
2016-04-04T00:17:00.940000;2016-04-04T00:17:00.980000;b97d8e5d-22b9-46b8-b602-6729dffd78a0;420.3;0.01;BUY
2016-04-04T00:17:00.940000;2016-04-04T00:17:00.993000;8f4632d1-9595-4e86-baf5-011e30bdb1ae;420.3;0.105;BUY
2016-04-04T00:17:00.940000;2016-04-04T00:17:00.993000;e17f3a25-6e02-4804-bc30-47685f4a411c;420.32;0.15484;BUY
2016-04-04T00:17:31.973000;2016-04-04T00:17:32.010000;da826a68-2a1b-4da9-9341-416bef9a85d1;420.28;0.08368;BUY
2016-04-04T00:18:00.983000;2016-04-04T00:18:01.013000;118651e1-a1da-4d5c-969c-85da664964f4;420.29;0.601;BUY
2016-04-04T00:18:00.983000;2016-04-04T00:18:01.043000;2e7429a2-0d42-4a37-8342-a1b5ff44d626;420.3;7.10921;BUY
2016-04-04T00:18:00.983000;2016-04-04T00:18:01.043000;8540b48f-a6a4-4041-85dc-72f75a05fcf9;420.32;2.24233;BUY
2016-04-04T00:18:31.210000;2016-04-04T00:18:31.243000;34d16bb8-0797-4d23-a86e-6d59586b218f;420.21;0.01;SELL
2016-04-04T00:18:31.210000;2016-04-04T00:18:31.243000;77664c69-179f-49d4-9c56-5f72221ccd1d;420.2;0.01;SELL
2016-04-04T00:18:31.210000;2016-04-04T00:18:31.243000;0d848af3-68af-4d1a-9aff-e8cae4b60f02;420.2;0.15;SELL
2016-04-04T00:18:31.210000;2016-04-04T00:18:31.277000;72607002-a023-45c5-848d-6dde79814f02;420.2;0.05;SELL
2016-04-04T00:18:31.210000;2016-04-04T00:18:31.277000;fa6aa69f-e601-4e91-a787-b9f0d6f4487e;420.16;0.018;SELL
2016-04-04T00:18:31.210000;2016-04-04T00:18:31.277000;9ff4e8ce-78e6-41fd-b27a-d01398bed837;420.15;0.00224;SELL
2016-04-04T00:19:01.653000;2016-04-04T00:19:01.697000;e8ecad23-460a-4be7-ab0f-b14f0a4bf832;420.18;0.01308;SELL
2016-04-04T00:19:31.350000;2016-04-04T00:19:31.387000;7d724217-ac04-4335-8014-af747ff94267;420.22;0.26;BUY
2016-04-04T00:19:31.350000;2016-04-04T00:19:31.387000;0ae437e5-d485-4835-844f-a4c897f39313;420.22;0.05;BUY
2016-04-04T00:19:31.350000;2016-04-04T00:19:31.400000;1e7d44f8-7409-4fd4-a7ec-116e59b50b99;420.25;0.01;BUY
2016-04-04T00:19:31.350000;2016-04-04T00:19:31.433000;1dcc7ecb-d914-4a87-bc7e-4c3e4dbba535;420.25;0.108;BUY
2016-04-04T00:19:31.350000;2016-04-04T00:19:31.433000;6f46bfd9-d8d3-486a-be37-e7ef8740a678;420.29;0.64338;BUY
2016-04-04T00:20:01.843000;2016-04-04T00:20:01.887000;122d0ae0-b23a-4e0b-9901-919d5c3e5ecd;420.22;0.0165;BUY
2016-04-04T00:20:01.847000;2016-04-04T00:20:01.887000;e05bb4be-6491-4176-b69a-de9f8013b367;420.24;0.0175;BUY
2016-04-04T00:20:01.847000;2016-04-04T00:20:01.887000;5df94daa-0914-4039-ad4e-ffc1b2b44cb4;420.25;0.05;BUY
2016-04-04T00:20:01.847000;2016-04-04T00:20:01.887000;7b8dd596-a272-45be-bd96-23c864486383;420.25;0.05;BUY
2016-04-04T00:20:01.847000;2016-04-04T00:20:01.917000;7dc59dab-b40c-42d7-9ab5-15490205c658;420.26;0.0226;BUY
2016-04-04T00:20:01.847000;2016-04-04T00:20:01.933000;6d878f62-584d-4afb-879d-a2d675af98a2;420.26;0.106;BUY
2016-04-04T00:20:01.847000;2016-04-04T00:20:01.933000;9aa392b1-41ce-4da3-ad52-f704b5d0503d;420.28;0.0245;BUY
2016-04-04T00:20:01.847000;2016-04-04T00:20:01.933000;51ef67bb-6b80-4ea7-ab44-7d6797226d9e;420.3;0.01;BUY
2016-04-04T00:20:01.847000;2016-04-04T00:20:01.963000;dee87bf5-6ac5-4081-9c30-0b5c1eb57249;420.32;0.8929;BUY
2016-04-04T00:20:33.563000;2016-04-04T00:20:33.603000;65cf28dc-ed57-4fb3-8239-8e5b35b4c0b4;420.21;0.0183;BUY
2016-04-04T00:20:33.563000;2016-04-04T00:20:33.603000;533f3aa8-4c7e-484f-b977-a20435f61f80;420.21;0.0246;BUY
2016-04-04T00:20:33.563000;2016-04-04T00:20:33.620000;f132da59-45f7-4ded-8d93-84a905c0e75a;420.25;0.113;BUY
2016-04-04T00:20:33.563000;2016-04-04T00:20:33.620000;a49c586f-a0f3-4a85-b62f-0be21c2ce918;420.26;0.0173;BUY
2016-04-04T00:20:33.563000;2016-04-04T00:20:33.620000;b6467c34-4432-4934-bcb6-8894b32361e4;420.28;0.0193;BUY
2016-04-04T00:20:33.563000;2016-04-04T00:20:33.640000;a36ba722-8e05-4522-bfec-4a32e9332f49;420.32;0.56795;BUY
2016-04-04T00:21:32.610000;2016-04-04T00:21:32.637000;038a96e7-d7ce-4340-b451-f5ae3e7937e1;420.22;0.2269;BUY
2016-04-04T00:21:32.837000;2016-04-04T00:21:32.870000;57902db2-4cf1-4e93-bc28-149edec1263f;420.2;0.05;SELL
2016-04-04T00:21:34.817000;2016-04-04T00:21:34.853000;d4e86823-cb8f-400b-bfe7-ebea17d5aa03;420.2;0.2;SELL
2016-04-04T00:21:34.820000;2016-04-04T00:21:34.853000;8645b7ca-259c-4388-80c4-58a407b7441f;420.2;0.05;BUY
2016-04-04T00:21:39.510000;2016-04-04T00:21:39.557000;7addb498-8d61-4a78-be71-5cfbd616db97;420.2;0.0302;BUY
2016-04-04T00:22:03.083000;2016-04-04T00:22:03.163000;45694021-bf46-4a6e-b70b-bba91c5a7cee;420.21;2.30915;BUY
2016-04-04T00:23:31.043000;2016-04-04T00:23:31.087000;8333bf39-39e8-40e7-986b-fd26c98bed60;420.2;0.01;SELL
2016-04-04T00:23:31.043000;2016-04-04T00:23:31.100000;a8541324-b680-4822-bfd9-7ed68544cd1e;420.2;0.605;SELL
2016-04-04T00:23:31.043000;2016-04-04T00:23:31.100000;f628274f-91f7-40fd-80cd-0fbc69c4c680;420.2;0.58907;SELL
2016-04-04T00:24:01.353000;2016-04-04T00:24:01.397000;b74ded4c-2b4f-4730-9fb0-49db56040aa4;420.21;0.19085;BUY
2016-04-04T00:24:01.353000;2016-04-04T00:24:01.410000;b22da511-d6a0-4ed1-842b-8a9cce11a75b;420.21;0.05;BUY
2016-04-04T00:24:01.353000;2016-04-04T00:24:01.410000;2d7376d6-bbe8-498d-93ec-fcfbe4b250fd;420.23;0.2;BUY
2016-04-04T00:24:01.353000;2016-04-04T00:24:01.410000;2d4d58b0-f248-49d1-b4c1-9bd7bc5ba34a;420.25;0.01;BUY
2016-04-04T00:24:01.353000;2016-04-04T00:24:01.443000;e8cd293c-5600-49a9-ba24-9c6dfc1bd3cb;420.27;0.084;BUY
2016-04-04T00:24:01.353000;2016-04-04T00:24:01.507000;4e136ab0-5b6b-4480-9891-3e00cc3cbd72;420.3;0.01;BUY
2016-04-04T00:24:01.353000;2016-04-04T00:24:01.507000;1b21d655-0c7a-4e85-93a0-57a048bc3d19;420.31;0.02;BUY
2016-04-04T00:24:01.357000;2016-04-04T00:24:01.507000;badced8e-1413-4022-8c6b-06102465c886;420.31;0.015;BUY
2016-04-04T00:24:01.357000;2016-04-04T00:24:01.507000;7705daf1-a138-4b87-bcf9-a71af38959b9;420.32;1.2918;BUY
2016-04-04T00:24:31.107000;2016-04-04T00:24:31.147000;db0539f3-d447-4b8a-a9f7-5ff3c32d47d4;420.31;0.02;BUY
2016-04-04T00:24:31.107000;2016-04-04T00:24:31.147000;6cfdd50d-9cb0-4268-8f7d-cfb93d486afe;420.31;0.613;BUY
2016-04-04T00:24:31.107000;2016-04-04T00:24:31.147000;09b73058-03d4-494d-9574-04db7b05f573;420.31;0.018;BUY
2016-04-04T00:24:31.107000;2016-04-04T00:24:31.240000;8101d255-bf4f-432d-9008-ef63041bbf73;420.32;0.1235;BUY
2016-04-04T00:25:01.140000;2016-04-04T00:25:01.177000;3ea0dda1-4525-405c-a422-db11ba77a847;420.31;0.02;BUY
2016-04-04T00:25:01.140000;2016-04-04T00:25:01.193000;7a653be3-e63c-4451-9b02-b70a8549fc21;420.31;0.38253;BUY
2016-04-04T00:25:31.283000;2016-04-04T00:25:31.333000;46a5436c-c4e3-4045-bbd6-cc342612335e;420.29;0.0187;BUY
2016-04-04T00:25:31.287000;2016-04-04T00:25:31.350000;bdde92fc-8d26-4aa7-9b65-ef380545c7d0;420.3;0.05;BUY
2016-04-04T00:25:31.287000;2016-04-04T00:25:31.363000;09678ec8-cb0d-419b-a912-5d71b306d73d;420.31;0.02;BUY
2016-04-04T00:25:31.287000;2016-04-04T00:25:31.380000;bb8e113c-9109-4a68-a52f-a291722c87f1;420.31;0.015;BUY
2016-04-04T00:25:31.287000;2016-04-04T00:25:31.380000;e29cc3c5-fa60-4ab6-b7d3-9419404f3ddc;420.31;0.05;BUY
2016-04-04T00:25:31.287000;2016-04-04T00:25:31.380000;eda58298-c650-4cab-9721-e33903830037;420.32;0.19548;BUY
2016-04-04T00:26:01.147000;2016-04-04T00:26:01.177000;25444826-3d6b-486e-86f0-540a0ad78996;420.31;0.02;BUY
2016-04-04T00:26:01.147000;2016-04-04T00:26:01.193000;9f519d7c-f6ff-4d9d-81ed-ce996583dc17;420.31;0.586;BUY
2016-04-04T00:26:01.147000;2016-04-04T00:26:01.193000;435ea5ac-0e00-404d-93ea-4e0c0a6745ae;420.31;0.015;BUY
2016-04-04T00:26:01.147000;2016-04-04T00:26:01.193000;d6edfdb8-cfbd-4154-82d5-5598425b2441;420.32;0.48473;BUY
2016-04-04T00:26:31.157000;2016-04-04T00:26:31.193000;a20c901a-261c-46fa-856b-88593aca2628;420.23;0.01;SELL
2016-04-04T00:26:31.157000;2016-04-04T00:26:31.210000;5ed798b8-45e2-471d-a10f-be1e2a904dee;420.22;0.015;SELL
2016-04-04T00:26:31.157000;2016-04-04T00:26:31.210000;9485f1b3-80b6-4a86-9153-9994fd3a6436;420.22;0.05;SELL
2016-04-04T00:26:31.157000;2016-04-04T00:26:31.210000;c44924ed-008a-44b4-aef3-f15436621d32;420.2;0.01;SELL
2016-04-04T00:26:31.157000;2016-04-04T00:26:31.223000;efecd343-4110-43d1-987d-ca0096d2bb4c;420.2;0.13955;SELL
2016-04-04T00:27:01.783000;2016-04-04T00:27:01.817000;72be0550-d924-45e3-ab9b-5c4c2cb9f6a8;420.27;0.01;BUY
2016-04-04T00:27:01.783000;2016-04-04T00:27:01.833000;562eb50d-67fd-4554-bd31-751fe27f5ad1;420.3;0.01;BUY
2016-04-04T00:27:01.783000;2016-04-04T00:27:01.833000;e0267580-82a4-420c-9118-772bbb5c9fbb;420.32;2.79263;BUY
2016-04-04T00:27:31.447000;2016-04-04T00:27:31.537000;a3b1eb3c-b85a-4618-b94f-b2c8d5fe28da;420.31;0.511;BUY
2016-04-04T00:27:31.447000;2016-04-04T00:27:31.537000;e243d16c-92eb-44d9-8498-3adddd58968a;420.32;1.37444;BUY
2016-04-04T00:28:01.657000;2016-04-04T00:28:01.693000;b79cd647-e0aa-4cfb-828c-14034ddcfee7;420.26;0.0169;BUY
2016-04-04T00:28:01.657000;2016-04-04T00:28:01.693000;48608bcf-8179-43ef-8429-e28945f87a37;420.26;0.018;BUY
2016-04-04T00:28:01.660000;2016-04-04T00:28:01.710000;47c33787-fd13-487d-8d97-fac12b766c2f;420.27;0.0172;BUY
2016-04-04T00:28:01.660000;2016-04-04T00:28:01.710000;45a7d28c-0b77-49f0-9852-f3d698d8460a;420.29;0.0164;BUY
2016-04-04T00:28:01.660000;2016-04-04T00:28:01.710000;464f915f-6a8c-40de-bc8f-de366f499d4a;420.29;0.05;BUY
2016-04-04T00:28:01.660000;2016-04-04T00:28:01.710000;950aa8b1-89c3-47db-bd0e-2122959f5375;420.31;0.32884;BUY
2016-04-04T00:28:31.453000;2016-04-04T00:28:31.507000;6c8ebf0d-5b98-462a-9e32-0c1160038467;420.24;0.0248;BUY
2016-04-04T00:28:31.453000;2016-04-04T00:28:31.507000;98199456-dd9d-4627-bfa4-126d42df1a57;420.24;0.0287;BUY
2016-04-04T00:28:31.453000;2016-04-04T00:28:31.507000;7c263f7a-45e1-41d6-8195-89bd06827546;420.24;0.0212;BUY
2016-04-04T00:28:31.453000;2016-04-04T00:28:31.520000;04837c5e-c966-468b-ba78-54525bf811de;420.26;0.018;BUY
2016-04-04T00:28:31.453000;2016-04-04T00:28:31.537000;a9c8122f-3b38-42b8-b67f-8abd4613b2c6;420.26;0.024;BUY
2016-04-04T00:28:31.453000;2016-04-04T00:28:31.583000;dc09e9ef-e3d8-4aa0-9661-5f0404dce690;420.26;0.022;BUY
2016-04-04T00:28:31.453000;2016-04-04T00:28:31.630000;699a54fa-c4c8-47eb-bbb9-5b90ab18d9e0;420.26;0.0228;BUY
2016-04-04T00:28:31.453000;2016-04-04T00:28:31.710000;82ab2320-440b-43ab-8753-d563a654f3d5;420.26;0.018;BUY
2016-04-04T00:28:31.453000;2016-04-04T00:28:31.710000;26975833-7b6c-4c25-bb5f-e03aaa8944ae;420.26;0.0223;BUY
2016-04-04T00:28:31.453000;2016-04-04T00:28:31.710000;cb454dd2-46bb-45ff-9d6c-61b4bad74ebd;420.26;0.0227;BUY
2016-04-04T00:28:31.453000;2016-04-04T00:28:31.710000;a9a43e1e-374c-4322-8fcd-07cc28d4ea40;420.26;0.0211;BUY
2016-04-04T00:28:31.453000;2016-04-04T00:28:31.710000;f1584a9b-d403-4b7d-9f21-31c80523cb5a;420.26;0.0257;BUY
2016-04-04T00:28:31.457000;2016-04-04T00:28:31.710000;f5229f99-39b0-4bfa-961c-829e7e4f6caa;420.26;0.0251;BUY
2016-04-04T00:28:31.457000;2016-04-04T00:28:31.710000;16bb5b40-e487-4ab6-b643-e0aebddefecc;420.26;0.0223;BUY
2016-04-04T00:28:31.457000;2016-04-04T00:28:31.710000;66b86860-798c-46b1-b610-53d8ce7b793e;420.26;0.0232;BUY
2016-04-04T00:28:31.457000;2016-04-04T00:28:31.710000;60949cce-b2a0-4d42-9f43-2625ffbe181b;420.27;0.106;BUY
2016-04-04T00:28:31.457000;2016-04-04T00:28:31.710000;6c1d5938-ba26-4399-850f-5e4a99d0b36e;420.31;0.28108;BUY
2016-04-04T00:28:57.463000;2016-04-04T00:28:57.510000;8f94a02e-a24d-4f73-b884-e0b5fcf6311b;420.31;0.0572;BUY
2016-04-04T00:29:05.253000;2016-04-04T00:29:05.287000;5610742c-376f-49af-81a2-50708a54f781;420.24;0.01;SELL
2016-04-04T00:29:05.253000;2016-04-04T00:29:05.303000;9917e6d0-9152-4a73-9f2f-ba63fc864bce;420.23;0.05;SELL
2016-04-04T00:29:05.253000;2016-04-04T00:29:05.303000;ba5b1213-d594-4182-be53-6e80f0d2ad70;420.22;0.015;SELL
2016-04-04T00:29:05.257000;2016-04-04T00:29:05.303000;0727ea53-8095-4abf-94ff-3a30544b99a0;420.22;0.05;SELL
2016-04-04T00:29:05.257000;2016-04-04T00:29:05.317000;baa60931-33b9-41f7-bdd9-a1bfce229c70;420.2;0.01;SELL
2016-04-04T00:29:05.257000;2016-04-04T00:29:05.317000;4154d138-015e-42d4-9c60-384da7b475d1;420.2;0.0115;SELL
2016-04-04T00:29:05.257000;2016-04-04T00:29:05.317000;4e9e98a5-cf40-4997-9924-7ccd3d90037f;420.2;0.00665;SELL
2016-04-04T00:29:31.283000;2016-04-04T00:29:31.317000;e4abf032-dbbc-47e4-81a6-974ce70ba18c;420.29;0.01;BUY
2016-04-04T00:29:31.283000;2016-04-04T00:29:31.350000;d2245e9f-1ff3-4046-ab3a-97cc9d6fa31b;420.3;0.01;BUY
2016-04-04T00:29:31.283000;2016-04-04T00:29:31.350000;81ab4c62-64a8-4df5-bd5b-a1c22d9410b5;420.3;0.05;BUY
2016-04-04T00:29:31.287000;2016-04-04T00:29:31.350000;01179f32-e23c-4023-93a2-c1a130bdf665;420.31;0.33288;BUY
2016-04-04T00:29:31.287000;2016-04-04T00:29:31.400000;d3b3b40b-ea48-4748-93ca-7ef040692c9f;420.32;0.07492;BUY
2016-04-04T00:30:04.143000;2016-04-04T00:30:04.163000;aac294cf-b7af-467f-9038-615b6b5ad737;420.3;0.10186;BUY
2016-04-04T00:30:31.260000;2016-04-04T00:30:31.287000;1590f007-33e7-4333-8de6-6e101be6e86c;420.3;0.01154;BUY
2016-04-04T00:31:01.317000;2016-04-04T00:31:01.337000;bb746de6-4d3a-4eac-ad69-f7fd473e0bd5;420.3;0.5;BUY
2016-04-04T00:31:31.233000;2016-04-04T00:31:31.260000;43e4964d-ee7e-4736-80cd-3a8d9de51046;420.3;0.1866;BUY
2016-04-04T00:31:31.233000;2016-04-04T00:31:31.270000;9f0af3d5-357a-498b-980e-0fb7904c047d;420.31;0.10671;BUY
2016-04-04T00:32:02.583000;2016-04-04T00:32:02.600000;d0cc19ec-8811-459e-b67b-7e4529b33685;420.23;0.01;SELL
2016-04-04T00:32:02.583000;2016-04-04T00:32:02.613000;1189ed40-b617-4a30-8839-0e5f83f2bc60;420.22;0.05;SELL
2016-04-04T00:32:02.583000;2016-04-04T00:32:02.613000;8eda12a8-c0fd-4090-933e-88ad47520da4;420.21;0.5;SELL
2016-04-04T00:32:02.583000;2016-04-04T00:32:02.613000;637ab285-26e8-440d-8a45-3a23ac1cc2ba;420.21;0.16372;SELL
2016-04-04T00:32:31.333000;2016-04-04T00:32:31.363000;6e6f7d62-408b-4568-a03f-39518942885f;420.29;0.01;BUY
2016-04-04T00:32:31.333000;2016-04-04T00:32:31.363000;2c217844-60a2-4229-bff9-ed53b4a5bd5b;420.29;0.05;BUY
2016-04-04T00:32:31.333000;2016-04-04T00:32:31.363000;4679129a-a303-4c2f-8e07-9d3eed487b26;420.29;0.05;BUY
2016-04-04T00:32:31.333000;2016-04-04T00:32:31.397000;9ff51256-5267-423c-bd7d-2739f53a87b8;420.29;0.05;BUY
2016-04-04T00:32:31.333000;2016-04-04T00:32:31.397000;3223ce44-e3c7-49fa-b19d-37728f58c9bc;420.29;0.07904;BUY
2016-04-04T00:33:31.310000;2016-04-04T00:33:31.317000;3fe98226-2ccd-4e97-8bc3-9330af0e77cf;420.25;0.15625;BUY
2016-04-04T00:34:02.340000;2016-04-04T00:34:02.350000;c5832dfe-2669-4380-bb6c-3e7d3822265e;420.25;1.71858;BUY
2016-04-04T00:34:31.537000;2016-04-04T00:34:31.553000;bc23f843-cfba-411a-a0cb-2ddea37d7780;420.25;0.71217;BUY
2016-04-04T00:34:31.537000;2016-04-04T00:34:31.567000;e96677b7-d5db-49f4-9c58-a26d5e4f716a;420.25;0.297;BUY
2016-04-04T00:34:31.540000;2016-04-04T00:34:31.567000;63d57f37-bc86-4e18-ae08-79c81bdeb678;420.28;0.87433;BUY
2016-04-04T00:35:01.277000;2016-04-04T00:35:01.287000;d91fc7fd-6689-4de9-a7d9-e10f689860bc;420.31;0.01154;BUY
2016-04-04T00:35:31.490000;2016-04-04T00:35:31.520000;bc75b4b6-1b53-4b3e-ba4a-c23e7fda85df;420.24;0.01;SELL
2016-04-04T00:35:31.493000;2016-04-04T00:35:31.520000;ee6b6132-d0e8-4a6e-863f-81f41dbb3074;420.24;0.05;SELL
2016-04-04T00:35:31.493000;2016-04-04T00:35:31.520000;ae954da8-51be-415d-adbb-f6900b704ba8;420.24;0.22;SELL
2016-04-04T00:35:31.493000;2016-04-04T00:35:31.520000;08c76aad-1c4d-42db-8001-8e077c1b54f1;420.2;0.29335;SELL
2016-04-04T00:35:31.493000;2016-04-04T00:35:31.520000;3da69cf7-ab16-44c1-9829-22cd8c816310;420.2;3.99992;SELL
2016-04-04T00:36:01.317000;2016-04-04T00:36:01.337000;33075638-7458-43c3-ba8f-b0f2425a6867;420.3;0.01;BUY
2016-04-04T00:36:01.317000;2016-04-04T00:36:01.363000;77b94904-7adf-449a-8e80-d1f06e18437b;420.31;0.48846;BUY
2016-04-04T00:36:01.317000;2016-04-04T00:36:01.363000;4d5c628b-b3ff-4543-9f47-84f3af197e9d;420.31;0.02085;BUY
2016-04-04T00:36:01.317000;2016-04-04T00:36:01.363000;3ec2ac24-505a-4a40-955d-6c9dbf71437f;420.32;1.57753;BUY
2016-04-04T00:36:29.370000;2016-04-04T00:36:29.380000;957ef7b7-cb06-4f23-9ac0-8d06e2861deb;420.32;0.40088569;BUY
2016-04-04T00:36:29.377000;2016-04-04T00:36:29.397000;35f55a46-4ca5-4e5a-baf0-5dca9ccc99c9;420.32;0.41911431;BUY
2016-04-04T00:36:31.443000;2016-04-04T00:36:31.473000;20e9576f-a2d8-4913-a777-d55d7a8d70fa;420.32;0.08082;BUY
2016-04-04T00:37:01.533000;2016-04-04T00:37:01.567000;c50c253d-5b77-44e3-9e52-d64a36ff27bb;420.32;0.11988855;BUY
2016-04-04T00:37:01.533000;2016-04-04T00:37:01.567000;9d49cc99-1d2c-45b0-83de-9da249b05dc0;420.32;0.14;BUY
2016-04-04T00:37:01.533000;2016-04-04T00:37:01.567000;43b655dc-692b-4f48-99b7-fc9e9bda4d2b;420.32;0.015;BUY
2016-04-04T00:37:01.533000;2016-04-04T00:37:01.583000;b3e86114-638b-4a93-bfbd-2c04604dc652;420.35;0.01;BUY
2016-04-04T00:37:01.533000;2016-04-04T00:37:01.583000;4f301704-92d0-49d9-94bb-3d154c434cc4;420.35;0.02331145;BUY
2016-04-04T00:37:31.257000;2016-04-04T00:37:31.300000;050460e5-83ee-4339-99bc-d58be41be50c;420.38;0.0228;SELL
2016-04-04T00:37:31.257000;2016-04-04T00:37:31.313000;f0e91b7d-c509-406d-9a50-7a86d3375d35;420.38;0.00661;SELL
2016-04-04T00:38:02.577000;2016-04-04T00:38:02.643000;c6249e70-94cd-4953-a439-65baca9ee4d5;420.34;0.06099239;BUY
2016-04-04T00:38:02.577000;2016-04-04T00:38:02.643000;6287cae9-ae68-4719-927d-13fc11d22215;420.34;0.06829761;BUY
2016-04-04T00:38:49.537000;2016-04-04T00:38:49.577000;8f5a67b2-27ca-40a3-9881-ff229584cd2e;420.39;0.05354526;BUY
2016-04-04T00:38:49.537000;2016-04-04T00:38:49.593000;b009fe8d-a8a9-473b-bac6-bf57abfc7c14;420.4;0.00182043;BUY
2016-04-04T00:39:02.433000;2016-04-04T00:39:02.487000;ae1f2163-bc4f-4f8f-99fe-c3ba980787e4;420.36;0.0111;BUY
2016-04-04T00:39:02.433000;2016-04-04T00:39:02.500000;27937afd-d4a2-481b-a77e-82e23ec73eef;420.38;0.0183;BUY
2016-04-04T00:39:02.433000;2016-04-04T00:39:02.500000;80028fd3-32b7-4a1a-8d93-be971202d71c;420.4;0.00817957;BUY
2016-04-04T00:39:02.433000;2016-04-04T00:39:02.500000;1c7bd016-2600-4551-a6d9-7b31248e5bf5;420.4;0.05;BUY
2016-04-04T00:39:02.433000;2016-04-04T00:39:02.500000;5d06dcbe-e7f3-45dd-a173-ed4cbdb394ee;420.4;0.01;BUY
2016-04-04T00:39:02.433000;2016-04-04T00:39:02.580000;879d8b61-5a3c-4c89-bd49-ddd82a5136b9;420.41;0.01;BUY
2016-04-04T00:39:02.433000;2016-04-04T00:39:02.580000;8d1691be-5e70-47a7-9a4c-21cbbb10f2a9;420.42;0.112;BUY
2016-04-04T00:39:02.433000;2016-04-04T00:39:02.580000;7cf3d610-5aef-44e7-a7e3-b5ea4296a18b;420.43;0.02;BUY
2016-04-04T00:39:02.433000;2016-04-04T00:39:02.580000;18d9660a-458c-4f48-af69-b954630f47f2;420.44;0.02;BUY
2016-04-04T00:39:02.433000;2016-04-04T00:39:02.580000;c208fffd-be8f-42aa-bce4-35eea3f3d4e2;420.45;0.75300863;BUY
2016-04-04T00:39:02.437000;2016-04-04T00:39:02.593000;495c4392-1d20-4eba-8d70-59223bf1a0b8;420.45;0.01;BUY
2016-04-04T00:39:02.437000;2016-04-04T00:39:02.593000;0e3dbf72-2c55-48ea-a50a-62c9177a8977;420.47;0.087;BUY
2016-04-04T00:39:02.437000;2016-04-04T00:39:02.593000;088e3f5f-ce8c-430b-8fc2-4fd453f98c85;420.47;0.3;BUY
2016-04-04T00:39:02.437000;2016-04-04T00:39:02.593000;cc87468b-1558-440b-b32e-94373065d482;420.48;0.68;BUY
2016-04-04T00:39:02.437000;2016-04-04T00:39:02.593000;6909d3ca-cdb4-4cb4-ac4a-2b6013b952d4;420.49;0.01;BUY
2016-04-04T00:39:02.437000;2016-04-04T00:39:02.593000;244fc981-62d4-4d00-b3a7-e5849da88146;420.49;1.02;BUY
2016-04-04T00:39:02.437000;2016-04-04T00:39:02.593000;238605b1-eb75-47b9-9ed3-d76d68301888;420.5;0.01309472;BUY
2016-04-04T00:39:02.437000;2016-04-04T00:39:02.593000;bb603f38-ca69-42a8-aa84-392c4796c33f;420.5;0.45;BUY
2016-04-04T00:39:02.437000;2016-04-04T00:39:02.593000;67e7730e-ab0e-4cfb-9b6e-e67ef3626acd;420.5;0.01556123;BUY
2016-04-04T00:39:02.437000;2016-04-04T00:39:02.593000;d2ca0b8c-af82-46ef-9270-b9359dcf2c79;420.5;0.01;BUY
2016-04-04T00:39:02.437000;2016-04-04T00:39:02.593000;2a48f4a7-b389-4e38-a5fb-218754850f20;420.5;0.01;BUY
2016-04-04T00:39:02.437000;2016-04-04T00:39:02.593000;c9f84163-a659-40da-a747-43bacc0c33be;420.5;0.01;BUY
2016-04-04T00:39:02.437000;2016-04-04T00:39:02.593000;5d064ab2-aa33-439d-b8e1-c2a96a10c39f;420.5;0.25;BUY
2016-04-04T00:39:02.437000;2016-04-04T00:39:02.593000;c2a79d60-571c-49df-94ea-a704c8481a18;420.5;1.02;BUY
2016-04-04T00:39:02.437000;2016-04-04T00:39:02.593000;8c698e18-e7cf-4ba2-9c29-54c90dbb183f;420.51;0.08657003;BUY
2016-04-04T00:39:02.437000;2016-04-04T00:39:02.593000;97fd5add-c088-4135-b51d-96ad9c1782df;420.52;2.55;BUY
2016-04-04T00:39:02.437000;2016-04-04T00:39:02.593000;12b107e2-59d3-4b94-9d62-b6469ebc9fee;420.52;0.077;BUY
2016-04-04T00:39:02.437000;2016-04-04T00:39:02.593000;5b9edcc9-e165-48b9-9bc3-cb6867e5aa5d;420.53;1.02;BUY
2016-04-04T00:39:02.437000;2016-04-04T00:39:02.593000;4d7d633d-7f31-4c07-8a00-b758f6eb0d90;420.54;0.01;BUY
2016-04-04T00:39:02.437000;2016-04-04T00:39:02.640000;6180c109-77d8-4343-ab99-0124b6b29964;420.54;0.2893088;BUY
2016-04-04T00:39:02.437000;2016-04-04T00:39:02.640000;1ef304ec-6531-49b3-ac1b-b7918920a1cc;420.54;0.68;BUY
2016-04-04T00:39:02.437000;2016-04-04T00:39:02.640000;4c2120a6-d67a-488b-9bfc-790165fcaa16;420.55;0.01;BUY
2016-04-04T00:39:02.437000;2016-04-04T00:39:02.673000;af4827dc-0dd4-4381-99b8-126161f6383d;420.55;1.7;BUY
2016-04-04T00:39:02.440000;2016-04-04T00:39:02.687000;8d2aa8a8-8f2f-4701-8d69-da7a25631c13;420.56;0.37116128;BUY
2016-04-04T00:39:02.440000;2016-04-04T00:39:02.687000;186c34ea-2824-49e2-ba31-f114cf0f9b7c;420.56;0.01030932;BUY
2016-04-04T00:39:02.440000;2016-04-04T00:39:02.687000;0ad91d89-f385-49ad-9403-6b10e751c223;420.56;0.30692642;BUY
2016-04-04T00:39:31.463000;2016-04-04T00:39:31.500000;64b2b3df-8c0c-40bc-810c-0fb2551dfdaa;420.57;0.01153;BUY
2016-04-04T00:40:01.413000;2016-04-04T00:40:01.453000;f3b9dc2d-e6aa-4942-b372-d7f0c595eb83;420.57;0.0101125;BUY
2016-04-04T00:40:01.413000;2016-04-04T00:40:01.483000;67a01c6e-02d0-4c4b-bd16-31d8659a8e19;420.57;0.01271497;BUY
2016-04-04T00:40:01.413000;2016-04-04T00:40:01.483000;b1d5ca0a-f091-4702-aea7-288b123db2a5;420.57;0.103;BUY
2016-04-04T00:40:01.413000;2016-04-04T00:40:01.483000;3a32e144-801d-4941-bb62-9da19b703f62;420.58;0.03925756;BUY
2016-04-04T00:40:01.413000;2016-04-04T00:40:01.483000;b5792c64-b947-4f08-a9db-2cd11d629cd9;420.6;0.01;BUY
2016-04-04T00:40:01.413000;2016-04-04T00:40:01.483000;996e7367-081c-4ac3-b638-bdbf10d45b40;420.6;0.01623838;BUY
2016-04-04T00:40:01.413000;2016-04-04T00:40:01.483000;d42af311-65d9-47f4-914c-1c8b95c7c38f;420.6;0.01;BUY
2016-04-04T00:40:01.413000;2016-04-04T00:40:01.483000;73253306-27e8-44ea-9eab-cb12889ddff2;420.6;0.01;BUY
2016-04-04T00:40:01.413000;2016-04-04T00:40:01.483000;ed059d43-ec04-4292-b9b8-0b8ab82e25dd;420.61;2.27265659;BUY
2016-04-04T00:40:31.327000;2016-04-04T00:40:31.360000;4a69a99d-4bc2-435d-b26e-567f42964afc;420.6;0.12108;BUY
2016-04-04T00:41:32.630000;2016-04-04T00:41:32.687000;a1b57c5d-50d3-40a2-8e13-8bf153c7b2dc;420.48;0.01;SELL
2016-04-04T00:41:32.630000;2016-04-04T00:41:32.687000;3d7cddd1-633d-4358-abf9-f5e0d4923d37;420.46;0.2;SELL
2016-04-04T00:41:32.630000;2016-04-04T00:41:32.687000;cb39fc60-f7b5-4571-906a-0894c7a61375;420.45;0.01;SELL
2016-04-04T00:41:32.630000;2016-04-04T00:41:32.687000;39d3cff9-4b5d-43d2-9ab6-f5e2ca509070;420.45;2.64029;SELL
2016-04-04T00:42:01.343000;2016-04-04T00:42:01.377000;22cb1ed5-1ab3-497b-957b-51b8b612c7cf;420.5;0.01;BUY
2016-04-04T00:42:01.343000;2016-04-04T00:42:01.390000;7b991f17-de47-49cb-b327-34bca4ba1ad1;420.51;0.015;BUY
2016-04-04T00:42:01.343000;2016-04-04T00:42:01.390000;f07b48a3-c80e-4345-9bb3-c59a6f16c1c5;420.52;0.077;BUY
2016-04-04T00:42:01.343000;2016-04-04T00:42:01.390000;a96a421c-171f-485f-a2f9-6876ff2dcbfa;420.55;0.01;BUY
2016-04-04T00:42:01.343000;2016-04-04T00:42:01.427000;c7befaec-431c-4109-b8a0-210c052b343a;420.56;0.17;BUY
2016-04-04T00:42:01.343000;2016-04-04T00:42:01.427000;02cd72cc-8a11-4906-bdca-9d1d53d93d54;420.57;0.083;BUY
2016-04-04T00:42:01.343000;2016-04-04T00:42:01.427000;afef946d-7c5a-4db2-994a-00443e807693;420.57;0.43005;BUY
2016-04-04T00:42:31.250000;2016-04-04T00:42:31.283000;811e4b14-60b0-44ad-8acd-f3f7ee1cb4b1;420.43;0.01;SELL
2016-04-04T00:42:31.250000;2016-04-04T00:42:31.297000;c8bf53c4-86a7-437e-be92-79287c30ade0;420.43;0.04439;SELL
2016-04-04T00:43:01.413000;2016-04-04T00:43:01.437000;6da4fb84-3a52-435b-aa2a-4a843c11f9c6;420.51;0.01;BUY
2016-04-04T00:43:01.413000;2016-04-04T00:43:01.457000;3782730c-df75-453c-bfde-85931ade37b9;420.52;0.018;BUY
2016-04-04T00:43:01.413000;2016-04-04T00:43:01.457000;fe597519-35fd-4cfd-bbfd-96afb7ff32b8;420.52;0.2;BUY
2016-04-04T00:43:01.413000;2016-04-04T00:43:01.457000;0f083761-6070-4541-b1fa-031d2cc1bbc0;420.53;0.121;BUY
2016-04-04T00:43:01.413000;2016-04-04T00:43:01.530000;912a3db6-9cf7-49b0-bf30-e86e6a312090;420.55;0.01;BUY
2016-04-04T00:43:01.413000;2016-04-04T00:43:01.530000;3ff8c750-a4ac-4729-b575-9d94b6e2cf4c;420.57;0.01922;BUY
2016-04-04T00:43:31.427000;2016-04-04T00:43:31.453000;eec6ba17-623b-4836-a00a-4589a63230c3;420.52;0.447;BUY
2016-04-04T00:43:31.430000;2016-04-04T00:43:31.500000;d00a8168-1432-4367-83eb-71eb488cb25d;420.53;1.02;BUY
2016-04-04T00:43:31.430000;2016-04-04T00:43:31.517000;0faf71c3-3abf-4224-9014-a2f405dbf746;420.54;0.06583;BUY
2016-04-04T00:43:33.393000;2016-04-04T00:43:33.423000;0e6defba-3c97-427e-b71d-94316c0530f9;420.46;0.04;BUY
2016-04-04T00:44:02.383000;2016-04-04T00:44:02.407000;292d9de1-6898-4be8-854d-44cb17431dae;420.46;0.01;BUY
2016-04-04T00:44:05.637000;2016-04-04T00:44:05.673000;3ed7f145-45b5-43b1-b566-2d3f3050997e;420.46;0.69036;BUY
2016-04-04T00:44:33.537000;2016-04-04T00:44:33.563000;b15467c5-b10d-495f-b466-5330c0fed74d;420.46;0.23618;BUY
2016-04-04T00:45:01.337000;2016-04-04T00:45:01.377000;abf97abc-a89f-4c06-93bb-28f38d0c716d;420.44;0.01;SELL
2016-04-04T00:45:01.337000;2016-04-04T00:45:01.377000;086f51ad-9c94-4316-9f42-37253dbaff75;420.43;0.018;SELL
2016-04-04T00:45:01.337000;2016-04-04T00:45:01.390000;efef1239-04e2-4465-bbcd-a9c32b093351;420.41;0.36154;SELL
2016-04-04T00:45:33.123000;2016-04-04T00:45:33.173000;e01948be-7cf8-4d97-bb69-def8bf447215;420.46;7.9282;BUY
2016-04-04T00:45:54.523000;2016-04-04T00:45:54.550000;7241ffad-6f02-4afc-83e3-d75b01e126a3;420.39;0.01;SELL
2016-04-04T00:46:01.500000;2016-04-04T00:46:01.517000;81c3e577-55ee-44bf-862b-fda969cd1096;420.45;0.01;BUY
2016-04-04T00:46:01.500000;2016-04-04T00:46:01.547000;c3187193-eac7-479d-bea2-3d6b3f293c01;420.46;0.22568;BUY
2016-04-04T00:46:06.350000;2016-04-04T00:46:06.390000;b548e205-f4b1-4be0-88eb-535b1d54d60b;420.37;0.015;SELL
2016-04-04T00:46:06.350000;2016-04-04T00:46:06.390000;7a064da1-3f15-452b-92cf-b3a731b4f01f;420.37;0.074;SELL
2016-04-04T00:46:06.350000;2016-04-04T00:46:06.390000;9210cdd9-6cbe-4b9e-978d-c468ebf887a1;420.35;0.011;SELL
2016-04-04T00:46:08.753000;2016-04-04T00:46:08.783000;9445ec30-150f-4351-8222-d661717cfb0b;420.34;0.01;SELL
2016-04-04T00:46:08.753000;2016-04-04T00:46:08.797000;2c7f3a77-fc0e-4759-b567-f6b02a2c4829;420.32;0.01;SELL
2016-04-04T00:46:08.753000;2016-04-04T00:46:08.797000;bbe94c95-5ef2-4505-95d6-6677d9d55f8d;420.31;0.28;SELL
2016-04-04T00:46:31.620000;2016-04-04T00:46:31.640000;79ea2a2c-fab8-430d-b0df-48f5ee0debf0;420.26;0.01;SELL
2016-04-04T00:46:31.620000;2016-04-04T00:46:31.657000;22a14e95-6bf7-4581-9996-96ac1fd8ea99;420.25;0.00643;SELL
2016-04-04T00:47:01.387000;2016-04-04T00:47:01.407000;3ab07980-b979-4d47-af3d-7f4175f6223e;420.25;0.0115;SELL
2016-04-04T00:47:01.387000;2016-04-04T00:47:01.423000;f86ab531-ddda-4dcc-a1fd-7517d03560b1;420.23;0.015;SELL
2016-04-04T00:47:01.387000;2016-04-04T00:47:01.423000;0c941f08-0101-4b4a-8e10-01eabdfe0a4c;420.23;0.108;SELL
2016-04-04T00:47:01.387000;2016-04-04T00:47:01.423000;9ba7ad03-ccaf-41e5-8bdf-9826f30db3e0;420.2;3.30008;SELL
2016-04-04T00:47:01.387000;2016-04-04T00:47:01.423000;b5e445b4-b369-4a72-8c4d-39ecdbded450;420.2;0.01;SELL
2016-04-04T00:47:01.387000;2016-04-04T00:47:01.437000;1a1fd5d1-8d0b-47c5-8cf6-5f51c2487d1d;420.18;0.073;SELL
2016-04-04T00:47:01.387000;2016-04-04T00:47:01.437000;47463439-435d-4238-9055-e37d49a1db0c;420.15;0.01;SELL
2016-04-04T00:47:01.387000;2016-04-04T00:47:01.437000;c66e323d-5f7e-43af-853b-c7e0146430c0;420.15;2.63909;SELL
2016-04-04T00:47:31.347000;2016-04-04T00:47:31.377000;2ba3e509-9583-4656-b532-31778e9d3282;420.2;0.01643;BUY
2016-04-04T00:47:31.347000;2016-04-04T00:47:31.407000;fff34c37-6262-4bdc-a773-eeb7e03c5ac1;420.21;0.16967;BUY
2016-04-04T00:48:01.477000;2016-04-04T00:48:01.517000;87414714-2135-43a0-bc5c-2010ea6e3a8e;420.17;0.428;BUY
2016-04-04T00:48:01.477000;2016-04-04T00:48:01.517000;923c299a-f8ca-4bd2-9c71-de426b713ed3;420.17;0.41783;BUY
2016-04-04T00:48:31.553000;2016-04-04T00:48:31.563000;db3b03a3-f895-4388-99b8-dbcf10506d42;420.17;0.47128;BUY
2016-04-04T00:49:31.603000;2016-04-04T00:49:31.610000;ab9fe6f5-c706-47e5-81f3-fdf954100966;420.17;0.48116;BUY
2016-04-04T00:50:31.510000;2016-04-04T00:50:31.530000;93d06b29-6c4f-48df-817d-c55c410d2d2e;420.16;0.01;SELL
2016-04-04T00:50:31.510000;2016-04-04T00:50:31.547000;362bd9a4-63b2-431d-8ea3-1fdd12a2308c;420.15;0.01;SELL
2016-04-04T00:50:31.510000;2016-04-04T00:50:31.547000;3b4256dc-7932-438a-84bd-75297bbc73dc;420.14;0.05;SELL
2016-04-04T00:50:31.510000;2016-04-04T00:50:31.547000;42029d51-c26f-473a-b07c-7e864d93d1e5;420.12;0.015;SELL
2016-04-04T00:50:31.510000;2016-04-04T00:50:31.547000;1ababeb0-0af7-4800-b917-153e32779131;420.11;0.01;SELL
2016-04-04T00:50:31.510000;2016-04-04T00:50:31.547000;f4c04e38-0265-4fba-88e3-39c48e93a57a;420.1;0.01;SELL
2016-04-04T00:50:31.510000;2016-04-04T00:50:31.547000;6224c515-7ff9-478f-93ec-d600d6a352cd;420.07;0.116;SELL
2016-04-04T00:50:31.510000;2016-04-04T00:50:31.547000;0be15791-f7f6-4cca-95f6-e46ce24a66c2;420.05;0.01;SELL
2016-04-04T00:50:31.510000;2016-04-04T00:50:31.580000;d02ffc08-78a6-4275-b994-362c5e7bde63;420.05;0.0505;SELL
2016-04-04T00:50:31.510000;2016-04-04T00:50:31.580000;b1ca6112-1e22-4fb7-911b-64f41052baf9;420.02;0.122;SELL
2016-04-04T00:50:31.510000;2016-04-04T00:50:31.580000;50eb82e1-db78-4680-bebe-ad0af5dda51c;420.0;0.01;SELL
2016-04-04T00:50:31.510000;2016-04-04T00:50:31.610000;9c990333-ca97-47f3-9b70-385f5f1e0a33;419.97;0.082;SELL
2016-04-04T00:50:31.510000;2016-04-04T00:50:31.610000;9b135681-e702-4cd5-ad35-290194f64673;419.95;0.01;SELL
2016-04-04T00:50:31.510000;2016-04-04T00:50:31.610000;b0ce1a98-76f4-4451-953c-125c5233de42;419.95;0.015;SELL
2016-04-04T00:50:31.513000;2016-04-04T00:50:31.610000;23152643-d317-4b7f-b102-9956eba8d54f;419.95;0.17587;SELL
2016-04-04T00:51:01.373000;2016-04-04T00:51:01.393000;7915dbb9-2a7a-4d1d-a96b-e68e74795b8d;419.98;1.00463;BUY
2016-04-04T00:51:33.600000;2016-04-04T00:51:33.610000;36bfe54f-1e51-4157-a41b-eac660711309;419.97;0.01;SELL
2016-04-04T00:51:33.603000;2016-04-04T00:51:33.627000;870b445c-9ea5-4bac-8ad8-ac0459778ce5;419.97;0.086;SELL
2016-04-04T00:51:33.603000;2016-04-04T00:51:33.627000;e3fb03d0-6843-4c9b-b96a-cb757441351a;419.97;0.3;SELL
2016-04-04T00:51:33.603000;2016-04-04T00:51:33.627000;c2e9518d-422b-41b3-af7a-47a7f46bc1a6;419.96;0.01;SELL
2016-04-04T00:51:33.603000;2016-04-04T00:51:33.657000;eaa895b0-9990-445b-9273-ae840e466933;419.92;0.03;SELL
2016-04-04T00:51:33.603000;2016-04-04T00:51:33.657000;ea46324f-f43b-475b-a201-3b2a93d53cc4;419.92;0.3;SELL
2016-04-04T00:51:33.603000;2016-04-04T00:51:33.657000;efafcd07-4377-4e7d-91c5-bbaa9be9569b;419.91;0.01;SELL
2016-04-04T00:51:33.603000;2016-04-04T00:51:33.707000;ce3c27dc-7e18-4df7-8f0a-7127edb76db2;419.91;0.02;SELL
2016-04-04T00:51:33.603000;2016-04-04T00:51:33.707000;8a54bf2a-7d3a-475f-a655-ba1726825aeb;419.91;0.015;SELL
2016-04-04T00:51:33.603000;2016-04-04T00:51:33.707000;a5625982-1c72-4597-9ac8-d765c934b7e1;419.9;0.01;SELL
2016-04-04T00:51:33.603000;2016-04-04T00:51:33.720000;fe1e91b5-0c01-4ef5-ba4a-e1470a9b5734;419.9;0.025;SELL
2016-04-04T00:51:33.603000;2016-04-04T00:51:33.720000;ccfa39eb-7b19-49cc-a488-9da060a55e28;419.89;0.0101;SELL
2016-04-04T00:51:33.603000;2016-04-04T00:51:33.720000;6d3ba9af-d27b-4277-939e-b0e87ddbea4f;419.89;0.025;SELL
2016-04-04T00:51:33.603000;2016-04-04T00:51:33.720000;2ebe3f69-a63a-4627-9b1a-1eaf4472445a;419.88;0.025;SELL
2016-04-04T00:51:33.603000;2016-04-04T00:51:33.720000;2596d34f-7574-44f3-bd71-da5504706c0b;419.87;0.01;SELL
2016-04-04T00:51:33.603000;2016-04-04T00:51:33.720000;f0822f5b-c64f-478f-b3b3-bf0a6097a0e2;419.87;0.025;SELL
2016-04-04T00:51:33.603000;2016-04-04T00:51:33.720000;0c30e38d-62ae-482a-abfe-4a4d94da0de3;419.86;0.025;SELL
2016-04-04T00:51:33.607000;2016-04-04T00:51:33.720000;7378d9d2-7191-4eb0-b5ce-60e9e76875f3;419.85;0.01;SELL
2016-04-04T00:51:33.607000;2016-04-04T00:51:33.720000;8f13ce15-b913-4e76-a3d4-a1abf65684b7;419.85;0.025;SELL
2016-04-04T00:51:33.607000;2016-04-04T00:51:33.720000;7a0f5112-43c5-48be-bb92-6ca66a3ce90e;419.84;0.025;SELL
2016-04-04T00:51:33.607000;2016-04-04T00:51:33.720000;158de7fe-74dc-41a1-984d-31f4d043ba9a;419.84;0.65736;SELL
2016-04-04T00:51:34.050000;2016-04-04T00:51:34.063000;82daf485-34fc-4ead-87d1-7ec62b273884;419.97;0.3;BUY
2016-04-04T00:51:34.233000;2016-04-04T00:51:34.250000;c14ff2fd-7e5d-40fc-8e81-8d7508ff73f5;419.97;0.3;BUY
2016-04-04T00:52:01.420000;2016-04-04T00:52:01.423000;e835f958-e410-4b6f-9744-914faad4fbb2;419.94;1.63348;BUY
2016-04-04T00:53:01.420000;2016-04-04T00:53:01.477000;3cad93a0-4c0b-4a9a-8cdc-e4234f513002;419.94;0.05568;BUY
2016-04-04T00:53:31.413000;2016-04-04T00:53:31.473000;0efb4dfc-d0c5-4eb5-ab16-2ff301d7e32f;419.94;0.01;BUY
2016-04-04T00:53:31.420000;2016-04-04T00:53:31.490000;15245a50-a3d1-4183-9962-9fde34109612;419.95;0.025;BUY
2016-04-04T00:53:31.420000;2016-04-04T00:53:31.490000;24a22561-cfa7-43f7-bf72-4356cb4b1bab;419.95;0.01;BUY
2016-04-04T00:53:31.420000;2016-04-04T00:53:31.490000;e9371160-a645-4580-ab61-8a786476631c;419.96;0.025;BUY
2016-04-04T00:53:31.420000;2016-04-04T00:53:31.490000;1530ac65-e5c3-401c-a9a2-9e93b0a8039b;419.97;0.00784;BUY
2016-04-04T00:54:01.550000;2016-04-04T00:54:01.613000;4096bff5-4132-46d8-be27-a36b308f3c81;419.97;0.01716;BUY
2016-04-04T00:54:01.550000;2016-04-04T00:54:01.613000;606938c9-299e-48ff-a0ce-26aec98d8b05;419.98;0.025;BUY
2016-04-04T00:54:01.550000;2016-04-04T00:54:01.630000;58f5337b-50dc-4c30-a780-99cb506e7d8f;419.99;0.025;BUY
2016-04-04T00:54:01.550000;2016-04-04T00:54:01.630000;b3d65bfa-b524-436a-9f11-7c6d4306817e;420.0;0.01;BUY
2016-04-04T00:54:01.550000;2016-04-04T00:54:01.630000;4e763d97-a6bc-40d0-a6ee-c746cd4bb417;420.0;0.025;BUY
2016-04-04T00:54:01.550000;2016-04-04T00:54:01.647000;1a302a90-a55d-4412-9d2d-a89c6fc58064;420.0;0.01;BUY
2016-04-04T00:54:01.550000;2016-04-04T00:54:01.647000;a513ca01-edd9-42c7-8445-fd3e8868cebb;420.01;0.025;BUY
2016-04-04T00:54:01.550000;2016-04-04T00:54:01.647000;79c592d4-00fe-48d4-beea-cfc7fb14113c;420.05;0.01;BUY
2016-04-04T00:54:01.550000;2016-04-04T00:54:01.647000;efc68d28-4bfa-4d46-a6af-840b86c527ab;420.06;0.102;BUY
2016-04-04T00:54:01.550000;2016-04-04T00:54:01.647000;31b4dd4d-9b9e-479f-811c-123f01e0c06e;420.08;0.22226;BUY
2016-04-04T00:54:31.323000;2016-04-04T00:54:31.383000;6114321e-cfda-40c0-a39e-b049f1ea8ef3;420.09;0.01;BUY
2016-04-04T00:54:31.323000;2016-04-04T00:54:31.383000;f6b30b11-c9bb-4b35-9967-d24c26eae44e;420.1;0.01;BUY
2016-04-04T00:54:31.323000;2016-04-04T00:54:31.397000;ed9da7b2-fedf-4cda-8f4b-7e8237b74d97;420.1;0.30792;BUY
2016-04-04T00:54:48.157000;2016-04-04T00:54:48.207000;04591230-9e7f-40b5-822a-9509e5a3705b;420.13;0.43;BUY
2016-04-04T00:54:48.157000;2016-04-04T00:54:48.223000;99fd17fa-eb51-41bb-80f8-ad6b13980a57;420.14;0.01;BUY
2016-04-04T00:54:48.157000;2016-04-04T00:54:48.223000;de9ad5b6-68eb-4f9b-9141-a3355fc8ce07;420.14;0.015;BUY
2016-04-04T00:54:48.157000;2016-04-04T00:54:48.223000;621a6938-5486-4894-825d-e778a3bfd443;420.14;0.295;BUY
2016-04-04T00:55:31.463000;2016-04-04T00:55:31.520000;e8f68f83-4fae-43fb-8cc6-e692e21da936;420.13;0.31538;BUY
2016-04-04T00:56:01.477000;2016-04-04T00:56:01.520000;e4f8d8d1-333c-408f-a679-4656d24db0b4;420.12;0.0232;SELL
2016-04-04T00:56:01.477000;2016-04-04T00:56:01.537000;735e5ad0-3476-40ca-99ea-aec08f3c1b81;420.12;0.0373;SELL
2016-04-04T00:56:01.477000;2016-04-04T00:56:01.537000;cb6077f4-da29-488c-b1f9-88e50b8beb20;420.12;0.05;SELL
2016-04-04T00:56:01.477000;2016-04-04T00:56:01.537000;89705c85-7288-40fa-bfea-e5619656b696;420.12;0.0271;SELL
2016-04-04T00:56:01.477000;2016-04-04T00:56:01.537000;c2d60a53-9341-4db9-bd95-f2b731cbf086;420.12;0.0183;SELL
2016-04-04T00:56:01.477000;2016-04-04T00:56:01.630000;5eb047ba-9465-4bb1-9e78-6b7d90a4e65e;420.12;0.0217;SELL
2016-04-04T00:56:01.477000;2016-04-04T00:56:01.630000;ba3dc9d2-bdf4-4218-902f-5c1c8740027a;420.12;0.0175;SELL
2016-04-04T00:56:01.477000;2016-04-04T00:56:01.630000;1bb28d95-cb92-46ef-9f3d-17a77b59ab5f;420.12;0.0272;SELL
2016-04-04T00:56:01.480000;2016-04-04T00:56:01.647000;aef528ed-8cf9-4bf6-a478-839d710219ae;420.12;0.0268;SELL
2016-04-04T00:56:01.480000;2016-04-04T00:56:01.647000;3f177819-c6d7-49d2-b1ac-8f3949ae584b;420.12;0.0288;SELL
2016-04-04T00:56:01.480000;2016-04-04T00:56:01.647000;1cfe87c7-eafc-4985-b059-d9ad19189ce5;420.12;0.0238;SELL
2016-04-04T00:56:01.480000;2016-04-04T00:56:01.647000;0bba3feb-80fd-438f-8cea-1057c7ef42e7;420.12;0.0187;SELL
2016-04-04T00:56:01.480000;2016-04-04T00:56:01.647000;3101107e-9500-4dd5-87c1-27ffc4bfa63a;420.12;0.0195;SELL
2016-04-04T00:56:01.480000;2016-04-04T00:56:01.647000;099d83e8-dda3-4e3e-9c2d-0c9c76ca2f1a;420.12;0.0232;SELL
2016-04-04T00:56:01.480000;2016-04-04T00:56:01.647000;e1d3e451-9de0-49d4-a7cd-40c9a91d9c0e;420.12;0.0235;SELL
2016-04-04T00:56:01.480000;2016-04-04T00:56:01.647000;60e08cdd-5101-405f-b0df-721a3e184773;420.07;0.05;SELL
2016-04-04T00:56:01.480000;2016-04-04T00:56:01.647000;d7dee504-541c-430f-a20f-b95170f57588;420.07;0.15;SELL
2016-04-04T00:56:01.480000;2016-04-04T00:56:01.647000;dd15e050-b501-4a96-ad63-49bb26ed5a2a;420.06;0.015;SELL
2016-04-04T00:56:01.480000;2016-04-04T00:56:01.647000;7a86695d-dc03-4d39-bcaa-f3d3c77e1c25;420.05;0.01;SELL
2016-04-04T00:56:01.480000;2016-04-04T00:56:01.647000;1d0210a0-6195-4018-a82d-2a4f6651826d;420.01;0.43898;SELL
2016-04-04T00:57:31.463000;2016-04-04T00:57:31.503000;7d14b502-3bd4-4030-a835-9b9bb27aee03;420.15;0.01;BUY
2016-04-04T00:57:31.463000;2016-04-04T00:57:31.520000;118f19be-7c6b-4dd4-bd48-a5dafca3ec05;420.15;0.01;BUY
2016-04-04T00:57:31.463000;2016-04-04T00:57:31.520000;36192341-69ea-4d1c-af57-19ec2358610a;420.16;0.03891;BUY
2016-04-04T00:58:01.783000;2016-04-04T00:58:01.833000;0f909339-015c-4a06-bc34-81271e92c84c;420.12;0.01;SELL
2016-04-04T00:58:01.787000;2016-04-04T00:58:01.833000;89b03b43-ccff-4f1b-9564-abb9451abf18;420.11;0.126;SELL
2016-04-04T00:58:01.787000;2016-04-04T00:58:01.833000;98dba412-d899-4e0c-82c0-eac20cc5f2b1;420.1;0.01;SELL
2016-04-04T00:58:01.787000;2016-04-04T00:58:01.863000;4e66340c-412a-4bef-b130-b9e5cd939472;420.06;0.095;SELL
2016-04-04T00:58:01.787000;2016-04-04T00:58:01.863000;ef4799c9-73d1-4afc-945a-cb768aa6630e;420.05;0.01;SELL
2016-04-04T00:58:01.787000;2016-04-04T00:58:01.863000;6697c21c-6c0c-4715-8fb8-8d356e5d3ab0;420.04;0.015;SELL
2016-04-04T00:58:01.787000;2016-04-04T00:58:01.863000;e7db6bf5-34b9-408d-8b4a-67de76e09a54;420.01;0.074;SELL
2016-04-04T00:58:01.787000;2016-04-04T00:58:01.880000;86b25c04-4760-4126-b81d-b3534cc3408a;420.0;0.01;SELL
2016-04-04T00:58:01.787000;2016-04-04T00:58:01.880000;5702f764-b0a7-4e13-a1ca-36dbfd1a9781;420.0;0.0115;SELL
2016-04-04T00:58:01.787000;2016-04-04T00:58:01.880000;44413245-9336-4f5d-9f60-e37a27c68e43;420.0;0.2;SELL
2016-04-04T00:58:01.787000;2016-04-04T00:58:01.880000;0a8666f9-c0cf-468a-9d6d-9592e1a2cd40;419.96;0.4383;SELL
2016-04-04T00:58:24.943000;2016-04-04T00:58:24.990000;09133959-ec20-4cd5-a8d9-2570fc34982f;420.08;0.47;BUY
2016-04-04T00:59:01.577000;2016-04-04T00:59:01.613000;0468f55c-f02b-42e4-862b-801e6f2b0b78;420.01;0.0204;BUY
2016-04-04T00:59:01.577000;2016-04-04T00:59:01.630000;91400c63-f7cc-4ce3-ad58-7638680d37f9;420.01;0.025;BUY
2016-04-04T00:59:01.577000;2016-04-04T00:59:01.630000;5695c447-2681-480a-855f-9f74909cc7f1;420.01;0.0207;BUY
2016-04-04T00:59:01.577000;2016-04-04T00:59:01.660000;aa2cd8dd-1adc-40dc-9a30-684bc67b0fb6;420.01;0.0227;BUY
2016-04-04T00:59:01.577000;2016-04-04T00:59:01.660000;a02b3ada-3f04-451a-8d47-981c3847e32c;420.01;0.0236;BUY
2016-04-04T00:59:01.577000;2016-04-04T00:59:01.660000;62a93d23-7c1c-433a-a7a3-8e3c9f628d85;420.01;0.0431;BUY
2016-04-04T00:59:01.577000;2016-04-04T00:59:01.660000;05abf859-129f-4280-bdea-c126b102e055;420.01;0.0228;BUY
2016-04-04T00:59:01.577000;2016-04-04T00:59:01.660000;9be55d80-8db5-4f06-8978-d49bb29d9cba;420.01;0.0495;BUY
2016-04-04T00:59:01.577000;2016-04-04T00:59:01.693000;ab51d6a7-26b9-47c1-83e7-1c02cc200454;420.02;0.0215;BUY
2016-04-04T00:59:01.577000;2016-04-04T00:59:01.693000;40dabd88-a286-493d-b46a-752b6c630445;420.04;0.0193;BUY
2016-04-04T00:59:01.577000;2016-04-04T00:59:01.707000;00a34a0a-859c-4f1b-ba6f-3964ce78e234;420.05;0.01;BUY
2016-04-04T00:59:01.577000;2016-04-04T00:59:01.707000;3de50af4-2bf9-482f-b715-e0eef015b3a3;420.08;1.19273;BUY
2016-04-04T00:59:31.473000;2016-04-04T00:59:31.503000;343f6f31-2872-4759-b380-ffd49bec0008;420.08;0.06588;BUY
2016-04-04T00:59:35.233000;2016-04-04T00:59:35.287000;a746c23a-82ec-4ac5-969d-800cf732786b;420.06;0.0174;BUY
2016-04-04T00:59:35.233000;2016-04-04T00:59:35.287000;14c63900-caf5-4479-90dc-d4fae800cbfc;420.08;0.3126;BUY
2016-04-04T01:00:01.623000;2016-04-04T01:00:01.677000;7826afe3-cbbc-484d-b47c-7ee17ee30124;420.1;0.01;BUY
2016-04-04T01:00:01.623000;2016-04-04T01:00:01.677000;e5dff2a5-38af-40f9-a2e3-19d823976f92;420.1;0.48218;BUY
2016-04-04T01:00:27.887000;2016-04-04T01:00:27.927000;0d6da92a-924c-4148-bfa3-4c9a94a8fa6b;420.11;5.11500765;BUY
2016-04-04T01:02:02.390000;2016-04-04T01:02:02.427000;2941a53b-2cd5-41b9-ba4b-3a9aa88e8b18;420.1;0.0206;BUY
2016-04-04T01:02:02.390000;2016-04-04T01:02:02.427000;b7d1592f-1b88-47b5-bb76-fc7200c5ece7;420.12;0.2;BUY
2016-04-04T01:02:02.390000;2016-04-04T01:02:02.457000;b0efdd43-ec0b-4d29-b9ec-a37810b06841;420.14;0.14;BUY
2016-04-04T01:02:02.390000;2016-04-04T01:02:02.457000;2281315a-5fd5-47e5-befe-64308c9a9f17;420.14;0.1;BUY
2016-04-04T01:02:02.390000;2016-04-04T01:02:02.457000;956e1965-22b7-43ee-980c-44b748e7d675;420.15;0.01;BUY
2016-04-04T01:02:02.390000;2016-04-04T01:02:02.457000;111a036e-c922-4a29-a623-fb1a60842ac5;420.16;0.46109;BUY
2016-04-04T01:02:02.393000;2016-04-04T01:02:02.457000;1ec0ac54-556a-454a-86fe-1bcff0916bc8;420.17;0.01;BUY
2016-04-04T01:02:02.393000;2016-04-04T01:02:02.457000;48329376-7674-4a84-9477-1dcd5f88d4d5;420.17;0.099;BUY
2016-04-04T01:02:02.393000;2016-04-04T01:02:02.490000;e75c69ed-6781-4a23-9335-410fa33e66b8;420.2;0.01;BUY
2016-04-04T01:02:02.393000;2016-04-04T01:02:02.490000;5a29f538-884d-4ea8-a458-d5509fab2c95;420.21;0.015;BUY
2016-04-04T01:02:02.393000;2016-04-04T01:02:02.490000;36611a62-1910-4b5b-a201-89294b8dc779;420.21;0.015;BUY
2016-04-04T01:02:02.393000;2016-04-04T01:02:02.490000;7ea5e4e9-65cb-45cf-b421-074950a854bd;420.22;0.105;BUY
2016-04-04T01:02:02.393000;2016-04-04T01:02:02.503000;f4e7efe3-7cb7-4761-8039-6d6aad6b2bdd;420.22;0.3;BUY
2016-04-04T01:02:02.393000;2016-04-04T01:02:02.503000;41d17a3b-1731-46c0-9d27-4f130e0a68ca;420.25;0.01;BUY
2016-04-04T01:02:02.393000;2016-04-04T01:02:02.503000;d6318960-34d1-4574-b502-8d88490b022c;420.25;0.01;BUY
2016-04-04T01:02:02.393000;2016-04-04T01:02:02.503000;fad1bb5c-d5d7-4a8b-9c6c-40a610b145f7;420.25;0.01;BUY
2016-04-04T01:02:02.393000;2016-04-04T01:02:02.503000;6817156c-0dff-481e-9015-6d0e33a1172d;420.28;0.02209;BUY
2016-04-04T01:03:02.653000;2016-04-04T01:03:02.677000;ccff4c63-7f79-454e-b40a-99d2c1846474;420.29;0.01;BUY
2016-04-04T01:03:02.653000;2016-04-04T01:03:02.710000;9b297910-cf16-4fe6-be4a-3fd002a27410;420.29;0.015;BUY
2016-04-04T01:03:02.653000;2016-04-04T01:03:02.710000;451c78bd-864d-418f-bfd3-86a0da0dd17c;420.3;0.01;BUY
2016-04-04T01:03:02.653000;2016-04-04T01:03:02.723000;22d95e43-e24f-4f0d-a4e5-d33a042971b5;420.3;0.05;BUY
2016-04-04T01:03:02.653000;2016-04-04T01:03:02.723000;5f659184-db66-4450-8aec-1f06d4e3f7bd;420.3;0.03278;BUY
2016-04-04T01:03:31.533000;2016-04-04T01:03:31.567000;f500a5c6-da7e-491b-b7f9-0d4734b8ae32;420.28;0.0191;BUY
2016-04-04T01:03:31.533000;2016-04-04T01:03:31.583000;e59d265a-65d4-4ff3-b141-a770da09dba1;420.28;0.0109;BUY
2016-04-04T01:03:31.533000;2016-04-04T01:03:31.583000;ddf1738c-226a-45a6-bb57-4e4aeba8544d;420.28;0.072;BUY
2016-04-04T01:03:31.533000;2016-04-04T01:03:31.583000;6b75880d-60b2-4ae5-91a4-edff217a127b;420.29;0.13357;BUY
2016-04-04T01:03:36.607000;2016-04-04T01:03:36.630000;b541cb1e-5bf4-4a11-9815-c4644d998e57;420.28;0.39;BUY
2016-04-04T01:03:36.607000;2016-04-04T01:03:36.660000;fbba23b3-d163-476b-b6a9-93be6092e871;420.29;1.025;BUY
2016-04-04T01:04:01.540000;2016-04-04T01:04:01.567000;1a5c25b4-640b-4698-8f4e-487d318a6d24;420.27;0.05;SELL
2016-04-04T01:04:01.540000;2016-04-04T01:04:01.583000;1b86b029-cb0b-4449-8d4d-0d02c3230fb8;420.25;0.01;SELL
2016-04-04T01:04:01.540000;2016-04-04T01:04:01.583000;02a5e197-4946-4cb2-8cc9-e106bc67087e;420.2;0.01;SELL
2016-04-04T01:04:01.540000;2016-04-04T01:04:01.583000;948efcb6-9e9f-40ba-8f11-bfac78eb7f78;420.2;0.015;SELL
2016-04-04T01:04:01.540000;2016-04-04T01:04:01.583000;ac3b7dcb-30c7-49f7-ac1b-91d432bf1ca3;420.2;0.19;SELL
2016-04-04T01:04:01.540000;2016-04-04T01:04:01.613000;d0706ca3-bb30-4b61-accb-d081b9c28086;420.16;0.116;SELL
2016-04-04T01:04:01.540000;2016-04-04T01:04:01.613000;7114c3a3-0e71-47a8-a76d-f6c8fe8d9af2;420.15;0.01;SELL
2016-04-04T01:04:01.540000;2016-04-04T01:04:01.613000;c0957bcf-44b3-4e6e-afdc-9c5cba35497c;420.15;0.2;SELL
2016-04-04T01:04:01.543000;2016-04-04T01:04:01.677000;e2455191-4464-4ce3-94a0-f3bb3d05b096;420.11;0.087;SELL
2016-04-04T01:04:01.543000;2016-04-04T01:04:01.677000;19bccbd2-2579-4bf6-a130-cbdcc21bf78b;420.1;0.01;SELL
2016-04-04T01:04:01.543000;2016-04-04T01:04:01.677000;8680109c-d1a4-4bc5-a9ff-f77bcd441a1b;420.07;0.01;SELL
2016-04-04T01:04:01.543000;2016-04-04T01:04:01.677000;067821a3-a7e3-414e-b59c-2d41513806b8;420.07;4.19877;SELL
2016-04-04T01:04:31.493000;2016-04-04T01:04:31.520000;efc851be-9569-47b5-ab90-4efde2496290;420.17;1.08649;BUY
2016-04-04T01:04:53.093000;2016-04-04T01:04:53.130000;9ca637f4-de15-45cf-b902-3ccede73a6a4;420.19;0.01;BUY
2016-04-04T01:04:53.093000;2016-04-04T01:04:53.130000;d01b0fb9-3baa-450c-89dd-bccf909ef392;420.19;0.04934852;BUY
2016-04-04T01:05:31.487000;2016-04-04T01:05:31.537000;49c6e622-88be-413a-9869-d20188f2b21c;420.13;0.01;SELL
2016-04-04T01:05:31.487000;2016-04-04T01:05:31.537000;bf52ca53-a910-44c3-9458-15d53fa0db1b;420.1;0.01;SELL
2016-04-04T01:05:31.487000;2016-04-04T01:05:31.537000;2ebe4a7d-54aa-4e1f-b9f4-771471f8a698;420.09;0.01;SELL
2016-04-04T01:05:31.487000;2016-04-04T01:05:31.537000;c1adf9bc-22ab-4e62-8a31-ee26e6293be3;420.08;0.104;SELL
2016-04-04T01:05:31.487000;2016-04-04T01:05:31.550000;c2a1f9a9-37ee-4502-8e5f-8771991706a5;420.07;0.015;SELL
2016-04-04T01:05:31.487000;2016-04-04T01:05:31.550000;972f2ba2-f795-4596-8cff-5ab0dffc9879;420.07;0.095;SELL
2016-04-04T01:05:31.487000;2016-04-04T01:05:31.550000;26eeaba6-c390-44e8-a3bb-814c42c5c16a;420.05;0.01;SELL
2016-04-04T01:05:31.487000;2016-04-04T01:05:31.550000;d0b128f8-753e-42f3-a64b-b8dd624426cc;420.04;0.02;SELL
2016-04-04T01:05:31.487000;2016-04-04T01:05:31.550000;ce9fb875-7edb-458b-a619-4fa3fcc6429f;420.01;0.092;SELL
2016-04-04T01:05:31.487000;2016-04-04T01:05:31.570000;c6b8796d-c3b2-40cc-812a-cae7a306a74c;420.0;0.01;SELL
2016-04-04T01:05:31.487000;2016-04-04T01:05:31.570000;089d673d-58d1-46cd-b63e-89256b738e2f;420.0;0.0115;SELL
2016-04-04T01:05:31.487000;2016-04-04T01:05:31.570000;ce1076ea-8c2a-4f05-8f33-c7542b1c68e0;420.0;0.02;SELL
2016-04-04T01:05:31.487000;2016-04-04T01:05:31.570000;74e6119a-b7df-4912-960f-f9aeea9858ae;420.0;4.35689;SELL
2016-04-04T01:06:01.573000;2016-04-04T01:06:01.600000;f8598125-c3d9-4fab-824e-ba4e7891fb47;420.07;0.01;SELL
2016-04-04T01:06:01.573000;2016-04-04T01:06:01.630000;28267e8e-0b32-41cf-863d-fe8d2877c097;420.06;0.01;SELL
2016-04-04T01:06:01.573000;2016-04-04T01:06:01.630000;9c7e43c5-0e14-42a8-b03d-13d44640d673;420.06;0.0013;SELL
2016-04-04T01:07:01.590000;2016-04-04T01:07:01.630000;38677702-4c1b-400b-ad1c-349a31f8204d;420.03;0.01;SELL
2016-04-04T01:07:01.590000;2016-04-04T01:07:01.630000;e12b86fa-796c-477f-8ee0-940f2705cbcc;420.02;0.06555;SELL
2016-04-04T01:07:31.827000;2016-04-04T01:07:31.910000;722c9f58-c6b9-4757-ba5e-8ea175dce8b8;420.14;0.0349;SELL
2016-04-04T01:07:31.827000;2016-04-04T01:07:31.910000;fa96a151-9bcc-4c7a-bdc2-95e957415f35;420.14;0.00134;SELL
2016-04-04T01:07:37.457000;2016-04-04T01:07:37.533000;e4c2f1f2-47b6-4438-b1b8-813ae9150aa1;420.11;0.01;BUY
2016-04-04T01:07:37.457000;2016-04-04T01:07:37.533000;19c85835-26af-429e-9b29-d496167defa2;420.14;0.2;BUY
2016-04-04T01:07:37.457000;2016-04-04T01:07:37.533000;f95a4f94-742b-44b0-9d24-70c0527b50d0;420.15;0.01;BUY
2016-04-04T01:07:37.457000;2016-04-04T01:07:37.533000;0d55fe40-c4f1-4313-ac9e-7698d23b695d;420.15;0.23;BUY
2016-04-04T01:08:31.487000;2016-04-04T01:08:31.550000;31a11d5d-9faa-4ec7-a67a-4b23925c44c5;420.15;0.108;SELL
2016-04-04T01:08:31.487000;2016-04-04T01:08:31.563000;e98acdf7-6d3a-4f04-8302-ea6beda24f75;420.15;0.0263;SELL
2016-04-04T01:08:31.487000;2016-04-04T01:08:31.563000;4fd953d7-ad09-49d3-bf64-2b8cf68b4492;420.15;0.0275;SELL
2016-04-04T01:08:31.487000;2016-04-04T01:08:31.563000;f3185896-4140-459c-b6a6-3937d9006986;420.15;0.0266;SELL
2016-04-04T01:08:31.487000;2016-04-04T01:08:31.563000;7c62f6b3-433b-4d21-9ce8-8e2ad9653cd7;420.15;0.0386;SELL
2016-04-04T01:08:31.487000;2016-04-04T01:08:31.657000;a49b9e05-fadf-4f7a-bc87-b6d9427392e1;420.15;0.0324;SELL
2016-04-04T01:08:31.487000;2016-04-04T01:08:31.657000;788ef307-3dbb-4d24-8f72-9be5b0f6d51b;420.15;0.0285;SELL
2016-04-04T01:08:31.487000;2016-04-04T01:08:31.657000;d305583e-786f-4c63-9854-fd69085210a7;420.15;0.0169;SELL
2016-04-04T01:08:31.487000;2016-04-04T01:08:31.657000;98017ac3-2d6a-4866-b9e9-eacc48a5e08e;420.15;0.0221;SELL
2016-04-04T01:08:31.490000;2016-04-04T01:08:31.657000;14b2e336-61b1-4bce-a037-bc2d7e920291;420.15;0.6731;SELL
2016-04-04T01:09:01.653000;2016-04-04T01:09:01.707000;de405c2a-0c38-489a-b4ce-8aa3460d24f2;420.16;0.01;BUY
2016-04-04T01:09:01.653000;2016-04-04T01:09:01.720000;d20f1ad2-61b2-4c59-92a1-edb179e2eb0c;420.19;0.01;BUY
2016-04-04T01:09:01.653000;2016-04-04T01:09:01.720000;b7d5c087-d90d-4fd0-90c0-b8ca88b4c4eb;420.2;0.01;BUY
2016-04-04T01:09:01.653000;2016-04-04T01:09:01.720000;816f5ce9-107a-4d2b-8672-f14d30aeb2e4;420.25;0.01;BUY
2016-04-04T01:09:01.653000;2016-04-04T01:09:01.720000;33ef9c44-b474-4880-bd6e-00700d4ac670;420.25;0.01;BUY
2016-04-04T01:09:01.653000;2016-04-04T01:09:01.753000;cf08031b-c0ad-400c-93a4-17053a5c7f1b;420.25;0.2;BUY
2016-04-04T01:09:01.653000;2016-04-04T01:09:01.753000;2eb46c4e-65ad-4ba6-91bc-7e3e59756cfa;420.25;0.01;BUY
2016-04-04T01:09:01.653000;2016-04-04T01:09:01.753000;47ff8f8a-fbd1-4d6b-a324-2075154f42a4;420.26;0.01;BUY
2016-04-04T01:09:01.653000;2016-04-04T01:09:01.817000;25ebedda-07fc-4bad-9f40-7ee3a1709ea0;420.26;0.03;BUY
2016-04-04T01:09:01.653000;2016-04-04T01:09:01.833000;08a83faa-d7aa-4b06-852b-e0edb161bc1a;420.26;0.41554;BUY
2016-04-04T01:09:37.600000;2016-04-04T01:09:37.657000;c0579661-f478-43a2-bea3-d51988825124;420.21;0.01;SELL
2016-04-04T01:09:37.600000;2016-04-04T01:09:37.690000;354e0b6f-60b0-439c-b27d-8f6e5fd949b2;420.2;0.01;SELL
2016-04-04T01:09:37.600000;2016-04-04T01:09:37.690000;c996a7e8-391d-4167-90c3-f76f3f93d7d8;420.19;0.096;SELL
2016-04-04T01:09:37.600000;2016-04-04T01:09:37.690000;12a07ec5-fbf9-4a78-925d-1c18c6cbb917;420.18;0.19;SELL
2016-04-04T01:09:37.600000;2016-04-04T01:09:37.707000;239a2244-34b1-4ef3-8c39-84c8f71ffbd6;420.15;0.01;SELL
2016-04-04T01:09:37.600000;2016-04-04T01:09:37.783000;caa45d55-f391-4979-82b6-656783b9c880;420.15;0.184;SELL
2016-04-04T01:10:11.923000;2016-04-04T01:10:11.987000;6f616c04-d89b-4d3e-aa71-ce482025df5f;420.2;0.06555;BUY
2016-04-04T01:10:11.923000;2016-04-04T01:10:11.987000;859daf51-6102-421a-a5a3-c31967c0b774;420.22;0.01;BUY
2016-04-04T01:10:11.923000;2016-04-04T01:10:11.987000;557fdb49-5bb1-4311-b5e7-5c05177091a3;420.23;0.015;BUY
2016-04-04T01:10:11.923000;2016-04-04T01:10:12.017000;09998d41-4935-4d29-9e4b-45f768ef3adc;420.23;0.17;BUY
2016-04-04T01:10:11.923000;2016-04-04T01:10:12.017000;25ccf686-81a7-42fd-9289-3d948c94bfd5;420.24;0.09;BUY
2016-04-04T01:10:11.923000;2016-04-04T01:10:12.033000;5a148838-7261-4c4a-9d30-bd0e413872ad;420.25;0.01;BUY
2016-04-04T01:10:11.923000;2016-04-04T01:10:12.033000;ee1f3e30-7352-4acd-bf60-5bf4515a7bae;420.25;0.17;BUY
2016-04-04T01:10:11.923000;2016-04-04T01:10:12.033000;c777c692-b039-4e30-8039-31587291695a;420.26;0.08179;BUY
2016-04-04T01:10:31.560000;2016-04-04T01:10:31.627000;8d22cef1-b77b-4f1e-b693-85d6722e1ef1;420.25;0.422;BUY
2016-04-04T01:10:31.560000;2016-04-04T01:10:31.627000;9bf121fb-9cbf-4d58-9978-a57538b005a9;420.26;6.00949;BUY
2016-04-04T01:11:01.570000;2016-04-04T01:11:01.627000;f2166ce1-54f3-4a3b-ad07-d266f8077c37;420.3;0.01722;BUY
2016-04-04T01:11:01.570000;2016-04-04T01:11:01.627000;a63acd13-15c7-487c-b525-51629387f06e;420.3;0.01;BUY
2016-04-04T01:11:01.570000;2016-04-04T01:11:01.627000;3dca07ef-d612-485c-a49c-843f01a7900a;420.3;0.01;BUY
2016-04-04T01:11:01.570000;2016-04-04T01:11:01.643000;798ec830-5280-4ca0-bc08-f307972ba0c2;420.3;0.015;BUY
2016-04-04T01:11:01.570000;2016-04-04T01:11:01.643000;ac5b124a-33af-4a93-84c5-ab6cf3db8beb;420.32;0.01;BUY
2016-04-04T01:11:01.570000;2016-04-04T01:11:01.643000;8e585e58-0a40-431f-8871-c30e2202491a;420.34;0.01;BUY
2016-04-04T01:11:01.570000;2016-04-04T01:11:01.673000;70becae5-eadc-434b-9383-79645ae2595a;420.34;0.01;BUY
2016-04-04T01:11:01.570000;2016-04-04T01:11:01.673000;ebd2da10-6e29-43b8-b461-bb160e8a11e0;420.34;0.20285;BUY
2016-04-04T01:11:31.423000;2016-04-04T01:11:31.487000;cc6346ff-8e7e-4446-aa05-db4db0a20235;420.21;0.01342;SELL
2016-04-04T01:11:43.640000;2016-04-04T01:11:43.690000;185b60a2-eee2-4256-b56f-e726127b10d9;420.21;0.01342;BUY
2016-04-04T01:11:43.640000;2016-04-04T01:11:43.707000;8a83d4ad-f5d4-4bd2-a9ef-c32d68b75322;420.22;0.015;BUY
2016-04-04T01:11:43.643000;2016-04-04T01:11:43.707000;a217d2ab-01cc-4dd8-89c5-c821eb9fce2a;420.29;0.30158;BUY
2016-04-04T01:12:01.607000;2016-04-04T01:12:01.677000;ce41a003-2994-4e16-bd72-4fa4e95ae54c;420.22;0.0177;BUY
2016-04-04T01:12:01.607000;2016-04-04T01:12:01.677000;14f49361-49d7-4e22-98ee-f8068e916407;420.22;0.0187;BUY
2016-04-04T01:12:01.607000;2016-04-04T01:12:01.677000;5d7d4ced-ea94-47dd-b0c9-f709e707ae9e;420.26;0.08371;BUY
2016-04-04T01:12:31.500000;2016-04-04T01:12:31.567000;ed1e87c9-40fa-4bae-b946-e3b252a692c3;420.21;0.01;SELL
2016-04-04T01:12:31.500000;2016-04-04T01:12:31.567000;f483dff1-45fa-4a4f-a071-4029ca514184;420.21;0.16;SELL
2016-04-04T01:12:31.500000;2016-04-04T01:12:31.567000;5db7db2d-f1f2-4066-b047-205fdddb9573;420.21;0.123;SELL
2016-04-04T01:12:31.500000;2016-04-04T01:12:31.567000;d77ea62d-39fe-41eb-9ae0-c54fbc4786a5;420.2;0.01;SELL
2016-04-04T01:12:31.500000;2016-04-04T01:12:31.567000;47c92ebf-d1fa-4502-9a6c-a6ef1fef3151;420.18;0.5;SELL
2016-04-04T01:12:31.500000;2016-04-04T01:12:31.580000;974bfe0f-4ec9-48e8-9b0a-77fb6117e075;420.17;0.015;SELL
2016-04-04T01:12:31.500000;2016-04-04T01:12:31.580000;2905973c-b418-4788-8081-1c7ea37324a0;420.15;0.01;SELL
2016-04-04T01:12:31.503000;2016-04-04T01:12:31.580000;de815c06-5942-409e-83fa-d44f1665bb8d;420.14;0.01;SELL
2016-04-04T01:12:31.503000;2016-04-04T01:12:31.643000;f7797f2d-04a8-4eb6-8b54-ea97a76649f9;420.1;0.01;SELL
2016-04-04T01:12:31.503000;2016-04-04T01:12:31.643000;1f4c0748-0514-498b-b199-a5ec8869879f;420.1;0.075;SELL
2016-04-04T01:12:31.503000;2016-04-04T01:12:31.643000;02770965-5a32-435b-b554-432534ab56b4;420.07;5.82698;SELL
2016-04-04T01:13:01.667000;2016-04-04T01:13:01.707000;67b7bbe0-0d7b-438e-b318-a5c9963d8599;420.15;0.96148;BUY
2016-04-04T01:13:31.453000;2016-04-04T01:13:31.503000;b82980dd-101e-4e56-a8b3-e647ef22774d;420.15;0.36907;BUY
2016-04-04T01:13:34.053000;2016-04-04T01:13:34.110000;2dded335-4d26-4362-a659-9828a26d6e10;420.15;0.06685;BUY
2016-04-04T01:13:34.053000;2016-04-04T01:13:34.127000;34eee8d1-4d70-46a4-b166-ddb8a928aa3b;420.15;0.31315;BUY
2016-04-04T01:14:07.817000;2016-04-04T01:14:07.880000;ea4fc867-b004-4b9a-8ba2-d8525e537bcc;420.14;0.01;SELL
2016-04-04T01:14:07.817000;2016-04-04T01:14:07.880000;2ef96a75-6fbf-4f32-bed4-3a0f88d9a1a5;420.09;0.094;SELL
2016-04-04T01:14:07.817000;2016-04-04T01:14:07.880000;035ed321-f8a2-4704-a169-60281e319244;420.08;0.015;SELL
2016-04-04T01:14:07.817000;2016-04-04T01:14:07.880000;e9aeb729-69d9-4b5b-922a-dfc52cc0dba9;420.06;0.01;SELL
2016-04-04T01:14:07.820000;2016-04-04T01:14:07.910000;b6c65466-22ab-43aa-8b28-85f5a36019f1;420.05;0.01;SELL
2016-04-04T01:14:07.820000;2016-04-04T01:14:07.910000;2d6c817d-a41d-4437-a0cb-a54f46b4aa66;420.03;0.076;SELL
2016-04-04T01:14:07.820000;2016-04-04T01:14:07.923000;38ed365f-62cf-46ec-b29e-c77abb51fa2e;420.0;4e-05;SELL
2016-04-04T01:14:31.627000;2016-04-04T01:14:31.673000;6ddea78d-aded-4f92-bc37-1849b6ae9219;420.05;1.00066;BUY
2016-04-04T01:15:31.563000;2016-04-04T01:15:31.610000;0d69c2f6-5fb4-4ff6-8044-919eab002bab;420.09;0.0199;SELL
2016-04-04T01:15:31.563000;2016-04-04T01:15:31.610000;0811d7e5-0172-4e03-9a65-603c6bcf68dc;420.07;0.01;SELL
2016-04-04T01:15:31.563000;2016-04-04T01:15:31.643000;6943ad25-ae64-4d62-a3eb-900b40d2aafe;420.07;0.076;SELL
2016-04-04T01:15:31.567000;2016-04-04T01:15:31.643000;c05532d5-77ab-4607-9be0-5e02c66e9e4d;420.06;0.01;SELL
2016-04-04T01:15:31.567000;2016-04-04T01:15:31.643000;c4bcdd40-6a9a-4812-9344-347ed5045b15;420.05;0.01;SELL
2016-04-04T01:15:31.567000;2016-04-04T01:15:31.660000;c266a21b-91ce-4248-b747-866010e7251a;420.02;0.099;SELL
2016-04-04T01:15:31.567000;2016-04-04T01:15:31.660000;f7fd000d-5d92-4c17-99c6-cd68ae55ed6b;420.0;0.0115;SELL
2016-04-04T01:15:31.567000;2016-04-04T01:15:31.660000;ceb65afe-41ae-46bb-bdc0-d1fb3f548940;420.0;0.0202;SELL
2016-04-04T01:15:31.567000;2016-04-04T01:15:31.660000;bbae8570-ad30-4247-8edc-eb1aceed8c34;420.0;0.015;SELL
2016-04-04T01:15:31.567000;2016-04-04T01:15:31.660000;4a3932e3-7209-499d-b8fc-45e9fc258eb2;419.98;0.01;SELL
2016-04-04T01:15:31.567000;2016-04-04T01:15:31.660000;82fd65b2-3c26-4dfa-b2fe-225175b1bca9;419.98;0.07;SELL
2016-04-04T01:15:31.567000;2016-04-04T01:15:31.660000;c141da2b-4316-4eda-99e4-fa09d5d5f59a;419.97;0.01;SELL
2016-04-04T01:15:31.567000;2016-04-04T01:15:31.660000;27137432-b7ff-4b17-9daf-f854648a03ba;419.97;0.105;SELL
2016-04-04T01:15:31.567000;2016-04-04T01:15:31.660000;aa73ce40-c0e5-4b9f-a3ff-aa57ca5813dd;419.96;0.02085;SELL
2016-04-04T01:15:31.567000;2016-04-04T01:15:31.660000;83770c9e-26ce-47bd-8960-0bf08d6a5946;419.95;0.01;SELL
2016-04-04T01:15:31.567000;2016-04-04T01:15:31.673000;23c18ec1-195b-4b18-b9bc-5d8118f09bb2;419.94;0.122;SELL
2016-04-04T01:15:31.567000;2016-04-04T01:15:31.673000;69e217d6-c732-4bd3-bbc2-ff47a87471c9;419.93;0.03;SELL
2016-04-04T01:15:31.567000;2016-04-04T01:15:31.673000;88ad42d0-8ae2-4517-89a8-d686b482c30e;419.92;0.07409;SELL
2016-04-04T01:15:59.527000;2016-04-04T01:15:59.580000;d3ef124c-2355-4760-824b-a446f1bdfca4;420.12;0.01004;BUY
2016-04-04T01:15:59.527000;2016-04-04T01:15:59.580000;9f9f8d71-c1a1-43d0-bee5-64becc415cc5;420.13;0.07996;BUY
2016-04-04T01:16:01.590000;2016-04-04T01:16:01.643000;36b78184-27a4-42c5-a919-4c322e99b1ec;420.13;0.65901;BUY
2016-04-04T01:17:01.880000;2016-04-04T01:17:01.923000;29a7b008-817d-403d-b9a2-d66930163ea0;420.0;0.01;SELL
2016-04-04T01:17:01.880000;2016-04-04T01:17:01.923000;e62c5692-bb36-48f9-96ff-ac90bf9d5167;420.0;0.07525;SELL
2016-04-04T01:17:31.670000;2016-04-04T01:17:31.720000;540165c2-eab1-441f-a559-72acbf64da2d;419.96;0.01;SELL
2016-04-04T01:17:31.670000;2016-04-04T01:17:31.720000;86f25d65-3934-4fd1-bced-0d7b98f24f04;419.96;0.104;SELL
2016-04-04T01:17:31.670000;2016-04-04T01:17:31.720000;a75c06ec-6497-4a6a-a011-d30fdf41b646;419.95;0.01;SELL
2016-04-04T01:17:31.670000;2016-04-04T01:17:31.753000;0123ef3a-7701-42c5-a06f-db1812470f5d;419.91;0.02246;SELL
2016-04-04T01:18:01.850000;2016-04-04T01:18:01.897000;9dbec4f8-1516-4c92-b297-9d0bf4503e16;420.01;0.01;BUY
2016-04-04T01:18:01.850000;2016-04-04T01:18:01.897000;2e592e48-a840-40f2-9060-686c628563fc;420.03;0.51;BUY
2016-04-04T01:18:01.850000;2016-04-04T01:18:01.897000;4fdf4b7c-68b1-4047-a1da-a7a484937069;420.03;0.07;BUY
2016-04-04T01:18:01.850000;2016-04-04T01:18:01.897000;b013822c-8aef-4b97-b444-89892e754cbc;420.04;0.17;BUY
2016-04-04T01:18:01.850000;2016-04-04T01:18:01.923000;fa0655c9-20d8-4de9-a79f-ff4e5d70b961;420.04;1.59618;BUY
2016-04-04T01:18:31.850000;2016-04-04T01:18:31.877000;5a4ab4d2-568a-461b-88d7-ee8ef20ddca3;420.08;0.01;BUY
2016-04-04T01:18:31.850000;2016-04-04T01:18:31.897000;96296597-a387-413b-b042-dc872e728774;420.09;0.01;BUY
2016-04-04T01:18:31.850000;2016-04-04T01:18:31.897000;f02abb9b-eaea-4810-b581-1620f7e73f8f;420.1;0.01;BUY
2016-04-04T01:18:31.850000;2016-04-04T01:18:31.897000;9c05d85d-664e-48ec-ba80-7bc62508a3ca;420.11;0.22714;BUY
2016-04-04T01:19:34.003000;2016-04-04T01:19:34.050000;19bfbd46-b60f-4654-bfb9-ac40bf15541a;420.08;1.51316;BUY
2016-04-04T01:20:01.170000;2016-04-04T01:20:01.190000;6ae842fb-c645-456e-85af-297d4cc0ad34;420.08;0.055;BUY
2016-04-04T01:20:01.183000;2016-04-04T01:20:01.237000;37ba31b9-5b25-4bbb-97f2-ed34ca28f796;420.08;0.065;BUY
2016-04-04T01:20:01.903000;2016-04-04T01:20:01.923000;40d878ad-32a1-45b3-9b6f-69967286db63;420.03;0.01;SELL
2016-04-04T01:20:01.903000;2016-04-04T01:20:01.957000;5c1562a7-f6e3-4358-b7d0-b346a959349f;420.02;0.128;SELL
2016-04-04T01:20:01.903000;2016-04-04T01:20:01.957000;dae74848-65dd-42e7-bff8-1f4405f159e4;420.01;0.16;SELL
2016-04-04T01:20:01.903000;2016-04-04T01:20:01.957000;0cce6e4d-6b8b-4f88-9169-5c315095069f;420.0;0.01;SELL
2016-04-04T01:20:01.903000;2016-04-04T01:20:01.970000;f7e03848-9c83-4d0d-b35b-5aa66765073d;419.97;0.097;SELL
2016-04-04T01:20:01.903000;2016-04-04T01:20:01.970000;f215b03e-d026-4824-bcca-cacba9ddcd3a;419.95;0.01;SELL
2016-04-04T01:20:01.903000;2016-04-04T01:20:01.970000;c38326d6-d352-4461-8fd9-48a697d32757;419.94;0.2;SELL
2016-04-04T01:20:01.903000;2016-04-04T01:20:01.970000;e9ea2357-d059-4e88-809b-5c4a31dd7f14;419.93;0.015;SELL
2016-04-04T01:20:01.903000;2016-04-04T01:20:01.970000;063aef30-1f51-4a1a-baec-6d2167243b63;419.93;0.02458;SELL
2016-04-04T01:20:31.623000;2016-04-04T01:20:31.660000;eb511609-d5f6-4fc0-ab21-b2204f77fd64;419.96;0.01;SELL
2016-04-04T01:20:31.623000;2016-04-04T01:20:31.673000;0825adf8-588e-46dc-bd18-fbaf61a0f8b8;419.95;0.126;SELL
2016-04-04T01:20:31.623000;2016-04-04T01:20:31.673000;92731034-78f2-49f2-b58a-fd5c4eede1b2;419.93;0.0404;SELL
2016-04-04T01:20:31.623000;2016-04-04T01:20:31.673000;9196d32f-f577-4b53-8ab2-25fc3ba4cbba;419.9;0.01;SELL
2016-04-04T01:20:31.623000;2016-04-04T01:20:31.673000;43a15913-1b1a-469a-8b03-4ba94c06059a;419.9;0.025;SELL
2016-04-04T01:20:31.623000;2016-04-04T01:20:31.690000;cf937cf9-cc80-43d1-9aa1-688f42f61eb2;419.89;0.025;SELL
2016-04-04T01:20:31.623000;2016-04-04T01:20:31.690000;4a70fe11-d962-405e-931f-1abf6c8fa69f;419.89;0.01;SELL
2016-04-04T01:20:31.623000;2016-04-04T01:20:31.690000;1a308b71-bd6a-40cc-8768-21ec0a9623bd;419.89;0.0505;SELL
2016-04-04T01:20:31.627000;2016-04-04T01:20:31.690000;7bb273c8-d8bf-4899-a023-edc01a6ff3d9;419.89;0.02;SELL
2016-04-04T01:20:31.627000;2016-04-04T01:20:31.690000;a6e23efd-74e7-4b66-b5a9-d0634bd32c7e;419.88;0.025;SELL
2016-04-04T01:20:31.627000;2016-04-04T01:20:31.690000;473c2b80-61ed-4929-befc-482543ac46d9;419.88;0.079;SELL
2016-04-04T01:20:31.627000;2016-04-04T01:20:31.720000;f9bbf290-4f9a-4533-b13e-86d6c1642414;419.87;0.025;SELL
2016-04-04T01:20:31.627000;2016-04-04T01:20:31.720000;50cd9f91-64d0-4365-981a-4a6039c9982d;419.86;0.025;SELL
2016-04-04T01:20:31.627000;2016-04-04T01:20:31.720000;13864bb6-4fcd-4d68-9c65-1fa5147f7b10;419.86;0.01;SELL
2016-04-04T01:20:31.627000;2016-04-04T01:20:31.767000;afd8fd56-72e2-4e3f-8341-fa878ae8bc59;419.85;0.025;SELL
2016-04-04T01:20:31.627000;2016-04-04T01:20:31.767000;cfa5ded1-8f6d-4761-9966-2c50fa8bed61;419.85;0.01;SELL
2016-04-04T01:20:31.627000;2016-04-04T01:20:31.767000;c6057e02-50c8-47bb-afae-ac83a0141595;419.85;7.13994;SELL
2016-04-04T01:20:31.627000;2016-04-04T01:20:31.767000;7a7de565-1eb5-47cb-9c85-b3c4e54f81b2;419.85;0.1793;SELL
2016-04-04T01:20:34.710000;2016-04-04T01:20:34.753000;6b65c262-c38a-42b3-84a3-510d04afa886;419.96;0.025;BUY
2016-04-04T01:20:34.710000;2016-04-04T01:20:34.767000;57918808-03b7-41b2-a691-f8f47166f017;419.97;0.025;BUY
2016-04-04T01:20:34.710000;2016-04-04T01:20:34.767000;928b6f96-7754-4196-ad1b-ece47c31f240;419.98;0.025;BUY
2016-04-04T01:20:34.710000;2016-04-04T01:20:34.767000;48826c06-6e47-4d0e-8781-08e8768c59e5;419.98;0.015;BUY
2016-04-04T01:21:02.260000;2016-04-04T01:21:02.300000;dc6c8b47-013f-4d77-94a2-26037d13775f;419.97;0.01;BUY
2016-04-04T01:21:02.260000;2016-04-04T01:21:02.300000;5aa197b8-97e1-4719-8b2c-8f360191bb4b;419.98;0.17;BUY
2016-04-04T01:21:02.263000;2016-04-04T01:21:02.300000;199b26c7-9189-4dd9-b71a-e22b98d2a38e;419.99;0.025;BUY
2016-04-04T01:21:02.263000;2016-04-04T01:21:02.317000;4bd48247-733e-4f88-9f55-1a030062e675;419.99;0.73326;BUY
2016-04-04T01:21:31.477000;2016-04-04T01:21:31.503000;02e24768-5014-495c-85e0-1d9eec9f48a0;419.91;0.0171;BUY
2016-04-04T01:21:31.477000;2016-04-04T01:21:31.533000;2dc99b39-ad22-4e79-bdfe-9bc1cad5422c;419.91;0.0163;BUY
2016-04-04T01:21:31.477000;2016-04-04T01:21:31.533000;2bfdc478-71a2-4b84-8cbf-88d8a7a7b7f2;419.91;0.0165;BUY
2016-04-04T01:21:31.477000;2016-04-04T01:21:31.533000;cc9c0c86-5740-4a9e-a28e-8966f417ec3b;419.93;0.018;BUY
2016-04-04T01:21:31.477000;2016-04-04T01:21:31.550000;2ccd6147-1b42-4b24-8cb1-bd3965996ba9;419.95;0.0175;BUY
2016-04-04T01:21:31.477000;2016-04-04T01:21:31.613000;0ba1567f-343c-412c-9126-c4759c84e574;419.97;0.0183;BUY
2016-04-04T01:21:31.480000;2016-04-04T01:21:31.613000;70cd0b76-d542-4f81-ab0f-eb3daedc11cd;419.99;0.36702;BUY
2016-04-04T01:22:01.667000;2016-04-04T01:22:01.707000;69426db2-9e23-4376-89cb-9d66a2a1daaa;419.99;1.03963;BUY
2016-04-04T01:22:32.913000;2016-04-04T01:22:32.957000;43ff3226-add9-43df-9876-76ee7b0cf236;419.99;0.1793;BUY
2016-04-04T01:22:32.913000;2016-04-04T01:22:32.957000;0f4a3ffc-add2-4200-b757-a4635e885290;420.0;0.025;BUY
2016-04-04T01:22:32.913000;2016-04-04T01:22:32.957000;598cdbac-b5d1-4a5b-a4a8-0222cd0875af;420.0;0.00435;BUY
2016-04-04T01:23:01.497000;2016-04-04T01:23:01.690000;28bae1ea-93a3-49b1-93dc-6e989dcbe585;419.98;0.01049;BUY
2016-04-04T01:23:31.510000;2016-04-04T01:23:31.687000;7802e785-5d22-4058-b7b3-ef872db112c7;419.98;0.14568;BUY
2016-04-04T01:24:01.937000;2016-04-04T01:24:02.123000;7418b62a-1c3e-4495-9c45-2c33f5d015e5;419.98;0.30999;BUY
2016-04-04T01:24:31.590000;2016-04-04T01:24:31.780000;9fb78dc7-0777-4960-8b5b-160b24329a56;419.98;0.36376;BUY
2016-04-04T01:25:31.450000;2016-04-04T01:25:31.640000;a0742cac-d1db-4e9e-8fee-107fe5484fd8;419.98;0.70725;BUY
2016-04-04T01:26:03.470000;2016-04-04T01:26:03.640000;f311e732-9c3b-4d5b-aee7-bf9ff98de1e6;419.98;1.65015;BUY
2016-04-04T01:26:31.470000;2016-04-04T01:26:31.657000;c58fbf27-7ae2-4712-88c7-d86694d58824;419.97;0.0101;SELL
2016-04-04T01:26:31.470000;2016-04-04T01:26:31.670000;967722f3-c0ad-4b73-a1af-77dc93f16c47;419.95;0.126;SELL
2016-04-04T01:26:31.470000;2016-04-04T01:26:31.670000;1212d7e5-c627-4133-bedd-e6c5c676f959;419.94;0.01;SELL
2016-04-04T01:26:31.473000;2016-04-04T01:26:31.670000;9c18a79e-f7e7-43dc-b34f-c68a32784c86;419.92;0.01;SELL
2016-04-04T01:26:31.473000;2016-04-04T01:26:31.703000;d9dfca11-a327-4c66-893a-982de3a1546e;419.9;0.01;SELL
2016-04-04T01:26:31.473000;2016-04-04T01:26:31.763000;ebfe51ad-506a-45d3-bd0b-256155aacfc4;419.9;0.089;SELL
2016-04-04T01:26:31.473000;2016-04-04T01:26:31.763000;549f3065-1e8a-4b7c-bb01-755ff6facf55;419.88;0.025;SELL
2016-04-04T01:26:31.473000;2016-04-04T01:26:31.763000;59706df5-6da7-4156-817d-27eafa968d77;419.87;0.025;SELL
2016-04-04T01:26:31.473000;2016-04-04T01:26:31.763000;a46b2b29-d320-45bc-982e-429125711c04;419.86;0.00894;SELL
2016-04-04T01:27:01.860000;2016-04-04T01:27:02.047000;0c2b37a2-6487-4f49-9d24-8f09e00ecb0e;419.95;0.01;BUY
2016-04-04T01:27:01.860000;2016-04-04T01:27:02.063000;420660a5-99c6-48ad-b6a6-04a39f7b4fce;419.95;0.44129;BUY
2016-04-04T01:27:31.747000;2016-04-04T01:27:31.920000;8e6755a7-f149-4369-a863-396bd2bf0ddb;419.96;0.476;BUY
2016-04-04T01:27:31.747000;2016-04-04T01:27:31.920000;1c1c6ada-6707-4a25-9dbf-698f99b7d34e;419.97;2.24577;BUY
2016-04-04T01:28:33.240000;2016-04-04T01:28:33.407000;42a715cc-f847-43a1-9937-1cefca8dc3c3;419.98;0.025;BUY
2016-04-04T01:28:33.240000;2016-04-04T01:28:33.437000;b527b47b-5f75-4858-9364-92f43a69dd0f;419.99;0.025;BUY
2016-04-04T01:28:33.240000;2016-04-04T01:28:33.437000;6aba8538-e8da-48ba-9e29-f86632e644dc;420.0;0.00565;BUY
2016-04-04T01:28:33.240000;2016-04-04T01:28:33.437000;8cdf056d-57c5-436d-898a-bf939567cac8;420.0;0.01;BUY
2016-04-04T01:28:33.240000;2016-04-04T01:28:33.437000;1c5724c3-4461-4c41-9786-53f8f69d4a76;420.0;4.70482;BUY
2016-04-04T01:29:36.800000;2016-04-04T01:29:36.970000;6323ef83-d04b-4a01-a9d6-3f7eb1a931e6;420.01;0.025;BUY
2016-04-04T01:29:36.800000;2016-04-04T01:29:37.000000;6e150c1d-82d9-4bca-87c4-0ca51ae17d51;420.01;0.018;BUY
2016-04-04T01:29:36.800000;2016-04-04T01:29:37.000000;c4a7bc65-b2fc-4e47-93b8-a9c23e34a9d6;420.02;0.13;BUY
2016-04-04T01:29:36.800000;2016-04-04T01:29:37.000000;732cc6fc-2e18-4505-a2ea-114f5db59a6f;420.04;0.2;BUY
2016-04-04T01:29:36.800000;2016-04-04T01:29:37.000000;1927a906-7f9d-4610-b5d4-da4fa97808f5;420.05;0.01;BUY
2016-04-04T01:29:36.800000;2016-04-04T01:29:37.013000;55404e7e-8369-43ca-848a-7b15fea75bf9;420.06;0.116;BUY
2016-04-04T01:29:36.800000;2016-04-04T01:29:37.013000;a1032abc-a9d7-46a8-bcee-e2f755958c3b;420.07;0.01;BUY
2016-04-04T01:29:36.800000;2016-04-04T01:29:37.013000;83fc0365-935c-44b1-bf6c-d64a5462625d;420.09;0.01;BUY
2016-04-04T01:29:36.800000;2016-04-04T01:29:37.013000;44a5d184-2b33-4f23-9b10-f214a0140e44;420.1;0.01;BUY
2016-04-04T01:29:36.800000;2016-04-04T01:29:37.013000;6ab3b4e0-a016-41ac-9072-b25776c17b16;420.11;0.103;BUY
2016-04-04T01:29:36.800000;2016-04-04T01:29:37.030000;48908d55-b6bf-4a10-9c5a-3d65a7d5b4fa;420.11;1.18061;BUY
2016-04-04T01:29:53.570000;2016-04-04T01:29:53.750000;b7fbcea1-fe68-4802-8e1c-f3bb458f4639;420.12;0.01;BUY
2016-04-04T01:29:53.570000;2016-04-04T01:29:53.750000;b764c95f-af87-4888-b436-6299c3af4f82;420.15;0.01;BUY
2016-04-04T01:29:53.570000;2016-04-04T01:29:53.770000;073155cf-c2f1-4c0f-865a-ad8fb495935c;420.15;0.01;BUY
2016-04-04T01:30:10.113000;2016-04-04T01:30:10.297000;61f76fac-c0e8-42de-84fc-64b115154bfa;420.1;0.015;BUY
2016-04-04T01:30:10.113000;2016-04-04T01:30:10.297000;3c79d3e5-f509-4910-834c-f2b82aa5417d;420.18;0.01;BUY
2016-04-04T01:30:10.113000;2016-04-04T01:30:10.297000;f9fbc8cc-cdbe-430e-838a-2b82454edcfe;420.19;0.01;BUY
2016-04-04T01:30:10.113000;2016-04-04T01:30:10.297000;b3410337-eb3b-45e9-894b-c0593c9aea3e;420.2;0.01;BUY
2016-04-04T01:30:10.113000;2016-04-04T01:30:10.313000;105b3878-beaa-442e-bea7-fca6bb1b4466;420.24;0.122;BUY
2016-04-04T01:30:10.113000;2016-04-04T01:30:10.327000;7afd290f-7e2b-43f5-9213-3a8380c12ddf;420.25;0.01;BUY
2016-04-04T01:30:10.113000;2016-04-04T01:30:10.327000;311fa854-7af0-4926-9910-78c378bd70ef;420.25;0.22337;BUY
2016-04-04T01:30:31.723000;2016-04-04T01:30:31.907000;52a5e7f4-cba1-44ec-a359-a680af506701;420.25;0.27663;BUY
2016-04-04T01:30:31.723000;2016-04-04T01:30:31.907000;ca73ce7d-0644-41e0-93a1-11410ddd86e0;420.25;0.01;BUY
2016-04-04T01:30:31.723000;2016-04-04T01:30:31.920000;023c8007-9a0b-484e-8fd2-01b50a74ad58;420.25;0.01;BUY
2016-04-04T01:30:31.723000;2016-04-04T01:30:31.920000;435fe4ca-d01f-4a19-9325-45d14b796281;420.27;0.01;BUY
2016-04-04T01:30:31.723000;2016-04-04T01:30:31.937000;7dda19ed-0d6b-4be4-997e-a454a6156469;420.27;0.02085;BUY
2016-04-04T01:30:31.723000;2016-04-04T01:30:31.987000;0b6af577-5709-4229-95b4-b4afcfdd963f;420.27;0.015;BUY
2016-04-04T01:30:31.723000;2016-04-04T01:30:31.987000;5d81ab19-fb70-4306-96a7-64a77641c055;420.28;0.085;BUY
2016-04-04T01:30:31.723000;2016-04-04T01:30:31.987000;9be4f60b-2aae-4678-a1a5-ed482c46c790;420.29;0.01;BUY
2016-04-04T01:30:31.727000;2016-04-04T01:30:31.987000;a542b9b0-474a-460a-b333-469b0aa30be8;420.3;0.01;BUY
2016-04-04T01:30:31.727000;2016-04-04T01:30:31.987000;c5c04f9d-dabc-4dcf-a0b9-dfe4ea1ba6c5;420.3;0.02;BUY
2016-04-04T01:30:31.727000;2016-04-04T01:30:32.000000;1be5b635-8715-4855-ad91-747e84f319f2;420.4;0.05;BUY
2016-04-04T01:30:31.727000;2016-04-04T01:30:32.000000;7a32ca6f-5242-4c86-82d4-25da93eb1132;420.4;0.08;BUY
2016-04-04T01:30:31.727000;2016-04-04T01:30:32.000000;5760f63d-6772-4097-86d8-3f0bf0c1e46c;420.41;0.3;BUY
2016-04-04T01:30:31.727000;2016-04-04T01:30:32.000000;3d865845-25d0-4789-a531-128972237464;420.44;0.3;BUY
2016-04-04T01:30:31.727000;2016-04-04T01:30:32.000000;5ddc7bb2-a9b7-479d-94d1-ab3c488af1a2;420.45;0.01;BUY
2016-04-04T01:30:31.727000;2016-04-04T01:30:32.000000;8afca814-8ea6-4f00-811b-6910eafe62d0;420.45;1.0;BUY
2016-04-04T01:30:31.727000;2016-04-04T01:30:32.000000;c0ea293a-895e-4846-85e7-f0a86018ad0f;420.45;0.12;BUY
2016-04-04T01:30:31.727000;2016-04-04T01:30:32.000000;70c264fd-f092-4e6b-97a0-5abf7b6ae9ae;420.46;1.31006;BUY
2016-04-04T01:30:31.727000;2016-04-04T01:30:32.000000;5b0b651b-71c7-414f-9498-40c4a84ce03a;420.35;0.01;BUY
2016-04-04T01:30:31.727000;2016-04-04T01:30:32.000000;b54e4de0-ba2a-4ee3-a6fe-e27ab2b1b326;420.35;0.084;BUY
2016-04-04T01:30:31.727000;2016-04-04T01:30:32.000000;504e5339-2ecd-475e-b58d-ffb9025043e1;420.37;0.01;BUY
2016-04-04T01:30:31.727000;2016-04-04T01:30:32.000000;4b056364-3ee1-4e87-87f6-f84b35623d5a;420.38;0.0195;BUY
2016-04-04T01:30:31.727000;2016-04-04T01:30:32.000000;4dfb716f-51fb-40ac-9026-e476241229b1;420.4;0.01;BUY
2016-04-04T01:31:30.667000;2016-04-04T01:31:30.860000;18c4e351-1fb3-4fb5-a048-7b33138021d1;420.28;0.04947;BUY
2016-04-04T01:32:30.660000;2016-04-04T01:32:30.830000;c32e7ad1-6dcb-4bf4-9fbe-1ce83701085c;420.28;0.015;BUY
2016-04-04T01:32:30.660000;2016-04-04T01:32:30.843000;5127598f-cbf1-4b5b-8399-47dcd70a8cfe;420.28;0.083;BUY
2016-04-04T01:32:30.660000;2016-04-04T01:32:30.843000;a50d4bf0-0693-441a-b47f-f49dd01128bf;420.29;0.02;BUY
2016-04-04T01:32:30.660000;2016-04-04T01:32:30.890000;71e31972-f9f3-4b52-b776-1409c1189540;420.33;0.1;BUY
2016-04-04T01:32:30.660000;2016-04-04T01:32:30.890000;26755b0e-d009-4079-b0b5-ff9bff041178;420.38;0.08352;BUY
2016-04-04T01:33:30.593000;2016-04-04T01:33:30.750000;d8d9cbc8-208b-4404-bd1a-70018f55915a;420.29;0.14132;BUY
2016-04-04T01:34:04.540000;2016-04-04T01:34:04.720000;6eaea75f-d4fd-4840-b215-4ed21869007b;420.26;0.16728;BUY
2016-04-04T01:34:31.070000;2016-04-04T01:34:31.233000;404ef409-5ba6-46f6-beba-794a516c902f;420.28;0.419;BUY
2016-04-04T01:34:31.070000;2016-04-04T01:34:31.233000;a379b334-7ffe-4e5e-ae99-94ac7e33d40b;420.29;0.3017;BUY
2016-04-04T01:35:03.880000;2016-04-04T01:35:04.047000;cc198504-11e5-4eda-9d6d-13fa2745b4e6;420.25;0.01;SELL
2016-04-04T01:35:03.880000;2016-04-04T01:35:04.067000;f5cbbaec-d3a3-492b-ad26-88b7b14df119;420.25;0.0115;SELL
2016-04-04T01:35:03.880000;2016-04-04T01:35:04.067000;e1c5909f-1222-4b1b-87bc-581c4f8d8a88;420.23;0.12;SELL
2016-04-04T01:35:03.880000;2016-04-04T01:35:04.093000;a91467b9-9d6c-4599-8945-ac5851b9fd6b;420.22;0.015;SELL
2016-04-04T01:35:03.880000;2016-04-04T01:35:04.093000;a0c02727-83a4-4afc-98cc-c2506efc366e;420.2;0.01;SELL
2016-04-04T01:35:03.880000;2016-04-04T01:35:04.093000;80d9d4c5-0a01-4a65-ae41-0413247f0c87;420.17;0.093;SELL
2016-04-04T01:35:03.880000;2016-04-04T01:35:04.093000;5cbff13e-d1a8-4f3d-8a9d-870af65c9491;420.16;0.08;SELL
2016-04-04T01:35:03.880000;2016-04-04T01:35:04.110000;5698056d-6e04-4092-8722-cd64fcc26c64;420.15;0.01;SELL
2016-04-04T01:35:03.880000;2016-04-04T01:35:04.110000;a71007a4-6708-41a6-a7ab-7a80e3f54e10;420.13;0.3;SELL
2016-04-04T01:35:03.880000;2016-04-04T01:35:04.110000;6cd1ec3c-c56d-4350-852f-eae29e6a9db9;420.12;0.99847;SELL
2016-04-04T01:35:26.740000;2016-04-04T01:35:26.907000;7dd6eb7c-07b2-4f35-9392-b6f9784effd6;420.18;0.08;BUY
2016-04-04T01:35:26.740000;2016-04-04T01:35:26.920000;991cd3a3-bfdd-49c2-af8a-da3ccae922e8;420.2;0.01;BUY
2016-04-04T01:35:26.740000;2016-04-04T01:35:26.920000;5c3120dd-cfe7-4dfa-a0a5-5c0ded4a523e;420.22;0.24;BUY
2016-04-04T01:35:31.667000;2016-04-04T01:35:31.843000;f41053c1-0ace-4178-8634-7cc2c13a154e;420.16;0.0341;BUY
2016-04-04T01:35:31.667000;2016-04-04T01:35:31.843000;b13d28cd-465e-433e-b62e-18e27f29a2db;420.18;0.0194;BUY
2016-04-04T01:35:31.667000;2016-04-04T01:35:31.843000;2c5355f0-6f79-4abf-a520-5ab7b382b724;420.23;0.062;BUY
2016-04-04T01:35:38.043000;2016-04-04T01:35:38.217000;58bb79c7-6376-461d-8edc-8b55af0448e4;420.22;0.05;SELL
2016-04-04T01:35:38.043000;2016-04-04T01:35:38.217000;18f3b3e7-946d-497e-b733-74dfda0432f0;420.16;0.086;SELL
2016-04-04T01:35:38.083000;2016-04-04T01:35:38.233000;cb1fc7a5-5e01-4835-854a-98929ab67118;420.16;0.106;BUY
2016-04-04T01:35:39.643000;2016-04-04T01:35:39.830000;6ea17e85-5a88-44cd-9406-911ef94cbe1a;420.16;0.01;SELL
2016-04-04T01:36:00.927000;2016-04-04T01:36:01.093000;776ede6e-81da-4dbf-a938-f205aa231c23;420.24;0.378;BUY
2016-04-04T01:36:00.930000;2016-04-04T01:36:01.093000;c5847acb-0861-4f77-ab1f-b785bbc9c1dd;420.24;0.08099;BUY
2016-04-04T01:36:31.163000;2016-04-04T01:36:31.330000;cb00770f-10aa-47c7-83a5-6b6893ce19f2;420.17;0.0288;SELL
2016-04-04T01:37:00.933000;2016-04-04T01:37:01.093000;ad689525-1d10-4a1a-a66a-b129b6a78a53;420.25;0.01;BUY
2016-04-04T01:37:00.933000;2016-04-04T01:37:01.110000;a73f7807-1bf3-45e9-8b31-4d4a4f440a0c;420.25;0.01;BUY
2016-04-04T01:37:00.933000;2016-04-04T01:37:01.110000;98dcca26-15df-4335-a6b6-c5dc62f7e7f3;420.27;0.04654;BUY
2016-04-04T01:37:31.897000;2016-04-04T01:37:32.047000;c9345c70-5b61-44ec-a4b1-fdc9738f5e4d;420.15;0.01;SELL
2016-04-04T01:37:31.897000;2016-04-04T01:37:32.047000;e60869c1-3840-4676-90d4-f502e5bf09ae;420.15;0.0412;SELL
2016-04-04T01:37:31.897000;2016-04-04T01:37:32.077000;127ae520-6f61-4d7a-8567-85bbd9f6a175;420.14;0.48417;SELL
2016-04-04T01:38:01.973000;2016-04-04T01:38:02.063000;e70fd3ca-3eb9-4017-badb-7d5edb5caeb7;420.2;0.01;BUY
2016-04-04T01:38:01.973000;2016-04-04T01:38:02.063000;464837f5-8dd9-475c-93e0-ef063634ebc6;420.2;0.08423;BUY
2016-04-04T01:38:31.490000;2016-04-04T01:38:31.560000;c6a8648d-3c98-4009-be93-09e5bd686853;420.16;0.0169;BUY
2016-04-04T01:38:31.490000;2016-04-04T01:38:31.560000;c73da9af-db40-4e6c-9e55-9104bb7bf688;420.23;0.48417;BUY
2016-04-04T01:38:31.490000;2016-04-04T01:38:31.560000;d3381976-f2af-45a1-be99-67e20ac9c70c;420.25;0.01;BUY
2016-04-04T01:38:31.490000;2016-04-04T01:38:31.560000;be7d46cb-c430-40d4-b87c-79143279fdd6;420.25;0.02450555;BUY
2016-04-04T01:38:31.490000;2016-04-04T01:38:31.577000;b2c3f867-0322-4630-be17-3d9b33e641da;420.25;0.17124445;BUY
2016-04-04T01:39:02.907000;2016-04-04T01:39:02.967000;dcb466e7-c9a8-476e-9641-bc7d3032c9e9;420.26;0.079;BUY
2016-04-04T01:39:02.907000;2016-04-04T01:39:02.967000;1c637eb4-8088-470c-8780-d99644ee6010;420.28;0.05;BUY
2016-04-04T01:39:02.907000;2016-04-04T01:39:03.000000;38b19819-5ec9-4aa6-a2fc-efa8ddf01d3d;420.29;0.01;BUY
2016-04-04T01:39:02.907000;2016-04-04T01:39:03.000000;c4031075-9afa-43c5-8624-864929367a84;420.3;0.01;BUY
2016-04-04T01:39:02.907000;2016-04-04T01:39:03.000000;c04aee8b-d33a-4702-a673-4c607c6b82d1;420.3;0.04608;BUY
2016-04-04T01:39:31.300000;2016-04-04T01:39:31.357000;9a11d581-d36a-4c1d-9cad-f55a9db40d16;420.28;0.331;BUY
2016-04-04T01:39:31.300000;2016-04-04T01:39:31.373000;99301be5-21c7-4b52-95a4-f07dd25902cd;420.29;0.769;BUY
2016-04-04T01:39:48.247000;2016-04-04T01:39:48.327000;d37b196e-f03b-4263-8b73-b54023a99beb;420.3;0.00392;BUY
2016-04-04T01:39:55.890000;2016-04-04T01:39:55.953000;14ede4a9-39e3-4bd1-9d24-4a7ef3c88d82;420.33;0.03;BUY
2016-04-04T01:40:01.040000;2016-04-04T01:40:01.097000;395c6b0f-d733-48a9-9f2b-857dcdf370c6;420.37;0.01;BUY
2016-04-04T01:40:01.040000;2016-04-04T01:40:01.107000;f4a745a2-aea8-4f8d-b7f4-63c9497ae761;420.38;0.015;BUY
2016-04-04T01:40:01.040000;2016-04-04T01:40:01.107000;fbe28329-3952-4f20-8774-465114fce058;420.38;0.08206;BUY
2016-04-04T01:40:30.757000;2016-04-04T01:40:30.810000;109bbe0b-6344-48f8-91ba-0129ff75a44a;420.38;0.28263;BUY
2016-04-04T01:41:01.130000;2016-04-04T01:41:01.203000;6d451ebc-2f4b-46f2-a2dd-c9692f327d97;420.38;2.77917;BUY
2016-04-04T01:41:30.933000;2016-04-04T01:41:31.000000;86435813-3389-4eca-8d93-412e4e65ef31;420.32;0.01;SELL
2016-04-04T01:41:30.933000;2016-04-04T01:41:31.000000;9405cbfe-1c60-45d3-b002-ba3db4fd9006;420.32;0.124;SELL
2016-04-04T01:41:30.933000;2016-04-04T01:41:31.000000;3a7cfaf3-d866-4890-a884-6a2cd4537fc0;420.32;0.05;SELL
2016-04-04T01:41:30.933000;2016-04-04T01:41:31.000000;741c3119-d37d-48c5-b1d4-714fe709dbdf;420.3;0.01;SELL
2016-04-04T01:41:30.933000;2016-04-04T01:41:31.030000;5762715b-e1c2-4089-bc0b-a468d8165c46;420.3;0.05;SELL
2016-04-04T01:41:30.933000;2016-04-04T01:41:31.030000;1ebc1895-9a0b-4f3f-bc71-7e65448e1860;420.29;0.32;SELL
2016-04-04T01:41:30.933000;2016-04-04T01:41:31.030000;02de7a9f-2cd8-4fae-91d0-feb4479ac9cb;420.25;0.01;SELL
2016-04-04T01:41:30.933000;2016-04-04T01:41:31.030000;cf64e51d-d93e-4b75-877e-894cd5b5b68a;420.2;0.01;SELL
2016-04-04T01:41:30.933000;2016-04-04T01:41:31.030000;cb5de5e5-fed4-48ad-b96a-99fe4dc6b016;420.2;0.14389;SELL
2016-04-04T01:42:31.060000;2016-04-04T01:42:31.123000;8d7c93a2-4396-425d-91fa-fb8b91503b73;420.33;0.01;BUY
2016-04-04T01:42:31.060000;2016-04-04T01:42:31.123000;7a20822c-67f7-409f-9218-a520c33adc51;420.33;0.01819;BUY
2016-04-04T01:42:33.393000;2016-04-04T01:42:33.437000;8e64960e-162e-4665-954f-c4eac4b53d11;420.33;0.0202;SELL
2016-04-04T01:43:01.010000;2016-04-04T01:43:01.077000;3c3f5aad-19ae-4982-b6f3-6b2273584028;420.34;0.015;BUY
2016-04-04T01:43:01.010000;2016-04-04T01:43:01.077000;77993931-cb78-460a-b4fc-991ce032f599;420.38;0.01;BUY
2016-04-04T01:43:01.010000;2016-04-04T01:43:01.077000;6e932228-2b99-47bc-bca0-1d9c1cd5c9d4;420.4;0.01;BUY
2016-04-04T01:43:01.010000;2016-04-04T01:43:01.077000;f9f095be-ae65-42f3-9a06-f2156cf16d91;420.4;0.01;BUY
2016-04-04T01:43:01.010000;2016-04-04T01:43:01.077000;7d2e95ba-cc5d-42f4-b28f-d402bd2eeec2;420.42;0.05;BUY
2016-04-04T01:43:01.010000;2016-04-04T01:43:01.093000;bc0496ae-2b89-4c53-895b-2d0a30701fed;420.43;0.02;BUY
2016-04-04T01:43:01.010000;2016-04-04T01:43:01.107000;0bef77dc-1630-4147-9801-badad11ff638;420.43;1.20882;BUY
2016-04-04T01:43:31.723000;2016-04-04T01:43:31.763000;9e3688a1-6452-4b1a-971d-54eecb70ddc0;420.29;0.0174;BUY
2016-04-04T01:43:31.723000;2016-04-04T01:43:31.797000;6f89e08b-4470-4bcc-855d-a07438168210;420.29;0.01435;BUY
2016-04-04T01:44:02.820000;2016-04-04T01:44:02.893000;2acc8ae3-3ba0-4935-afe8-b4e3efa41ce7;420.25;0.0194;BUY
