time_exchange;time_coinpai;guid;price;base_amount;taker_side
2016-02-12T00:00:04.000000;2016-02-12T00:00:04.000000;a288c6f3-2026-47ee-becd-354189e0714f;378.0;1.91742878;UNKNOWN
2016-02-12T00:00:17.000000;2016-02-12T00:00:17.000000;441a55bd-4cc4-4c04-9881-2da0f2176f62;378.0;2.0;UNKNOWN
2016-02-12T00:01:13.000000;2016-02-12T00:01:13.000000;0b80559a-ccbe-4ab0-85ab-b24c49d7187e;377.99;1.0;UNKNOWN
2016-02-12T00:01:29.000000;2016-02-12T00:01:29.000000;b545adf0-f7f0-44d9-83cc-63f9bd81434b;378.0;1.25;UNKNOWN
2016-02-12T00:02:11.000000;2016-02-12T00:02:11.000000;ba3b1c71-fe4e-4272-b207-a6a1a2bcf673;378.0;2.2513;UNKNOWN
2016-02-12T00:03:03.000000;2016-02-12T00:03:03.000000;aeea44be-aeed-4fe6-b03d-874a959aa782;377.99;3.09987883;UNKNOWN
2016-02-12T00:03:03.000000;2016-02-12T00:03:03.000000;c38e370c-271d-4615-acbc-6fd46f0c8236;377.99;4.89585677;UNKNOWN
2016-02-12T00:04:26.000000;2016-02-12T00:04:26.000000;b915b73a-c07a-4889-b4a3-1ed31a69a9be;378.0;18.08345898;UNKNOWN
2016-02-12T00:04:38.000000;2016-02-12T00:04:38.000000;6ed7f88e-cc82-48a4-b71c-cd83d0feebc1;378.0;1.0;UNKNOWN
2016-02-12T00:04:38.000000;2016-02-12T00:04:38.000000;36325f0d-0e9b-4805-b766-dbc79f1dea8f;378.0;14.02505543;UNKNOWN
2016-02-12T00:04:38.000000;2016-02-12T00:04:38.000000;51d5b381-eb0b-4eae-8f24-c40e7ce20ffb;378.0;3.0;UNKNOWN
2016-02-12T00:04:38.000000;2016-02-12T00:04:38.000000;4cdc4d55-ca62-4392-a3b8-dca548f590d7;378.0;0.03;UNKNOWN
2016-02-12T00:04:38.000000;2016-02-12T00:04:38.000000;69926e97-e563-4ce0-9611-68b9a621f6ee;378.0;4.27;UNKNOWN
2016-02-12T00:04:48.000000;2016-02-12T00:04:48.000000;e8044939-4643-4441-b5d0-f85d068fab23;378.04;19.22581756;UNKNOWN
2016-02-12T00:04:48.000000;2016-02-12T00:04:48.000000;6c4df8c0-106c-4f29-875c-d5961764d2c6;378.04;0.01;UNKNOWN
2016-02-12T00:04:52.000000;2016-02-12T00:04:52.000000;474ecbd4-f891-484a-a8db-9f2eb0c7918c;378.05;0.01403;UNKNOWN
2016-02-12T00:04:57.000000;2016-02-12T00:04:57.000000;113cc1c6-aeec-42ce-9e7e-d4f06844a786;378.05;0.98597;UNKNOWN
2016-02-12T00:05:03.000000;2016-02-12T00:05:03.000000;5435d4af-16c0-4be8-b925-216809b1355e;378.18;2.407;UNKNOWN
2016-02-12T00:05:03.000000;2016-02-12T00:05:03.000000;46f43173-ae7d-4e34-b934-9a944944cae4;378.15;5.25;UNKNOWN
2016-02-12T00:05:03.000000;2016-02-12T00:05:03.000000;0d4bfb6f-5673-4f27-ab5e-4cea3767f63d;378.06;0.139;UNKNOWN
2016-02-12T00:05:12.000000;2016-02-12T00:05:12.000000;184fd4ab-ec67-4d0c-b52d-d31e4922633d;378.18;0.24736;UNKNOWN
2016-02-12T00:05:30.000000;2016-02-12T00:05:30.000000;e32ea2b0-c562-4205-b6f5-f88ecdfb4d9b;378.25;5.0;UNKNOWN
2016-02-12T00:05:40.000000;2016-02-12T00:05:40.000000;cfed62ae-cbc7-4a56-b225-e5da00e4dacb;378.25;4.97;UNKNOWN
2016-02-12T00:06:19.000000;2016-02-12T00:06:19.000000;38b5f188-61bf-4c9d-ad29-3a8cb1aff743;378.29;0.052;UNKNOWN
2016-02-12T00:06:36.000000;2016-02-12T00:06:36.000000;9c9529a7-f67a-48da-a684-7e6e0f37dd1f;378.29;0.052;UNKNOWN
2016-02-12T00:06:52.000000;2016-02-12T00:06:52.000000;0aa40f36-053a-41cf-80cc-da1af84c3a05;378.3;0.1;UNKNOWN
2016-02-12T00:07:00.000000;2016-02-12T00:07:00.000000;273b436c-d035-4bd6-820b-5d2719cfdc9f;378.5;0.05;UNKNOWN
2016-02-12T00:07:04.000000;2016-02-12T00:07:04.000000;530a407e-fc46-4868-bae2-187c03495ae8;378.5;0.1;UNKNOWN
2016-02-12T00:07:04.000000;2016-02-12T00:07:04.000000;f5fe20f4-ee10-4354-b8c5-b925ebe5179d;378.5;1.95;UNKNOWN
2016-02-12T00:07:04.000000;2016-02-12T00:07:04.000000;7349b2ca-edd7-4efe-8a3c-6a5b5f0dc566;378.5;3.0;UNKNOWN
2016-02-12T00:07:11.000000;2016-02-12T00:07:11.000000;5762b9e8-c2e4-4d8a-802d-4b400bb43dfd;378.52;0.27800696;UNKNOWN
2016-02-12T00:07:11.000000;2016-02-12T00:07:11.000000;3572f44b-0628-4485-960f-a1fd586050a9;378.52;0.01;UNKNOWN
2016-02-12T00:07:11.000000;2016-02-12T00:07:11.000000;b6d54349-4cf9-4682-b8e6-1d609f76868b;378.54;3.79194843;UNKNOWN
2016-02-12T00:07:29.000000;2016-02-12T00:07:29.000000;4d63d266-a0c5-44c3-a73c-4bc1110ff734;378.63;0.1;UNKNOWN
2016-02-12T00:08:01.000000;2016-02-12T00:08:01.000000;80a164f4-dedf-442c-93d2-4960481d9139;378.63;3.69156503;UNKNOWN
2016-02-12T00:08:05.000000;2016-02-12T00:08:05.000000;add54b65-33d3-4009-b157-a032cafbf9a2;378.63;6.5;UNKNOWN
2016-02-12T00:08:05.000000;2016-02-12T00:08:05.000000;b09e8da6-a97b-45db-b8da-b3165595acbe;378.64;3.0;UNKNOWN
2016-02-12T00:08:05.000000;2016-02-12T00:08:05.000000;5495325d-ef1d-46d0-bd95-480be6321019;378.65;0.5;UNKNOWN
2016-02-12T00:08:27.000000;2016-02-12T00:08:27.000000;b1202e2b-4293-4606-9e40-10167031d905;378.76;1.0;UNKNOWN
2016-02-12T00:08:31.000000;2016-02-12T00:08:31.000000;83af91f9-5402-4d39-bf8a-c8b37259cb1f;378.76;0.1;UNKNOWN
2016-02-12T00:08:39.000000;2016-02-12T00:08:39.000000;c35f784c-0ef8-4b42-b6d5-950bd03dfce4;378.76;0.01;UNKNOWN
2016-02-12T00:08:43.000000;2016-02-12T00:08:43.000000;cc47492b-b704-417b-a049-899da0b21cb7;378.76;0.01;UNKNOWN
2016-02-12T00:08:46.000000;2016-02-12T00:08:46.000000;c3e625b3-6aff-4dae-9624-df9c5456a558;378.76;0.01;UNKNOWN
2016-02-12T00:08:48.000000;2016-02-12T00:08:48.000000;09f391f7-6245-4fdf-b8a2-e184ced2165b;378.76;0.01;UNKNOWN
2016-02-12T00:09:04.000000;2016-02-12T00:09:04.000000;4c17f372-1372-4a6c-bfeb-2984c3be421f;378.64;4.8;UNKNOWN
2016-02-12T00:09:05.000000;2016-02-12T00:09:05.000000;56ae7ece-38a0-4b34-9592-6ac8bf73e88f;378.64;1.43060332;UNKNOWN
2016-02-12T00:09:14.000000;2016-02-12T00:09:14.000000;7c17408f-08ab-4878-88fe-73516ea7a220;378.64;10.00574287;UNKNOWN
2016-02-12T00:09:26.000000;2016-02-12T00:09:26.000000;204e851f-3c98-4baa-8378-d9c4c96e5232;378.64;2.5;UNKNOWN
2016-02-12T00:09:57.000000;2016-02-12T00:09:57.000000;55dd9217-42a0-4e46-988a-53d5bcf0b1ef;378.75;5.0;UNKNOWN
2016-02-12T00:10:10.000000;2016-02-12T00:10:10.000000;d03fdd13-319c-4611-b006-1366a886b66e;378.78;0.131;UNKNOWN
2016-02-12T00:10:55.000000;2016-02-12T00:10:55.000000;e45c0e82-df03-49e5-ae70-1d8eb53d277f;378.8;1.0;UNKNOWN
2016-02-12T00:11:13.000000;2016-02-12T00:11:13.000000;b91f9dce-2943-4f4b-b042-f4e1426f34d3;378.85;0.414;UNKNOWN
2016-02-12T00:11:14.000000;2016-02-12T00:11:14.000000;b2309372-36dd-4225-8a87-b656a0a77d49;378.85;0.01;UNKNOWN
2016-02-12T00:11:18.000000;2016-02-12T00:11:18.000000;8d059954-ce3e-4d2f-98bd-24a53f987867;378.85;0.01;UNKNOWN
2016-02-12T00:11:30.000000;2016-02-12T00:11:30.000000;f3ea4eb8-c4ed-43e6-909d-0d57020dad74;378.81;0.01;UNKNOWN
2016-02-12T00:11:39.000000;2016-02-12T00:11:39.000000;8c760e20-fb0b-4b98-847c-aa81185e0a56;378.81;0.2269;UNKNOWN
2016-02-12T00:11:43.000000;2016-02-12T00:11:43.000000;4507357d-2a1f-4a34-ae10-f39c56a60e42;378.81;0.01;UNKNOWN
2016-02-12T00:11:55.000000;2016-02-12T00:11:55.000000;aba260b5-7744-4ea3-b47a-749a522d72a8;378.8;2.1;UNKNOWN
2016-02-12T00:11:55.000000;2016-02-12T00:11:55.000000;78ac0aff-ab35-4230-acbd-5866dd53095a;378.76;0.9;UNKNOWN
2016-02-12T00:12:43.000000;2016-02-12T00:12:43.000000;2da6c6db-9491-4281-8d10-b9e962ee06f9;378.83;26.20896201;UNKNOWN
2016-02-12T00:12:43.000000;2016-02-12T00:12:43.000000;03b1bb83-3ef5-4449-82ee-d8e1e9187faa;378.83;3.79103799;UNKNOWN
2016-02-12T00:14:00.000000;2016-02-12T00:14:00.000000;ec70360c-71cf-4fb2-a24c-f35466a950c8;378.8;2.1;UNKNOWN
2016-02-12T00:14:06.000000;2016-02-12T00:14:06.000000;723f0554-3f9c-476c-9f4a-b3bfeadd9305;378.8;0.01272;UNKNOWN
2016-02-12T00:14:08.000000;2016-02-12T00:14:08.000000;a31e908d-2222-4266-80fe-6741a8dcd3e6;378.8;0.01;UNKNOWN
2016-02-12T00:16:11.000000;2016-02-12T00:16:11.000000;61f5e54f-56a7-46cb-8ef5-215ac87a9c79;378.8;8.32728;UNKNOWN
2016-02-12T00:16:34.000000;2016-02-12T00:16:34.000000;1574efeb-f95d-43be-b143-eee319c7215a;378.84;0.6043746;UNKNOWN
2016-02-12T00:16:34.000000;2016-02-12T00:16:34.000000;5136ed1c-0921-473e-b636-da97713f4a04;378.84;3.79180465;UNKNOWN
2016-02-12T00:16:53.000000;2016-02-12T00:16:53.000000;dd0eebe6-1402-4d5d-a62e-c8897b110271;378.87;0.7;UNKNOWN
2016-02-12T00:17:19.000000;2016-02-12T00:17:19.000000;62370b04-69fa-497c-8402-cb57cbe16182;378.86;0.01;UNKNOWN
2016-02-12T00:17:20.000000;2016-02-12T00:17:20.000000;2f81f8d0-e799-400a-9439-da0b8c862068;378.77;3.4;UNKNOWN
2016-02-12T00:17:29.000000;2016-02-12T00:17:29.000000;8eb4f50e-9c29-4ddc-a06e-b2846430fa93;378.77;0.6;UNKNOWN
2016-02-12T00:17:29.000000;2016-02-12T00:17:29.000000;7a4479e4-3749-4664-8641-c8620c5780b3;378.77;7.0;UNKNOWN
2016-02-12T00:17:29.000000;2016-02-12T00:17:29.000000;bb35b7dd-7497-4b7b-bb69-d47130436c70;378.76;3.1;UNKNOWN
2016-02-12T00:17:29.000000;2016-02-12T00:17:29.000000;3644a025-f134-4674-926c-bb6b356160fa;378.77;4.0;UNKNOWN
2016-02-12T00:17:35.000000;2016-02-12T00:17:35.000000;aa9fe4e4-b9c3-4e55-bf70-1b6366eefbb2;378.75;6.0;UNKNOWN
2016-02-12T00:17:35.000000;2016-02-12T00:17:35.000000;8d4d456b-f148-4276-aca7-91be88f145fd;378.76;7.0;UNKNOWN
2016-02-12T00:17:41.000000;2016-02-12T00:17:41.000000;18a7c7ec-aa96-49ac-9409-847066bd7f72;378.64;2.4;UNKNOWN
2016-02-12T00:17:47.000000;2016-02-12T00:17:47.000000;11060c84-dd51-4a86-91d6-13d45d923551;378.63;0.1;UNKNOWN
2016-02-12T00:17:51.000000;2016-02-12T00:17:51.000000;9284ab90-90d7-4c87-b329-4b6069a5e7bd;378.64;6.5452;UNKNOWN
2016-02-12T00:17:54.000000;2016-02-12T00:17:54.000000;815ed44c-f7d0-4077-9f73-0cfc7ebd0345;378.63;6.59156503;UNKNOWN
2016-02-12T00:17:54.000000;2016-02-12T00:17:54.000000;e1154eec-9ef5-4825-b17e-b2b6fd93657c;378.63;0.70843497;UNKNOWN
2016-02-12T00:18:00.000000;2016-02-12T00:18:00.000000;0ab9f466-ccfb-4849-953d-b5e0f76bfa5c;378.63;3.7;UNKNOWN
2016-02-12T00:18:37.000000;2016-02-12T00:18:37.000000;b024d4bd-b206-4a81-9cde-327e8ebd98e3;378.63;0.70843497;UNKNOWN
2016-02-12T00:18:37.000000;2016-02-12T00:18:37.000000;4cf01b8a-1335-45e2-a469-316c9e8a9846;378.63;4.0;UNKNOWN
2016-02-12T00:18:37.000000;2016-02-12T00:18:37.000000;dc38ba22-5890-46df-ab65-e6df64853442;378.63;2.59156503;UNKNOWN
2016-02-12T00:18:46.000000;2016-02-12T00:18:46.000000;ee898e61-ed05-4446-be5d-2aface3afa7f;378.63;0.2;UNKNOWN
2016-02-12T00:18:46.000000;2016-02-12T00:18:46.000000;7722a736-5033-4b0a-813e-95a24323493e;378.7;0.15;UNKNOWN
2016-02-12T00:18:46.000000;2016-02-12T00:18:46.000000;339016cd-1c0c-4566-b544-5aec152fc8ed;378.69;0.5;UNKNOWN
2016-02-12T00:18:59.000000;2016-02-12T00:18:59.000000;a958e600-e19f-4409-bb34-747016eba041;378.63;1.20843497;UNKNOWN
2016-02-12T00:18:59.000000;2016-02-12T00:18:59.000000;29f1d9fd-2bc7-4bc1-9819-5680a7c91ce1;378.63;2.79156503;UNKNOWN
2016-02-12T00:19:25.000000;2016-02-12T00:19:25.000000;801bd396-7889-45b1-b9b6-48d4f1bb449b;378.62;2.10722414;UNKNOWN
2016-02-12T00:19:25.000000;2016-02-12T00:19:25.000000;98b60d86-e72f-4fc5-b5d0-f6126569b447;378.63;1.20843497;UNKNOWN
2016-02-12T00:20:03.000000;2016-02-12T00:20:03.000000;3cb350e6-5cb7-4ee1-a44d-d3c5658647bd;378.62;0.1321388;UNKNOWN
2016-02-12T00:22:44.000000;2016-02-12T00:22:44.000000;8520d30f-c870-4702-87c1-cd55b7294752;378.62;2.41434;UNKNOWN
2016-02-12T00:22:59.000000;2016-02-12T00:22:59.000000;c5271410-edb8-4c2d-a8ff-4fcc3dcb1279;378.62;1.0;UNKNOWN
2016-02-12T00:23:08.000000;2016-02-12T00:23:08.000000;56c1261e-5c0f-40b2-be02-7f3f27b83409;378.62;5.4;UNKNOWN
2016-02-12T00:24:20.000000;2016-02-12T00:24:20.000000;4121c4ab-f01d-462b-89b7-572502eb6969;378.62;0.1;UNKNOWN
2016-02-12T00:24:27.000000;2016-02-12T00:24:27.000000;4c4abd04-cbd2-46c7-84d5-e021b39fccf4;378.62;0.1;UNKNOWN
2016-02-12T00:24:34.000000;2016-02-12T00:24:34.000000;40e03393-54f6-406f-843e-d9c615a4c33a;378.62;0.1;UNKNOWN
2016-02-12T00:24:38.000000;2016-02-12T00:24:38.000000;9eac14fd-4c63-45a5-8845-7f0e6281f306;378.62;0.02;UNKNOWN
2016-02-12T00:25:05.000000;2016-02-12T00:25:05.000000;6a7eb78c-6e5f-48ef-94ba-8a8c000f302f;378.62;0.05;UNKNOWN
2016-02-12T00:25:15.000000;2016-02-12T00:25:15.000000;4ff16229-bee2-4546-b43e-0c04ec2878e7;378.62;0.2;UNKNOWN
2016-02-12T00:25:21.000000;2016-02-12T00:25:21.000000;727bb9fc-0b9d-47ea-bcd5-66c2cb58025e;378.62;1.1;UNKNOWN
2016-02-12T00:25:27.000000;2016-02-12T00:25:27.000000;51711533-7040-4b85-98fe-226d8f821a2b;378.62;1.6;UNKNOWN
2016-02-12T00:25:37.000000;2016-02-12T00:25:37.000000;3fc9d922-65e6-41d3-b1bc-8b578c1f4b50;378.62;0.1;UNKNOWN
2016-02-12T00:25:43.000000;2016-02-12T00:25:43.000000;aad0e890-c767-45a1-a557-112ed8619ec4;378.62;1.5;UNKNOWN
2016-02-12T00:25:45.000000;2016-02-12T00:25:45.000000;1b5219f7-4386-45b3-a439-813091d048bb;378.62;2.92370294;UNKNOWN
2016-02-12T00:25:45.000000;2016-02-12T00:25:45.000000;84a76b0a-4438-46d5-89e7-2f219aa1ccd6;378.62;1.07629706;UNKNOWN
2016-02-12T00:25:50.000000;2016-02-12T00:25:50.000000;d319956c-df80-4061-9b6f-631b7286ab2c;378.62;0.7;UNKNOWN
2016-02-12T00:25:57.000000;2016-02-12T00:25:57.000000;052ba9a6-76e9-4839-9698-426029e4e6af;378.62;1.5;UNKNOWN
2016-02-12T00:26:04.000000;2016-02-12T00:26:04.000000;6aa052a8-697a-4a84-98ba-8758b84ce9a9;378.62;1.8;UNKNOWN
2016-02-12T00:26:10.000000;2016-02-12T00:26:10.000000;49bc1207-5075-4b04-bdb6-d4f04148407f;378.62;0.72370294;UNKNOWN
2016-02-12T00:26:10.000000;2016-02-12T00:26:10.000000;873ecadc-57fc-4485-95a0-ab2ecfcf2ce8;378.62;0.07629706;UNKNOWN
2016-02-12T00:26:17.000000;2016-02-12T00:26:17.000000;df5015c5-7e51-4d3d-b6dc-c4d2df9bd3e1;378.62;0.00529706;UNKNOWN
2016-02-12T00:26:17.000000;2016-02-12T00:26:17.000000;27088ca8-0762-40ff-97da-909b7e254313;378.62;2.49470294;UNKNOWN
2016-02-12T00:26:23.000000;2016-02-12T00:26:23.000000;61701186-d6a6-47a4-94a9-aec2cefe2b6f;378.62;2.3;UNKNOWN
2016-02-12T00:26:24.000000;2016-02-12T00:26:24.000000;5fc71983-2430-4bf5-a89d-2b35266033db;378.62;2.20529706;UNKNOWN
2016-02-12T00:27:09.000000;2016-02-12T00:27:09.000000;7896e47e-1b26-4723-b34b-9fc3790f3037;378.5;1.95;UNKNOWN
2016-02-12T00:27:09.000000;2016-02-12T00:27:09.000000;94cd0057-63f4-475a-ad10-4748af55f614;378.5;0.60524391;UNKNOWN
2016-02-12T00:27:09.000000;2016-02-12T00:27:09.000000;4f2d4af8-b0dd-4f5c-a0c0-8749482cdb67;378.54;2.92004461;UNKNOWN
2016-02-12T00:28:04.000000;2016-02-12T00:28:04.000000;467862fe-f60a-42b9-83c4-b187215bd44a;378.5;0.11774027;UNKNOWN
2016-02-12T00:28:04.000000;2016-02-12T00:28:04.000000;2b44be0b-eab0-4c23-bee0-5f9231bdca83;378.5;0.39720265;UNKNOWN
2016-02-12T00:28:04.000000;2016-02-12T00:28:04.000000;41cb640a-3834-4ec7-8fd0-a9d908241bd8;378.5;0.67173061;UNKNOWN
2016-02-12T00:28:04.000000;2016-02-12T00:28:04.000000;bd3c4cfb-b900-4f87-a636-242dd3bed356;378.5;0.06092904;UNKNOWN
2016-02-12T00:28:04.000000;2016-02-12T00:28:04.000000;2a56b4b0-0b26-42c5-84ea-a12b4327d59d;378.5;8.2663234;UNKNOWN
2016-02-12T00:28:04.000000;2016-02-12T00:28:04.000000;e9ab8b21-8e22-48c3-8161-25810c619105;378.5;0.2663234;UNKNOWN
2016-02-12T00:28:04.000000;2016-02-12T00:28:04.000000;771cf1a7-34f3-47e9-93e7-39fea2af1288;378.5;1.10800868;UNKNOWN
2016-02-12T00:28:04.000000;2016-02-12T00:28:04.000000;1ad966fe-d434-40f4-89b3-d093f658b799;378.5;1.03421308;UNKNOWN
2016-02-12T00:28:04.000000;2016-02-12T00:28:04.000000;91001c9b-e0b7-4061-a0da-4bcb3a604b7d;378.5;13.39475609;UNKNOWN
2016-02-12T00:31:05.000000;2016-02-12T00:31:05.000000;ee1e36a6-e852-4c8b-a65a-0d129fdb1d3b;378.35;0.07809;UNKNOWN
2016-02-12T00:31:23.000000;2016-02-12T00:31:23.000000;ac63a354-4243-4099-967f-fb4944ac5a69;378.35;4.92191;UNKNOWN
2016-02-12T00:31:23.000000;2016-02-12T00:31:23.000000;aa655937-fd3c-479d-a99d-eb0b506420d7;378.35;7.0;UNKNOWN
2016-02-12T00:31:28.000000;2016-02-12T00:31:28.000000;f86eb8f8-3ab5-46c4-a6df-62b2ed388df9;378.34;0.02;UNKNOWN
2016-02-12T00:31:30.000000;2016-02-12T00:31:30.000000;d6f2d8ef-fc2d-4ce2-8cf8-065207347eb6;378.32;17.0;UNKNOWN
2016-02-12T00:31:30.000000;2016-02-12T00:31:30.000000;f0a1ccc1-bc03-4faf-b657-2235eb1280b3;378.33;0.0353;UNKNOWN
2016-02-12T00:31:30.000000;2016-02-12T00:31:30.000000;6a946173-8afe-4df3-8047-b40016530e26;378.29;7.0;UNKNOWN
2016-02-12T00:31:30.000000;2016-02-12T00:31:30.000000;89e2ef86-a945-4dc6-8b62-8a773066010e;378.29;11.896;UNKNOWN
2016-02-12T00:31:30.000000;2016-02-12T00:31:30.000000;9fd76acc-6c88-4cde-b14e-aad03175dd56;378.01;2.8687;UNKNOWN
2016-02-12T00:31:30.000000;2016-02-12T00:31:30.000000;822c9c18-8b9e-434e-a751-1068c266f215;378.33;2.0;UNKNOWN
2016-02-12T00:31:30.000000;2016-02-12T00:31:30.000000;b1aead17-0d94-4358-9cf8-b3f7f159d6ab;378.26;0.1;UNKNOWN
2016-02-12T00:32:50.000000;2016-02-12T00:32:50.000000;a1282051-25f2-495b-8353-79732259cc28;378.06;0.07;UNKNOWN
2016-02-12T00:33:49.000000;2016-02-12T00:33:49.000000;ac4ad5cf-053a-4123-8d43-a1769f3a810e;378.17;3.9061;UNKNOWN
2016-02-12T00:33:49.000000;2016-02-12T00:33:49.000000;e659a293-b3f8-4cfe-86ed-196f1ddb7449;378.06;16.5456;UNKNOWN
2016-02-12T00:33:49.000000;2016-02-12T00:33:49.000000;0a5f918d-e1ac-465c-a27d-c1b56b7d1700;378.17;6.5483;UNKNOWN
2016-02-12T00:34:00.000000;2016-02-12T00:34:00.000000;7c341bc4-5220-4cdd-abbc-99ab85a3d3c6;378.06;2.089595;UNKNOWN
2016-02-12T00:34:19.000000;2016-02-12T00:34:19.000000;fdc464a7-4c93-404f-9eb5-3f57446c98a0;378.05;6.5603;UNKNOWN
2016-02-12T00:34:19.000000;2016-02-12T00:34:19.000000;da11d82d-f37f-4c76-9717-1dc9f46bb712;378.04;7.0;UNKNOWN
2016-02-12T00:34:19.000000;2016-02-12T00:34:19.000000;aa87ab74-af53-4f6a-ba9e-e00b2185a0cc;378.02;5.7057;UNKNOWN
2016-02-12T00:34:19.000000;2016-02-12T00:34:19.000000;35fcf58f-92a0-4f77-9b10-ba9d7b803cf0;378.05;5.234;UNKNOWN
2016-02-12T00:35:06.000000;2016-02-12T00:35:06.000000;21fc016a-deb3-4cb6-b220-e0b37b99cd56;378.02;1.2943;UNKNOWN
2016-02-12T00:35:06.000000;2016-02-12T00:35:06.000000;4be0e6d7-f2ed-48ec-879d-521044ed926f;378.0;0.015;UNKNOWN
2016-02-12T00:35:06.000000;2016-02-12T00:35:06.000000;8006bbbd-1509-4f5f-a74d-ceecf7b11fea;378.0;3.0;UNKNOWN
2016-02-12T00:35:20.000000;2016-02-12T00:35:20.000000;950f8bc3-2b83-43b1-af60-e51cf2566883;377.72;0.01;UNKNOWN
2016-02-12T00:35:20.000000;2016-02-12T00:35:20.000000;310014d7-8ded-43eb-bdd7-d43761ee8731;377.6;1.02;UNKNOWN
2016-02-12T00:35:20.000000;2016-02-12T00:35:20.000000;55e2c68c-2bd7-40c4-b396-facc967b0c60;377.72;0.01;UNKNOWN
2016-02-12T00:35:20.000000;2016-02-12T00:35:20.000000;2f5917fb-6ddd-4a34-8712-55e1cbca295f;377.66;0.01;UNKNOWN
2016-02-12T00:35:20.000000;2016-02-12T00:35:20.000000;396e52f0-87b8-440a-bf3e-edd540bf0c47;377.66;0.01;UNKNOWN
2016-02-12T00:35:41.000000;2016-02-12T00:35:41.000000;92f845ca-336d-4e53-a3ca-9d112af4222b;377.05;7.52;UNKNOWN
2016-02-12T00:35:41.000000;2016-02-12T00:35:41.000000;35e0af77-2bb8-462b-b3e9-1d309fe5deb5;377.46;6.565;UNKNOWN
2016-02-12T00:35:41.000000;2016-02-12T00:35:41.000000;4ab7780b-7f5e-42d5-9982-492077fe8cee;377.46;0.5;UNKNOWN
2016-02-12T00:35:41.000000;2016-02-12T00:35:41.000000;65bf7f66-7930-4d28-9333-76e2985f1057;377.04;14.265;UNKNOWN
2016-02-12T00:35:41.000000;2016-02-12T00:35:41.000000;6672d60d-66b7-40a6-9fe9-03846aba41ed;377.39;12.0;UNKNOWN
2016-02-12T00:35:41.000000;2016-02-12T00:35:41.000000;0bc6a703-960f-41f3-9337-34d77e3a59ff;377.45;3.0;UNKNOWN
2016-02-12T00:35:41.000000;2016-02-12T00:35:41.000000;144dfe51-34a9-4df0-9bb7-65c4c285a566;377.24;0.01;UNKNOWN
2016-02-12T00:35:41.000000;2016-02-12T00:35:41.000000;1b92a468-22d4-40db-b91e-23c1a3645f25;377.55;0.1;UNKNOWN
2016-02-12T00:35:41.000000;2016-02-12T00:35:41.000000;e5272ea1-7d49-45bc-8791-921deed2db38;377.32;0.01;UNKNOWN
2016-02-12T00:35:41.000000;2016-02-12T00:35:41.000000;6f199e58-7963-4821-9259-cb8645873cdb;377.32;0.01;UNKNOWN
2016-02-12T00:35:41.000000;2016-02-12T00:35:41.000000;b3903421-fe5a-43f8-8435-645829157760;377.44;6.0;UNKNOWN
2016-02-12T00:35:41.000000;2016-02-12T00:35:41.000000;2867601b-cc38-45eb-9541-097557944eeb;377.3;0.01;UNKNOWN
2016-02-12T00:35:41.000000;2016-02-12T00:35:41.000000;d7dd0054-5b2e-476e-a22e-22a6aa41bddf;377.32;0.01;UNKNOWN
2016-02-12T00:35:42.000000;2016-02-12T00:35:42.000000;44d287d4-0cd7-4b59-b0c9-27b9396c5bd0;377.62;0.94905;UNKNOWN
2016-02-12T00:36:09.000000;2016-02-12T00:36:09.000000;3251a817-a0c1-4fd8-b757-f3796c42c64e;377.47;0.94949;UNKNOWN
2016-02-12T00:36:30.000000;2016-02-12T00:36:30.000000;c18f87ab-ce85-4a62-9bc7-77f7ae382f9a;377.6;5.0;UNKNOWN
2016-02-12T00:37:18.000000;2016-02-12T00:37:18.000000;903cecff-6328-4bb5-975b-c3b0b0b451a4;377.63;0.0708;UNKNOWN
2016-02-12T00:37:19.000000;2016-02-12T00:37:19.000000;82f0ee3a-417e-47a8-a369-b55660ce4247;377.63;0.01403;UNKNOWN
2016-02-12T00:37:42.000000;2016-02-12T00:37:42.000000;a77243b7-3a43-471b-a523-19ee6dad413e;377.64;4.85009428;UNKNOWN
2016-02-12T00:37:48.000000;2016-02-12T00:37:48.000000;c4e7d8a2-e875-47f2-a10f-7662a9794a28;377.74;0.01;UNKNOWN
2016-02-12T00:37:48.000000;2016-02-12T00:37:48.000000;c5ba4388-1276-497f-b9c0-72521af6521a;377.74;0.01;UNKNOWN
2016-02-12T00:37:48.000000;2016-02-12T00:37:48.000000;62cf51d3-59e8-413c-9445-25ebc1ee313e;377.65;0.01;UNKNOWN
2016-02-12T00:37:48.000000;2016-02-12T00:37:48.000000;cc40e46c-e97b-4fc3-b4bf-57383ac02268;377.65;0.01;UNKNOWN
2016-02-12T00:38:22.000000;2016-02-12T00:38:22.000000;53ab8615-4162-4801-af02-e495003d1592;377.75;7.0;UNKNOWN
2016-02-12T00:38:22.000000;2016-02-12T00:38:22.000000;673ba287-3c48-455b-8e58-74055a36db77;377.75;1.0;UNKNOWN
2016-02-12T00:38:32.000000;2016-02-12T00:38:32.000000;9c192db9-d034-451c-a61c-05b44802d6d5;377.75;0.26327899;UNKNOWN
2016-02-12T00:39:05.000000;2016-02-12T00:39:05.000000;fe59f781-4477-4169-8473-65a9918cfaf7;377.76;0.04539337;UNKNOWN
2016-02-12T00:39:13.000000;2016-02-12T00:39:13.000000;81fd956a-7f73-4302-8c53-b245abe35f11;377.78;0.1099;UNKNOWN
2016-02-12T00:40:55.000000;2016-02-12T00:40:55.000000;e339bfd7-fb88-4a30-9b75-dead6b3293e7;377.77;0.54475649;UNKNOWN
2016-02-12T00:42:29.000000;2016-02-12T00:42:29.000000;775a9509-2d16-4312-9524-c4575b99dcdf;377.78;0.20811;UNKNOWN
2016-02-12T00:42:36.000000;2016-02-12T00:42:36.000000;dbf6c9d0-5718-42dd-8f66-87e8f295a498;377.78;2.5;UNKNOWN
2016-02-12T00:42:37.000000;2016-02-12T00:42:37.000000;84bb2509-91fb-4bbe-83a4-095b46f1781c;377.78;0.311;UNKNOWN
2016-02-12T00:43:05.000000;2016-02-12T00:43:05.000000;78a23f82-9dd6-44c0-aea6-51a9c6a1537f;377.78;0.079;UNKNOWN
2016-02-12T00:44:20.000000;2016-02-12T00:44:20.000000;4c29a6a1-9023-4b94-90bc-fd6f2f591f15;377.78;0.12199;UNKNOWN
2016-02-12T00:45:48.000000;2016-02-12T00:45:48.000000;a808f292-0b03-4fc3-814a-2f5370d39df0;377.78;1.5;UNKNOWN
2016-02-12T00:46:34.000000;2016-02-12T00:46:34.000000;ebd8f210-b27a-46fc-886c-39d10abaa4f5;377.78;0.05;UNKNOWN
2016-02-12T00:47:44.000000;2016-02-12T00:47:44.000000;0f910ba4-0ec7-4fe2-9f8b-87df9d913c2a;377.78;0.416;UNKNOWN
2016-02-12T00:48:06.000000;2016-02-12T00:48:06.000000;554ff358-15ae-4683-8fdb-a630132caaa1;377.78;0.1;UNKNOWN
2016-02-12T00:48:07.000000;2016-02-12T00:48:07.000000;bc42c46e-5ddb-44ef-a09a-2a0629ab65e5;377.78;0.39442545;UNKNOWN
2016-02-12T00:49:05.000000;2016-02-12T00:49:05.000000;9e456dac-4542-480e-8057-3942b255ca3f;377.77;0.5;UNKNOWN
2016-02-12T00:50:43.000000;2016-02-12T00:50:43.000000;4e1ad4a4-a3d2-4dd1-a0e4-2dac2bc0c530;377.8;0.00975906;UNKNOWN
2016-02-12T00:50:43.000000;2016-02-12T00:50:43.000000;d1e1f069-6b10-4141-b6d9-b862e45ae1c7;377.8;0.01;UNKNOWN
2016-02-12T00:51:06.000000;2016-02-12T00:51:06.000000;1f9a1200-c25c-4cc2-a044-ff75c6911824;377.78;0.0812063;UNKNOWN
2016-02-12T00:51:06.000000;2016-02-12T00:51:06.000000;671e4a36-0d47-4c8e-b2c5-7363e6cb8d8d;377.78;0.0187937;UNKNOWN
2016-02-12T00:53:25.000000;2016-02-12T00:53:25.000000;aed1b901-3c39-4612-94bb-33cc0af6855a;377.8;0.00024094;UNKNOWN
2016-02-12T00:53:25.000000;2016-02-12T00:53:25.000000;c281403d-bb5d-40c4-8472-c9253979a82f;377.8;0.19935906;UNKNOWN
2016-02-12T00:56:43.000000;2016-02-12T00:56:43.000000;857bece1-40a9-4f00-84e4-df4b4b2cb4a6;377.79;0.13326521;UNKNOWN
2016-02-12T00:56:43.000000;2016-02-12T00:56:43.000000;88453f9f-9210-43a2-ab2e-762360a4ef63;377.79;0.68360663;UNKNOWN
2016-02-12T00:56:43.000000;2016-02-12T00:56:43.000000;dc118d83-2f04-46ac-acb6-1507f1916043;377.77;1.56283364;UNKNOWN
2016-02-12T00:56:43.000000;2016-02-12T00:56:43.000000;dc31bb02-70d2-4952-8007-ae2635203588;377.79;0.36505101;UNKNOWN
2016-02-12T00:56:43.000000;2016-02-12T00:56:43.000000;a1277c6f-7c83-423b-b11d-ca63e7879e85;377.77;3.95524351;UNKNOWN
2016-02-12T00:58:55.000000;2016-02-12T00:58:55.000000;2d985b03-8284-4cb9-8635-9dc7d6b636d7;377.8;0.2495;UNKNOWN
2016-02-12T01:00:04.000000;2016-02-12T01:00:04.000000;fad916de-0cee-4d28-ba52-8b8e2cb50739;377.8;0.91352594;UNKNOWN
2016-02-12T01:00:04.000000;2016-02-12T01:00:04.000000;da6421dc-bad4-47f5-aab3-a2b91044269d;377.8;0.33007554;UNKNOWN
2016-02-12T01:00:04.000000;2016-02-12T01:00:04.000000;29082c87-7840-4135-a243-beb29e0ec45d;377.8;0.60662607;UNKNOWN
2016-02-12T01:00:05.000000;2016-02-12T01:00:05.000000;1c22b7c5-82e8-4758-ab22-8a4ea5f4ba3f;377.84;9.71012582;UNKNOWN
2016-02-12T01:00:05.000000;2016-02-12T01:00:05.000000;39adeb73-f627-4d65-ba5f-85d0234b46ec;377.8;5.60091339;UNKNOWN
2016-02-12T01:00:05.000000;2016-02-12T01:00:05.000000;0640235b-b6ba-43c9-9985-5ca289280269;377.8;0.83;UNKNOWN
2016-02-12T01:00:47.000000;2016-02-12T01:00:47.000000;8d25374f-0ed7-46a6-957f-286d7bc2900e;377.81;0.01;UNKNOWN
2016-02-12T01:00:49.000000;2016-02-12T01:00:49.000000;76d4853a-4a77-4a6d-a0ee-6b29c9406668;377.81;0.23;UNKNOWN
2016-02-12T01:03:01.000000;2016-02-12T01:03:01.000000;08f6355d-f1f3-4164-8d33-39b39894ed86;377.9;5.0;UNKNOWN
2016-02-12T01:04:26.000000;2016-02-12T01:04:26.000000;7a2b5381-0ee2-481b-b032-768d0bddeae0;377.9;1.26;UNKNOWN
2016-02-12T01:05:21.000000;2016-02-12T01:05:21.000000;a78f18de-e86f-48b0-831f-6011c0663ae8;377.92;16.7692;UNKNOWN
2016-02-12T01:05:38.000000;2016-02-12T01:05:38.000000;289a90f6-5796-4378-82aa-f829eeb8a33c;378.0;54.23679;UNKNOWN
2016-02-12T01:06:46.000000;2016-02-12T01:06:46.000000;b64c5923-4d96-4e98-a754-53b91b5299f8;378.0;0.0353324;UNKNOWN
2016-02-12T01:07:47.000000;2016-02-12T01:07:47.000000;b677eb4b-a0cd-4242-89c8-c33b9d967b04;378.05;3.0;UNKNOWN
2016-02-12T01:07:47.000000;2016-02-12T01:07:47.000000;421d8c5a-d010-4d14-8e47-f8599b93a74b;378.05;1.6524;UNKNOWN
2016-02-12T01:07:47.000000;2016-02-12T01:07:47.000000;45764184-01d9-4a29-a2b8-0516c74d8ded;378.04;0.5;UNKNOWN
2016-02-12T01:07:47.000000;2016-02-12T01:07:47.000000;106a7b12-7581-44f4-b80f-d693938876a1;378.05;0.15;UNKNOWN
2016-02-12T01:08:04.000000;2016-02-12T01:08:04.000000;106988b7-244d-46e6-b737-41509f99b4d8;378.07;3.2;UNKNOWN
2016-02-12T01:08:41.000000;2016-02-12T01:08:41.000000;c0db111f-7e90-4436-a78c-0a5406173718;378.07;1.745;UNKNOWN
2016-02-12T01:14:22.000000;2016-02-12T01:14:22.000000;f27972c8-3124-4033-bbc0-b93635c2772b;378.07;0.992628;UNKNOWN
2016-02-12T01:19:00.000000;2016-02-12T01:19:00.000000;92100a31-6ac0-4b35-810b-e1c025962d70;378.01;0.2;UNKNOWN
2016-02-12T01:19:06.000000;2016-02-12T01:19:06.000000;f1e8350d-bf7a-4fe8-ace4-f7ce2f14e397;378.01;1.56;UNKNOWN
2016-02-12T01:19:06.000000;2016-02-12T01:19:06.000000;a3466bdc-0098-4fe4-8374-77645488c40e;378.0;1.70047855;UNKNOWN
2016-02-12T01:19:54.000000;2016-02-12T01:19:54.000000;0e27703e-451a-4da4-95cf-e924670316ac;378.04;0.01;UNKNOWN
2016-02-12T01:19:57.000000;2016-02-12T01:19:57.000000;ea30b3a7-6191-4d48-b8b0-b66b64185dfd;378.04;0.01;UNKNOWN
2016-02-12T01:19:59.000000;2016-02-12T01:19:59.000000;ad95ac93-74af-4893-bdd2-ac35a8a7b652;378.04;0.01;UNKNOWN
2016-02-12T01:20:00.000000;2016-02-12T01:20:00.000000;18b0372c-9595-4163-8e8e-9bd8a8eb5b47;378.04;0.01;UNKNOWN
2016-02-12T01:20:05.000000;2016-02-12T01:20:05.000000;99ff34ff-9028-43eb-97d8-988bc9735dc0;378.04;0.01;UNKNOWN
2016-02-12T01:20:08.000000;2016-02-12T01:20:08.000000;cdf55df3-1288-45b1-83fe-009d6d106262;378.04;0.01;UNKNOWN
2016-02-12T01:20:09.000000;2016-02-12T01:20:09.000000;1b85efa6-623a-4de2-b46b-48dd90b945ac;378.04;0.01;UNKNOWN
2016-02-12T01:20:10.000000;2016-02-12T01:20:10.000000;85082532-caba-44c2-8a53-9cec09c312ae;378.04;0.01;UNKNOWN
2016-02-12T01:20:14.000000;2016-02-12T01:20:14.000000;c478b264-86e6-4981-8b8a-c4e0b5aa742e;378.04;0.01;UNKNOWN
2016-02-12T01:20:15.000000;2016-02-12T01:20:15.000000;51fb8967-a8d8-40f4-95e2-4fdb3afede40;378.04;0.01;UNKNOWN
2016-02-12T01:20:22.000000;2016-02-12T01:20:22.000000;5f076496-509c-441a-8521-89f37bfec48f;378.04;0.01;UNKNOWN
2016-02-12T01:20:24.000000;2016-02-12T01:20:24.000000;5c7b09b5-1ba0-4f72-8cf2-b1eb86d5aa1e;378.04;0.01;UNKNOWN
2016-02-12T01:20:25.000000;2016-02-12T01:20:25.000000;78badfe6-398b-44fc-80ef-d2246b1a67b8;378.04;0.01;UNKNOWN
2016-02-12T01:20:29.000000;2016-02-12T01:20:29.000000;7ae1085b-ce78-4039-9d55-f2b6fcbd11dc;378.04;0.01;UNKNOWN
2016-02-12T01:20:30.000000;2016-02-12T01:20:30.000000;f1abcbf0-b4ac-4778-9953-b7bc05ecc170;378.04;0.01;UNKNOWN
2016-02-12T01:20:31.000000;2016-02-12T01:20:31.000000;9c830963-8b0c-4659-93ad-e5deb0fec84d;378.04;0.01;UNKNOWN
2016-02-12T01:20:35.000000;2016-02-12T01:20:35.000000;b6743bdb-de60-4801-aaee-9732924129e0;378.04;0.01;UNKNOWN
2016-02-12T01:20:35.000000;2016-02-12T01:20:35.000000;245919b4-b230-4fa2-aaa5-4f7907065573;378.04;0.01;UNKNOWN
2016-02-12T01:20:36.000000;2016-02-12T01:20:36.000000;5e85cc4f-d57c-454c-939c-5fcbd05215d6;378.04;0.01;UNKNOWN
2016-02-12T01:20:39.000000;2016-02-12T01:20:39.000000;e4be4c15-b677-459b-99e3-5af72e6f2e7c;378.04;0.01;UNKNOWN
2016-02-12T01:20:43.000000;2016-02-12T01:20:43.000000;ca0e1087-71a4-4778-80dd-557d38660866;378.04;0.01;UNKNOWN
2016-02-12T01:20:44.000000;2016-02-12T01:20:44.000000;6ec89479-a649-4d19-a6ee-9f3d574da297;378.04;0.01;UNKNOWN
2016-02-12T01:20:57.000000;2016-02-12T01:20:57.000000;bd86412d-d84b-456e-b334-87afd82fa2e5;378.04;0.01;UNKNOWN
2016-02-12T01:20:58.000000;2016-02-12T01:20:58.000000;14c1296d-954d-47e5-9292-7b40444c736c;378.04;0.01;UNKNOWN
2016-02-12T01:20:59.000000;2016-02-12T01:20:59.000000;79842b58-bd1d-4361-bd00-09c220d75c46;378.04;0.01;UNKNOWN
2016-02-12T01:21:00.000000;2016-02-12T01:21:00.000000;58ec099b-f398-478d-b022-2533bb54b081;378.04;0.01;UNKNOWN
2016-02-12T01:21:02.000000;2016-02-12T01:21:02.000000;2634f73b-0960-4eb9-b44a-216ca5c5d229;378.04;0.01;UNKNOWN
2016-02-12T01:21:03.000000;2016-02-12T01:21:03.000000;01e8f3f1-a41d-445e-94c5-7b91304ae752;378.04;0.01;UNKNOWN
2016-02-12T01:21:05.000000;2016-02-12T01:21:05.000000;93ea6f31-0d3a-473b-8df9-1c5e3558b996;378.04;0.01;UNKNOWN
2016-02-12T01:21:07.000000;2016-02-12T01:21:07.000000;e146f42c-a101-4d62-b476-2653a2d65851;378.04;0.01;UNKNOWN
2016-02-12T01:21:11.000000;2016-02-12T01:21:11.000000;1e319669-6297-4fd1-9400-6fb34ab72c4e;378.04;0.01;UNKNOWN
2016-02-12T01:21:13.000000;2016-02-12T01:21:13.000000;4ffd37d0-fa71-4c12-a9ed-046d772658dc;378.04;0.01;UNKNOWN
2016-02-12T01:21:16.000000;2016-02-12T01:21:16.000000;4d3f4c09-a23b-4011-ab21-6cb1a76f6fae;378.04;0.01;UNKNOWN
2016-02-12T01:21:20.000000;2016-02-12T01:21:20.000000;83b14e38-11bd-410d-8027-f84a81283246;378.04;0.01;UNKNOWN
2016-02-12T01:21:22.000000;2016-02-12T01:21:22.000000;b7874d9a-372e-45d4-bf27-bc19bfd61ef9;378.04;0.01;UNKNOWN
2016-02-12T01:21:25.000000;2016-02-12T01:21:25.000000;f4af26a7-ee71-4ff8-9c6c-14902d530dd7;378.04;0.01;UNKNOWN
2016-02-12T01:22:02.000000;2016-02-12T01:22:02.000000;dddf6eab-6346-4219-9bd8-6d66a051fc90;378.04;0.01;UNKNOWN
2016-02-12T01:22:02.000000;2016-02-12T01:22:02.000000;00c4fc84-6b3c-4894-bd98-fd05c698d9f7;378.04;0.01;UNKNOWN
2016-02-12T01:22:02.000000;2016-02-12T01:22:02.000000;38eb7618-f317-4677-8291-d493fbc921c4;378.04;0.01;UNKNOWN
2016-02-12T01:22:02.000000;2016-02-12T01:22:02.000000;4fc3dbf0-fedc-48bc-852b-aa786be12ef9;378.04;0.01;UNKNOWN
2016-02-12T01:22:18.000000;2016-02-12T01:22:18.000000;0767c3e9-edb1-4944-a587-ad554d61e00b;378.07;0.4316772;UNKNOWN
2016-02-12T01:22:29.000000;2016-02-12T01:22:29.000000;56a3c4bf-7a18-458b-a497-f54537c75875;378.07;0.42714286;UNKNOWN
2016-02-12T01:22:38.000000;2016-02-12T01:22:38.000000;fa93517f-fdf4-45ba-8da4-5dfe464a44a9;378.04;0.39057754;UNKNOWN
2016-02-12T01:23:30.000000;2016-02-12T01:23:30.000000;be8defcb-6c56-4b2e-8080-38abdbe33145;378.04;0.01;UNKNOWN
2016-02-12T01:23:34.000000;2016-02-12T01:23:34.000000;d6183be0-c792-48fb-a104-981c1609f580;378.04;0.01;UNKNOWN
2016-02-12T01:23:37.000000;2016-02-12T01:23:37.000000;acb3e3ea-b7c2-4f69-9898-9f5b8863166e;378.04;0.01;UNKNOWN
2016-02-12T01:23:41.000000;2016-02-12T01:23:41.000000;3e93e69f-49e1-4190-9789-524c8d6fd139;378.04;0.01;UNKNOWN
2016-02-12T01:23:47.000000;2016-02-12T01:23:47.000000;95f702a4-4ff0-4857-8b0d-34b86b721475;378.04;0.01;UNKNOWN
2016-02-12T01:23:52.000000;2016-02-12T01:23:52.000000;f9a2baed-cbf7-4d0b-8d40-c4889c90cc5a;378.04;0.01;UNKNOWN
2016-02-12T01:23:57.000000;2016-02-12T01:23:57.000000;a4330e75-6e26-4a35-8fdc-8c76d5f53e7b;378.04;0.01;UNKNOWN
2016-02-12T01:23:57.000000;2016-02-12T01:23:57.000000;a3bc55a9-5d9a-4c03-afb6-c5d6b5c6691a;378.04;0.55;UNKNOWN
2016-02-12T01:24:05.000000;2016-02-12T01:24:05.000000;97ce0b51-0b12-479e-a7b8-af9aa5b00300;378.04;0.01;UNKNOWN
2016-02-12T01:24:10.000000;2016-02-12T01:24:10.000000;5428fbbf-407c-4ca8-bbf8-1bbc7f3ff67f;378.04;1.06112808;UNKNOWN
2016-02-12T01:26:36.000000;2016-02-12T01:26:36.000000;a77c3d00-cd63-480c-bd11-1b0af9ab1bbe;378.04;0.12386491;UNKNOWN
2016-02-12T01:28:24.000000;2016-02-12T01:28:24.000000;24f0108d-9b79-4869-9ef7-af369b79d5ab;378.05;3.241;UNKNOWN
2016-02-12T01:29:24.000000;2016-02-12T01:29:24.000000;9e290dbb-5378-41f6-a849-cd0e8537a9f8;378.07;7.73205194;UNKNOWN
2016-02-12T01:30:20.000000;2016-02-12T01:30:20.000000;5920f4c2-7b9e-4ddd-a38e-108a48b1d486;378.14;0.01;UNKNOWN
2016-02-12T01:30:20.000000;2016-02-12T01:30:20.000000;e3dec09c-f3b3-4488-add2-da0de4788516;378.08;0.01;UNKNOWN
2016-02-12T01:30:22.000000;2016-02-12T01:30:22.000000;d72ff68d-2b0f-42f6-8580-6383ceae78d6;378.15;0.2731;UNKNOWN
2016-02-12T01:31:06.000000;2016-02-12T01:31:06.000000;b39d37f2-5692-46d3-a4d5-d68f04d4aa07;378.16;0.05;UNKNOWN
2016-02-12T01:33:05.000000;2016-02-12T01:33:05.000000;5f69dd03-e210-4292-b82a-73ca2768bcad;378.16;0.05372;UNKNOWN
2016-02-12T01:34:01.000000;2016-02-12T01:34:01.000000;a940aade-d6a4-44e6-813a-5de827117c64;378.15;4.6907;UNKNOWN
2016-02-12T01:34:51.000000;2016-02-12T01:34:51.000000;8d347748-b654-49db-b987-dad8bf5432d8;378.15;0.78354326;UNKNOWN
2016-02-12T01:35:26.000000;2016-02-12T01:35:26.000000;afd5ec96-c2f2-4db5-9505-5a55ac3c0f3f;378.15;2.4;UNKNOWN
2016-02-12T01:35:39.000000;2016-02-12T01:35:39.000000;7c23b5c8-41a9-4f37-a8a2-5ca4b916862f;378.15;2.21585674;UNKNOWN
2016-02-12T01:36:16.000000;2016-02-12T01:36:16.000000;a303aca3-a721-46da-b3bc-832f124940f5;378.15;3.6168;UNKNOWN
2016-02-12T01:36:16.000000;2016-02-12T01:36:16.000000;d9cdc2f1-f8eb-4331-8015-b180cc75b42f;378.15;26.06041067;UNKNOWN
2016-02-12T01:36:16.000000;2016-02-12T01:36:16.000000;0a8e0801-a035-4f2e-b3b2-3eb93733d899;378.15;0.12309451;UNKNOWN
2016-02-12T01:36:16.000000;2016-02-12T01:36:16.000000;84fd0a85-22b4-4fef-9809-b167340f91fd;378.15;0.0489596;UNKNOWN
2016-02-12T01:36:16.000000;2016-02-12T01:36:16.000000;36b196b0-3d68-4587-a9ed-9b293e2dff8f;378.15;0.26633522;UNKNOWN
2016-02-12T01:36:52.000000;2016-02-12T01:36:52.000000;7fac63bb-aa6f-4709-8bc3-ab852ca78933;378.15;0.2619;UNKNOWN
2016-02-12T01:37:43.000000;2016-02-12T01:37:43.000000;9b3c084f-1bff-47e5-803d-bcb00757f0f8;378.16;3.80122146;UNKNOWN
2016-02-12T01:37:43.000000;2016-02-12T01:37:43.000000;7b48de03-675b-4e87-9803-b9890d26f97b;378.16;3.80122146;UNKNOWN
2016-02-12T01:37:43.000000;2016-02-12T01:37:43.000000;750eb6e5-1909-442a-aad2-e803936c7044;378.16;9.89628;UNKNOWN
2016-02-12T01:37:43.000000;2016-02-12T01:37:43.000000;d4024f50-af26-43d3-a834-161293c8db0e;378.16;3.80083618;UNKNOWN
2016-02-12T01:37:43.000000;2016-02-12T01:37:43.000000;b490faa7-6041-4be0-8ecd-da2a46112c31;378.16;3.79929586;UNKNOWN
2016-02-12T01:37:43.000000;2016-02-12T01:37:43.000000;7fb19acf-ee84-4872-b14f-e9d326321aee;378.16;3.79929586;UNKNOWN
2016-02-12T01:37:43.000000;2016-02-12T01:37:43.000000;a67ff2f4-dd35-495f-b697-68d6981dddca;378.16;17.30096484;UNKNOWN
2016-02-12T01:37:43.000000;2016-02-12T01:37:43.000000;028cedcd-6858-4896-b758-337eff0bd8d8;378.16;3.80088434;UNKNOWN
2016-02-12T01:38:05.000000;2016-02-12T01:38:05.000000;cb558536-1ae2-4543-8509-66dcdee5d52d;378.15;0.04952879;UNKNOWN
2016-02-12T01:38:06.000000;2016-02-12T01:38:06.000000;656c75c1-aa15-4acf-9773-790bff9384d6;378.16;3.7;UNKNOWN
2016-02-12T01:39:08.000000;2016-02-12T01:39:08.000000;bda9f882-669c-4044-a480-c043336ac2e9;378.16;3.99903516;UNKNOWN
2016-02-12T01:39:08.000000;2016-02-12T01:39:08.000000;4a848e00-e25a-4ddd-b076-7000e5cca6a7;378.16;27.67136484;UNKNOWN
2016-02-12T01:39:11.000000;2016-02-12T01:39:11.000000;87e049d0-21a7-4463-9587-ce20cea46690;378.15;0.25972212;UNKNOWN
2016-02-12T01:39:42.000000;2016-02-12T01:39:42.000000;88f0cfc6-3d75-4415-9e4c-049557375781;378.15;0.11843842;UNKNOWN
2016-02-12T01:39:42.000000;2016-02-12T01:39:42.000000;a7e02215-e637-4acf-9c38-a6fe623d04d5;378.15;0.34058757;UNKNOWN
2016-02-12T01:39:42.000000;2016-02-12T01:39:42.000000;073d018b-9069-49d7-aeb8-6f8c1fb0b58a;378.07;0.06677586;UNKNOWN
2016-02-12T01:39:42.000000;2016-02-12T01:39:42.000000;5b562fe8-344d-4981-b779-ec638b80b967;378.15;0.17314094;UNKNOWN
2016-02-12T01:39:42.000000;2016-02-12T01:39:42.000000;d01f83ef-78e2-47b4-a63e-541eb51c64fd;378.07;0.33905191;UNKNOWN
2016-02-12T01:39:42.000000;2016-02-12T01:39:42.000000;c516f623-ebc9-4820-86f0-63a821795bd7;378.15;0.81021087;UNKNOWN
2016-02-12T01:39:42.000000;2016-02-12T01:39:42.000000;e4bfdf2f-0ec9-478f-b098-7e432e9c23ee;378.15;0.0453545;UNKNOWN
2016-02-12T01:39:42.000000;2016-02-12T01:39:42.000000;50acd9bb-1e8f-4492-a2d3-5e2aaef29828;378.15;0.37730823;UNKNOWN
2016-02-12T01:39:42.000000;2016-02-12T01:39:42.000000;6a9c6a9f-f5be-4342-9767-1e32641762f6;378.15;0.52386189;UNKNOWN
2016-02-12T01:39:42.000000;2016-02-12T01:39:42.000000;1fa37315-7cbd-4c20-9829-3b2731960a37;378.15;0.26404567;UNKNOWN
2016-02-12T01:40:27.000000;2016-02-12T01:40:27.000000;97a019f3-1c79-41e4-bfea-a3d5f4ca4430;378.07;0.11155795;UNKNOWN
2016-02-12T01:41:05.000000;2016-02-12T01:41:05.000000;2b184607-7856-4d71-97d7-4119d7522bd0;378.13;0.2;UNKNOWN
2016-02-12T01:41:05.000000;2016-02-12T01:41:05.000000;64820bc5-874a-46f6-945e-3a4c6ffee7da;378.13;3.0;UNKNOWN
2016-02-12T01:41:05.000000;2016-02-12T01:41:05.000000;a065e0a1-dec9-4b27-89f5-2331bfcdaac1;378.13;0.5;UNKNOWN
2016-02-12T01:41:11.000000;2016-02-12T01:41:11.000000;11f53a35-f547-4f87-bea9-bfb04ed07cd0;378.17;0.1204;UNKNOWN
2016-02-12T01:41:19.000000;2016-02-12T01:41:19.000000;c70ae464-f368-4cd2-a3dc-39159a71dede;378.08;0.02756085;UNKNOWN
2016-02-12T01:41:19.000000;2016-02-12T01:41:19.000000;1a63f610-b947-43ab-a928-f9582b0bd62b;378.08;0.729;UNKNOWN
2016-02-12T01:41:43.000000;2016-02-12T01:41:43.000000;82619563-2dc1-4599-a02b-6c22008b9240;378.07;1.0;UNKNOWN
2016-02-12T01:41:59.000000;2016-02-12T01:41:59.000000;1221237a-a9cc-4da7-9086-0d3fbaa3f3f1;378.07;1.0;UNKNOWN
2016-02-12T01:42:10.000000;2016-02-12T01:42:10.000000;069d70e8-991c-435c-a9f4-ccc222e67773;378.07;1.0;UNKNOWN
2016-02-12T01:42:57.000000;2016-02-12T01:42:57.000000;5149bdaf-5414-4b83-9199-38a064fa430f;378.07;1.0;UNKNOWN
2016-02-12T01:43:03.000000;2016-02-12T01:43:03.000000;d8675bb0-be91-4dc1-86a0-06fc3e82260b;378.07;1.0;UNKNOWN
2016-02-12T01:43:18.000000;2016-02-12T01:43:18.000000;5529fcb7-69d4-4e7c-89ef-26171203d5c7;378.07;0.75056234;UNKNOWN
2016-02-12T01:45:39.000000;2016-02-12T01:45:39.000000;991ffa24-6e35-4625-90af-e652cbe6212b;378.04;0.98368709;UNKNOWN
2016-02-12T01:45:39.000000;2016-02-12T01:45:39.000000;75bfff45-cf3c-4160-be97-4c183a65a5fd;378.05;0.44389204;UNKNOWN
2016-02-12T01:45:39.000000;2016-02-12T01:45:39.000000;caf1bbcc-be1a-4546-97b7-2971076b4593;378.05;10.759;UNKNOWN
2016-02-12T01:45:39.000000;2016-02-12T01:45:39.000000;afabcca0-63d6-403d-a686-5ddbe3d01e3f;378.05;6.5638;UNKNOWN
2016-02-12T01:46:20.000000;2016-02-12T01:46:20.000000;937ac5ca-9b6e-4f57-8b20-4f1a8e952578;378.04;1.0;UNKNOWN
2016-02-12T01:46:22.000000;2016-02-12T01:46:22.000000;e6cd864f-3c8d-4efe-b05f-7403cb546797;378.04;1.0;UNKNOWN
2016-02-12T01:46:28.000000;2016-02-12T01:46:28.000000;55c7bba4-b51d-4289-9f3a-c8f57cc492ab;378.04;1.0;UNKNOWN
2016-02-12T01:46:37.000000;2016-02-12T01:46:37.000000;2129c6c4-5cfe-4d20-888f-75e1c17d2a15;378.04;1.0;UNKNOWN
2016-02-12T01:46:38.000000;2016-02-12T01:46:38.000000;0720a66f-4924-45a5-85eb-bfed014d3c7b;378.04;0.24785938;UNKNOWN
2016-02-12T01:46:42.000000;2016-02-12T01:46:42.000000;3207d9ed-20fc-4ac4-9800-082d23b89a50;378.04;1.0;UNKNOWN
2016-02-12T01:46:49.000000;2016-02-12T01:46:49.000000;deadeab3-cc64-4313-a486-50d54376dc9b;378.04;2.0;UNKNOWN
2016-02-12T01:47:35.000000;2016-02-12T01:47:35.000000;e292581a-1b5e-41fd-acd4-b6f839614356;378.08;0.01;UNKNOWN
2016-02-12T01:47:35.000000;2016-02-12T01:47:35.000000;5f696f36-7f8d-4ffc-8f3d-e29cdd74efec;378.08;0.2609;UNKNOWN
2016-02-12T01:47:57.000000;2016-02-12T01:47:57.000000;86bde023-81b0-413b-87ee-90a7fc45d614;378.08;0.3421;UNKNOWN
2016-02-12T01:48:01.000000;2016-02-12T01:48:01.000000;cd813ecd-7eaf-465d-9a4d-83ddfd18a533;378.04;0.18274739;UNKNOWN
2016-02-12T01:49:05.000000;2016-02-12T01:49:05.000000;a56c3884-da0b-48d5-9af3-0c249f907415;378.08;0.04;UNKNOWN
2016-02-12T01:49:06.000000;2016-02-12T01:49:06.000000;a9b8f3d4-66df-4709-898e-46a1eb7db526;378.08;1.35466668;UNKNOWN
2016-02-12T01:49:17.000000;2016-02-12T01:49:17.000000;564eedb6-cb5b-44a0-ab29-7952276778eb;378.04;0.130738;UNKNOWN
2016-02-12T01:51:14.000000;2016-02-12T01:51:14.000000;1737e68a-edc4-4eef-8906-95c07ea8db73;378.02;0.01;UNKNOWN
2016-02-12T01:51:14.000000;2016-02-12T01:51:14.000000;4cc1bc9e-4a93-498f-afc3-3c265d7af258;378.04;5.45496814;UNKNOWN
2016-02-12T01:51:14.000000;2016-02-12T01:51:14.000000;4ba3f601-651e-4f1d-8046-e872faa80630;378.0;32.91599905;UNKNOWN
2016-02-12T01:51:14.000000;2016-02-12T01:51:14.000000;0c0f59cc-3f8d-4b7c-95ac-74aeca7ee84a;378.05;6.5761;UNKNOWN
2016-02-12T01:51:14.000000;2016-02-12T01:51:14.000000;a2ba7bce-fe7c-4581-92e9-3df48f04dea5;378.05;0.24138846;UNKNOWN
2016-02-12T01:51:14.000000;2016-02-12T01:51:14.000000;0ee18515-3206-4a1c-9e65-506c66776a76;378.03;0.01;UNKNOWN
2016-02-12T01:51:14.000000;2016-02-12T01:51:14.000000;c7a14387-143c-49ab-b47d-42baea314a2b;378.03;0.01;UNKNOWN
2016-02-12T01:51:14.000000;2016-02-12T01:51:14.000000;315b9bd4-c21d-4695-9c67-5cca34bc1c83;378.03;0.01;UNKNOWN
2016-02-12T01:51:14.000000;2016-02-12T01:51:14.000000;bf3d3fe7-15b7-430e-9744-7984abebf644;378.03;0.01;UNKNOWN
2016-02-12T01:51:14.000000;2016-02-12T01:51:14.000000;eb22a3c3-12ee-461b-b72e-759db2081fc7;378.03;0.01;UNKNOWN
2016-02-12T01:51:14.000000;2016-02-12T01:51:14.000000;72382927-f631-406f-9f21-f32f0904e32d;378.03;0.01;UNKNOWN
2016-02-12T01:51:22.000000;2016-02-12T01:51:22.000000;554e84ea-7dc5-4dbc-94ab-f9afdf7be907;377.77;0.62043995;UNKNOWN
2016-02-12T01:53:05.000000;2016-02-12T01:53:05.000000;aa1b151d-f4d8-46ee-80fa-5a3dd423624b;377.77;0.9;UNKNOWN
2016-02-12T01:53:47.000000;2016-02-12T01:53:47.000000;5cfc1691-7ff4-4c79-8388-e09f799349e8;377.77;1.0;UNKNOWN
2016-02-12T01:53:47.000000;2016-02-12T01:53:47.000000;7b4b9bb8-e7f4-49dd-b240-7bfd15821790;377.77;0.91672641;UNKNOWN
2016-02-12T01:53:47.000000;2016-02-12T01:53:47.000000;1003dc5d-d52b-4ece-b957-37b50275f5a7;377.77;0.08327359;UNKNOWN
2016-02-12T01:53:48.000000;2016-02-12T01:53:48.000000;848bc1c9-2f4f-49b0-9fb5-bc520cfb1719;377.77;1.0;UNKNOWN
2016-02-12T01:53:49.000000;2016-02-12T01:53:49.000000;82c5bd69-70e3-4497-ad18-e36905f121fd;377.77;1.0;UNKNOWN
2016-02-12T01:53:49.000000;2016-02-12T01:53:49.000000;fb1c9475-5645-441f-8545-52711a68041b;377.77;0.91672641;UNKNOWN
2016-02-12T01:53:49.000000;2016-02-12T01:53:49.000000;0043e260-951a-4488-a439-efd525aee38d;377.77;0.08327359;UNKNOWN
2016-02-12T01:53:53.000000;2016-02-12T01:53:53.000000;b8b966a9-05d9-4d54-82ac-fb05623e1a59;377.77;1.0;UNKNOWN
2016-02-12T01:54:06.000000;2016-02-12T01:54:06.000000;da77ddba-bfc5-47aa-902c-e66edde553cf;377.77;1.0;UNKNOWN
2016-02-12T01:54:06.000000;2016-02-12T01:54:06.000000;92e94e1c-2e6d-4e3a-bf68-c9446c39a23b;377.77;1.0;UNKNOWN
2016-02-12T01:54:07.000000;2016-02-12T01:54:07.000000;c3801882-dc95-4708-b291-9b9220810e45;377.77;0.08327359;UNKNOWN
2016-02-12T01:54:07.000000;2016-02-12T01:54:07.000000;bd10a9b3-180f-446e-b5b7-40ef859750c0;377.77;0.91672641;UNKNOWN
2016-02-12T01:54:08.000000;2016-02-12T01:54:08.000000;70d16ff9-7a6f-4429-a0eb-14b65bacc10d;377.77;1.0;UNKNOWN
2016-02-12T01:54:11.000000;2016-02-12T01:54:11.000000;7a69d426-93f6-4462-af26-a1c1dbfdcfbe;377.77;1.0;UNKNOWN
2016-02-12T01:54:12.000000;2016-02-12T01:54:12.000000;7b8de5bb-3286-4cd3-8a55-def0ade8691e;377.77;0.07174;UNKNOWN
2016-02-12T01:54:12.000000;2016-02-12T01:54:12.000000;9d3e8a4f-f437-4ecc-8faa-e95f76e9ec78;377.77;0.01153359;UNKNOWN
2016-02-12T01:54:12.000000;2016-02-12T01:54:12.000000;0470caa3-89bb-4db4-991d-10a88b32e18c;377.77;1.0;UNKNOWN
2016-02-12T01:54:12.000000;2016-02-12T01:54:12.000000;0be5fab5-679f-4eb6-9c1f-0aece3a354d9;377.77;0.91672641;UNKNOWN
2016-02-12T01:54:13.000000;2016-02-12T01:54:13.000000;379dc456-5fdd-4325-b929-3d019564b8b6;377.76;1.0;UNKNOWN
2016-02-12T01:54:16.000000;2016-02-12T01:54:16.000000;2df70ed2-bd24-42d2-a834-768db2eafbd8;377.76;1.0;UNKNOWN
2016-02-12T01:54:16.000000;2016-02-12T01:54:16.000000;bca98696-e38e-4c0c-8b58-bad4eaadeec3;377.76;1.0;UNKNOWN
2016-02-12T01:54:17.000000;2016-02-12T01:54:17.000000;54cb9df0-dd25-4238-8fd5-c0bfbafd3f50;377.76;1.0;UNKNOWN
2016-02-12T01:54:18.000000;2016-02-12T01:54:18.000000;266c8b18-16fc-415e-a932-774c5f0d687e;377.76;0.325;UNKNOWN
2016-02-12T01:54:24.000000;2016-02-12T01:54:24.000000;5bb21a03-0028-4911-aa33-9de89c500c36;377.76;0.071203;UNKNOWN
2016-02-12T01:54:33.000000;2016-02-12T01:54:33.000000;3e55f86d-7c10-482d-aa6a-645979a0932a;377.75;0.998;UNKNOWN
2016-02-12T01:54:47.000000;2016-02-12T01:54:47.000000;0682b704-4dfd-47bc-b2df-e1ef0cbd2874;377.75;1.0;UNKNOWN
2016-02-12T01:54:48.000000;2016-02-12T01:54:48.000000;bf457c85-2482-49c4-bcc7-8e7b11d110fc;377.75;1.0;UNKNOWN
2016-02-12T01:54:49.000000;2016-02-12T01:54:49.000000;bf74d780-481f-4e73-bacd-f1043902c37e;377.75;0.26127899;UNKNOWN
2016-02-12T01:54:49.000000;2016-02-12T01:54:49.000000;c8fd21fc-fe8f-4d39-b3e7-0d09be4f948c;377.75;0.73872101;UNKNOWN
2016-02-12T01:54:49.000000;2016-02-12T01:54:49.000000;7569d70b-077d-4e22-aec6-6e4253eccdf3;377.75;1.0;UNKNOWN
2016-02-12T01:54:49.000000;2016-02-12T01:54:49.000000;80c1daf3-d820-4b96-81fd-4da988beafab;377.75;1.0;UNKNOWN
2016-02-12T01:54:50.000000;2016-02-12T01:54:50.000000;6341b59d-da46-4865-8cd4-cdcfd352a0ea;377.75;0.92910701;UNKNOWN
2016-02-12T01:54:50.000000;2016-02-12T01:54:50.000000;d5e995ce-ca8d-401a-ac4b-32fbd1b012e5;377.75;0.07089299;UNKNOWN
2016-02-12T01:54:51.000000;2016-02-12T01:54:51.000000;4a6e7d45-9fbc-4845-8282-40436b3c31e2;377.74;0.7;UNKNOWN
2016-02-12T01:54:51.000000;2016-02-12T01:54:51.000000;9c6deb03-404f-481e-8ddc-41d49da869af;377.75;0.3;UNKNOWN
2016-02-12T01:54:51.000000;2016-02-12T01:54:51.000000;3fbf1713-22b6-41e6-8153-4d04203dcbf0;377.74;1.0;UNKNOWN
2016-02-12T01:54:52.000000;2016-02-12T01:54:52.000000;91a1f2b9-4f46-4f76-92b1-c2655c4771ef;377.74;1.0;UNKNOWN
2016-02-12T01:54:53.000000;2016-02-12T01:54:53.000000;85012132-01d4-48c5-bea5-631737a990b8;377.74;1.0;UNKNOWN
2016-02-12T01:55:06.000000;2016-02-12T01:55:06.000000;3cac94de-bf49-46af-97c7-aba9761fbfcb;377.74;1.0;UNKNOWN
2016-02-12T01:55:09.000000;2016-02-12T01:55:09.000000;53b38e3c-ff75-4285-97d4-9a024e680ca1;377.74;1.0;UNKNOWN
2016-02-12T01:55:11.000000;2016-02-12T01:55:11.000000;044663a1-c7ad-4a0d-8b06-c07583191b98;377.74;1.0;UNKNOWN
2016-02-12T01:55:12.000000;2016-02-12T01:55:12.000000;83d44de8-66c9-41c7-9069-81d7c0dcbf1a;377.74;0.26;UNKNOWN
2016-02-12T01:56:07.000000;2016-02-12T01:56:07.000000;7306dbd5-359d-492d-a437-70a6647c2630;377.75;0.3;UNKNOWN
2016-02-12T02:00:05.000000;2016-02-12T02:00:05.000000;0a3a530c-6db6-41e7-a734-602fd06c2c99;377.64;2.14990572;UNKNOWN
2016-02-12T02:00:05.000000;2016-02-12T02:00:05.000000;237f94e2-3336-45d3-adfb-df04a7edfd69;377.62;2.41903303;UNKNOWN
2016-02-12T02:00:05.000000;2016-02-12T02:00:05.000000;fdce2e57-f595-44dc-9b98-36d5e154f106;377.64;0.23307435;UNKNOWN
2016-02-12T02:00:05.000000;2016-02-12T02:00:05.000000;43cd5829-ab56-4017-9322-f3f2aea8f01b;377.64;4.59527145;UNKNOWN
2016-02-12T02:00:05.000000;2016-02-12T02:00:05.000000;dbdb0364-ea69-4a0f-88e4-4b994812c5c0;377.64;0.59271545;UNKNOWN
2016-02-12T02:00:05.000000;2016-02-12T02:00:05.000000;bf807d73-e13d-4ea9-934d-bf7c15944a63;377.64;0.01;UNKNOWN
2016-02-12T02:02:14.000000;2016-02-12T02:02:14.000000;5ddde4f5-8e66-4675-816c-5b579bf6edec;377.61;0.21854;UNKNOWN
2016-02-12T02:02:32.000000;2016-02-12T02:02:32.000000;0f9f9bda-6e44-4908-b63c-185494f687ce;377.62;1.0;UNKNOWN
2016-02-12T02:04:05.000000;2016-02-12T02:04:05.000000;abbef043-5ca3-486f-a201-fd91a781884b;377.62;0.02636714;UNKNOWN
2016-02-12T02:04:29.000000;2016-02-12T02:04:29.000000;7fb5c276-b861-48eb-a901-e0b949d48089;377.61;6.78146;UNKNOWN
2016-02-12T02:04:29.000000;2016-02-12T02:04:29.000000;b24b31c7-d851-46ec-8f8b-30fc4fd34dd0;377.61;7.0;UNKNOWN
2016-02-12T02:04:29.000000;2016-02-12T02:04:29.000000;35ebe5bb-7caa-47ff-9185-6eb3ea91b2ae;377.5;0.0251;UNKNOWN
2016-02-12T02:04:29.000000;2016-02-12T02:04:29.000000;6602eef8-b6f5-4655-a020-e8ccd3fb6fe3;377.5;6.5796;UNKNOWN
2016-02-12T02:04:29.000000;2016-02-12T02:04:29.000000;c1e766f7-346c-4313-a5a0-59a004efb100;377.09;0.89684;UNKNOWN
2016-02-12T02:04:29.000000;2016-02-12T02:04:29.000000;8359caa1-5f42-46d8-ab2c-410b947044c1;377.54;0.1;UNKNOWN
2016-02-12T02:04:29.000000;2016-02-12T02:04:29.000000;c895bb2e-ebec-4534-9db1-b93977db9ff4;377.6;2.0;UNKNOWN
2016-02-12T02:04:29.000000;2016-02-12T02:04:29.000000;08fabe86-d6c0-4a79-a470-e213cbcf1e87;377.54;7.0;UNKNOWN
2016-02-12T02:04:29.000000;2016-02-12T02:04:29.000000;9ad55f6a-67a5-467b-b14f-0f2833917bdc;377.6;7.0;UNKNOWN
2016-02-12T02:04:29.000000;2016-02-12T02:04:29.000000;fd27084c-fa39-43ec-ad8b-05cc3c2ebef7;377.52;11.0;UNKNOWN
2016-02-12T02:04:29.000000;2016-02-12T02:04:29.000000;8eaf0636-a14e-4ba4-9df3-76c60e921f91;377.5;0.015;UNKNOWN
2016-02-12T02:04:29.000000;2016-02-12T02:04:29.000000;20b2afc2-8407-41e0-9d53-5fb9d8dd135c;377.32;0.01;UNKNOWN
2016-02-12T02:04:29.000000;2016-02-12T02:04:29.000000;316245d2-0f92-431b-a86d-4c1e70780889;377.5;0.042;UNKNOWN
2016-02-12T02:04:29.000000;2016-02-12T02:04:29.000000;2f5f01be-f735-4d9a-949c-3d49f1a29819;377.48;17.0;UNKNOWN
2016-02-12T02:04:29.000000;2016-02-12T02:04:29.000000;e2693e30-3061-41c0-b59d-b0c41c59ee76;377.23;0.01;UNKNOWN
2016-02-12T02:04:29.000000;2016-02-12T02:04:29.000000;01841a47-39a1-4267-aca6-a8fe67cb6ec7;377.33;27.0;UNKNOWN
2016-02-12T02:04:29.000000;2016-02-12T02:04:29.000000;211975b6-a61e-49e6-8a87-fb2ae1ee1f43;377.34;7.52;UNKNOWN
2016-02-12T02:04:29.000000;2016-02-12T02:04:29.000000;85729766-2b91-499e-a47b-347ab6180abf;377.38;0.01;UNKNOWN
2016-02-12T02:04:29.000000;2016-02-12T02:04:29.000000;f1263960-108e-4d68-bc27-58d48f2c2308;377.23;0.01;UNKNOWN
2016-02-12T02:04:51.000000;2016-02-12T02:04:51.000000;2c9a9c5e-55e1-4080-b39a-93aa09f7e3b3;377.18;0.17;UNKNOWN
2016-02-12T02:04:53.000000;2016-02-12T02:04:53.000000;29e4558c-42b1-4de5-b22e-e8b2e3225af6;377.18;0.38200483;UNKNOWN
2016-02-12T02:05:15.000000;2016-02-12T02:05:15.000000;a9c9f7de-98d7-4119-9e9a-c2898bfb2391;377.18;1.029695;UNKNOWN
2016-02-12T02:05:23.000000;2016-02-12T02:05:23.000000;1f1c80ce-dea1-4ae8-a3f5-cc0476a18882;377.17;3.82;UNKNOWN
2016-02-12T02:05:23.000000;2016-02-12T02:05:23.000000;5b27b2a4-669f-4bed-b70d-434ab1d41522;377.17;0.3;UNKNOWN
2016-02-12T02:05:27.000000;2016-02-12T02:05:27.000000;d0e74396-4666-4ae9-9501-2bb670c8af7c;377.17;5.0;UNKNOWN
2016-02-12T02:05:54.000000;2016-02-12T02:05:54.000000;d0fee179-765e-466b-aa18-35803c8cd7c9;377.08;6.5796;UNKNOWN
2016-02-12T02:05:54.000000;2016-02-12T02:05:54.000000;2428e37b-1357-48bf-86a1-0995e02f490f;377.08;5.83781246;UNKNOWN
2016-02-12T02:05:54.000000;2016-02-12T02:05:54.000000;93b52493-0e06-4a26-b918-dc9dc9580ac1;377.07;11.03258754;UNKNOWN
2016-02-12T02:05:54.000000;2016-02-12T02:05:54.000000;7601fcbf-2be3-4143-bead-0ea819c64321;377.31;26.25;UNKNOWN
2016-02-12T02:05:54.000000;2016-02-12T02:05:54.000000;8021498c-8818-4559-813d-09a2fef6ff13;377.31;0.3;UNKNOWN
2016-02-12T02:06:05.000000;2016-02-12T02:06:05.000000;056ec461-2576-4f77-81bb-c97de044a91b;377.35;0.075;UNKNOWN
2016-02-12T02:06:15.000000;2016-02-12T02:06:15.000000;0241eea7-33fa-4438-9efe-09ab89ad7728;377.29;0.3250821;UNKNOWN
2016-02-12T02:15:33.000000;2016-02-12T02:15:33.000000;cc0e1134-75d9-428c-904b-a05e940a3d74;377.39;0.1;UNKNOWN
2016-02-12T02:16:23.000000;2016-02-12T02:16:23.000000;755d6c79-666f-4beb-98ad-bd7cca8031b9;377.54;0.26506542;UNKNOWN
2016-02-12T02:16:23.000000;2016-02-12T02:16:23.000000;b9254d04-a4ed-4123-996d-308194c21ac4;377.4;0.5;UNKNOWN
2016-02-12T02:17:26.000000;2016-02-12T02:17:26.000000;5c479e63-f7ba-4a5f-a96f-13a50437f61b;377.59;0.8;UNKNOWN
2016-02-12T02:18:03.000000;2016-02-12T02:18:03.000000;d760197c-cd81-43c8-bb9b-c435bcb2cc7e;377.59;0.3;UNKNOWN
2016-02-12T02:18:05.000000;2016-02-12T02:18:05.000000;af85388c-83e0-43e5-a1cb-32db637cbf68;377.6;0.01;UNKNOWN
2016-02-12T02:22:40.000000;2016-02-12T02:22:40.000000;f571c36c-49c7-4749-80a3-390e5a061574;377.18;0.01;UNKNOWN
2016-02-12T02:22:40.000000;2016-02-12T02:22:40.000000;56536d04-55c6-4c88-8d67-de0731fc7e45;377.6;0.3;UNKNOWN
2016-02-12T02:22:40.000000;2016-02-12T02:22:40.000000;d7e8b417-ab87-41ac-8fc6-4a976f8772d7;377.18;0.01;UNKNOWN
2016-02-12T02:22:40.000000;2016-02-12T02:22:40.000000;b81a764f-81f9-489e-bd84-0762555d0c93;377.14;1.10186993;UNKNOWN
2016-02-12T02:22:40.000000;2016-02-12T02:22:40.000000;bdcf8ec9-7a7c-4281-a319-bffd82ec4c27;377.2;0.26;UNKNOWN
2016-02-12T02:22:40.000000;2016-02-12T02:22:40.000000;2bdd7e47-a16e-4b03-9926-c2654e90f87e;377.61;0.3;UNKNOWN
2016-02-12T02:22:48.000000;2016-02-12T02:22:48.000000;bcba4f60-7b0c-4d91-971f-71ed8d00ddb7;377.59;0.06;UNKNOWN
2016-02-12T02:23:01.000000;2016-02-12T02:23:01.000000;3af254d8-ac81-4890-bdbd-0cd419839909;377.49;1.0;UNKNOWN
2016-02-12T02:23:13.000000;2016-02-12T02:23:13.000000;35433708-ac0b-4796-afbf-50ca6ef5366a;377.55;0.3;UNKNOWN
2016-02-12T02:23:15.000000;2016-02-12T02:23:15.000000;28c95547-5b58-4e16-90c1-094c17b780ef;377.54;0.3;UNKNOWN
2016-02-12T02:26:05.000000;2016-02-12T02:26:05.000000;9d9d5ae6-aa5f-4c79-af1c-efdc86ee3af3;377.58;0.15728216;UNKNOWN
2016-02-12T02:26:34.000000;2016-02-12T02:26:34.000000;bf7d69e8-6f3b-42cf-9e35-f96e0780417a;377.51;0.3;UNKNOWN
2016-02-12T02:29:34.000000;2016-02-12T02:29:34.000000;f917a270-b40f-41cb-8e43-472dc64a6603;377.58;0.08446208;UNKNOWN
2016-02-12T02:31:11.000000;2016-02-12T02:31:11.000000;ab29925c-0769-4914-9359-ebf96912452e;377.57;0.05;UNKNOWN
2016-02-12T02:31:25.000000;2016-02-12T02:31:25.000000;862daef0-0eb9-4dbc-bf84-221877838653;377.58;0.2;UNKNOWN
2016-02-12T02:34:06.000000;2016-02-12T02:34:06.000000;827da703-0714-4eca-b067-8e5dd1ee46c7;377.58;0.24982236;UNKNOWN
2016-02-12T02:35:04.000000;2016-02-12T02:35:04.000000;b2e0136b-316c-489c-a00f-542d4611429b;377.45;0.116;UNKNOWN
2016-02-12T02:35:05.000000;2016-02-12T02:35:05.000000;0744d9bf-baee-4387-81fa-b5e34c4c1525;377.15;0.16089378;UNKNOWN
2016-02-12T02:36:21.000000;2016-02-12T02:36:21.000000;7b12647f-7ce1-4449-b47e-3c5da4686e23;377.17;5.06;UNKNOWN
2016-02-12T02:39:05.000000;2016-02-12T02:39:05.000000;0e5348ae-0b74-4f19-88b3-508f77c04b73;377.24;0.729;UNKNOWN
2016-02-12T02:39:05.000000;2016-02-12T02:39:05.000000;7a0829fe-8439-4d19-8441-dec56fc2e7aa;377.24;2.58629886;UNKNOWN
2016-02-12T02:39:05.000000;2016-02-12T02:39:05.000000;2702edd2-9286-4edc-9440-e885bb7dfc6a;377.24;0.13780114;UNKNOWN
2016-02-12T02:39:05.000000;2016-02-12T02:39:05.000000;3fb816d4-6a1f-4572-ad57-3dd2cdc41095;377.24;6.5469;UNKNOWN
2016-02-12T02:40:53.000000;2016-02-12T02:40:53.000000;86839468-bb94-42ef-995d-2318d2ce0f46;377.47;0.3;UNKNOWN
2016-02-12T02:44:47.000000;2016-02-12T02:44:47.000000;1902b38d-83f5-4bec-a908-49292e9dd68f;377.58;3.13;UNKNOWN
2016-02-12T02:46:19.000000;2016-02-12T02:46:19.000000;0516c5b1-f9a5-472e-b14f-f825563cee04;377.58;0.23787142;UNKNOWN
2016-02-12T02:46:35.000000;2016-02-12T02:46:35.000000;1564f2e8-8391-4ce5-8e61-52ef77413a8b;377.6;0.99;UNKNOWN
2016-02-12T02:46:35.000000;2016-02-12T02:46:35.000000;f861167d-d635-4945-9b7b-233f31f39e5e;377.59;0.01;UNKNOWN
2016-02-12T02:46:51.000000;2016-02-12T02:46:51.000000;1f423323-d4ca-4f35-86fd-72420517b804;377.61;1.0;UNKNOWN
2016-02-12T02:49:06.000000;2016-02-12T02:49:06.000000;33b6a780-8372-4335-9ec9-11120f1875f1;377.61;0.3;UNKNOWN
2016-02-12T02:49:06.000000;2016-02-12T02:49:06.000000;0f255c14-4ec0-4928-8d19-6794c637c146;377.6;1.93361735;UNKNOWN
2016-02-12T02:49:50.000000;2016-02-12T02:49:50.000000;9edb1b91-d74c-430f-863e-146831bd3ef8;377.62;6.5452;UNKNOWN
2016-02-12T02:50:01.000000;2016-02-12T02:50:01.000000;649e003a-0591-4b1c-bc3e-db34f0a81034;377.62;2.42843286;UNKNOWN
2016-02-12T02:50:44.000000;2016-02-12T02:50:44.000000;f4e83af3-5cd9-4738-97ad-ebca728e8107;377.64;0.01;UNKNOWN
2016-02-12T02:51:02.000000;2016-02-12T02:51:02.000000;49674c21-2fc3-41fd-a933-7fe84de552f2;377.85;4.0;UNKNOWN
2016-02-12T02:51:12.000000;2016-02-12T02:51:12.000000;3d1feae9-2391-4401-8f23-c6a29185d6b1;377.85;0.01;UNKNOWN
2016-02-12T02:51:49.000000;2016-02-12T02:51:49.000000;ae9fde84-23c2-4090-b256-8dd4a96f6835;378.35;3.0;UNKNOWN
2016-02-12T02:51:49.000000;2016-02-12T02:51:49.000000;711ffac2-656d-4ee3-a7fc-53fb548e0e87;377.85;0.01;UNKNOWN
2016-02-12T02:51:49.000000;2016-02-12T02:51:49.000000;ca2bb69c-a49d-4e6b-a8dd-361d806ede50;378.09;0.1;UNKNOWN
2016-02-12T02:51:49.000000;2016-02-12T02:51:49.000000;1ce13845-6ce5-4a43-8da8-aed8d5da17c5;377.9;0.2;UNKNOWN
2016-02-12T02:51:49.000000;2016-02-12T02:51:49.000000;5964a3dc-e121-48f3-9433-77e077d3495f;378.38;0.58662556;UNKNOWN
2016-02-12T02:51:49.000000;2016-02-12T02:51:49.000000;d837861f-d595-42e1-99f1-f127f9e700f6;377.86;0.01;UNKNOWN
2016-02-12T02:51:49.000000;2016-02-12T02:51:49.000000;a148daf1-1339-4bee-8034-3c1a27163820;378.36;6.0;UNKNOWN
2016-02-12T02:51:49.000000;2016-02-12T02:51:49.000000;d246b6e1-1db2-4d5e-9f51-e924864bf3ad;378.34;0.5;UNKNOWN
2016-02-12T02:51:49.000000;2016-02-12T02:51:49.000000;170ccec7-6c1c-4abc-905d-b9abd8417dc6;378.37;1.60337444;UNKNOWN
2016-02-12T02:54:56.000000;2016-02-12T02:54:56.000000;29e73a94-0fdb-469f-b235-20a3590edba0;378.47;0.01;UNKNOWN
2016-02-12T02:54:56.000000;2016-02-12T02:54:56.000000;8ea3da8b-8641-44ad-8320-a06ce0a84ee1;378.36;0.68;UNKNOWN
2016-02-12T02:54:56.000000;2016-02-12T02:54:56.000000;f3e0ca4f-fcc8-4733-a5ec-1c0de416e0b1;378.49;1.3;UNKNOWN
2016-02-12T02:54:56.000000;2016-02-12T02:54:56.000000;6c3d31bc-efd1-4ff1-849b-7f89b1583909;378.35;2.5;UNKNOWN
2016-02-12T02:54:56.000000;2016-02-12T02:54:56.000000;0fa30fa0-a033-4703-8e56-54a02e9de29a;378.36;0.5;UNKNOWN
2016-02-12T02:54:56.000000;2016-02-12T02:54:56.000000;21fbf983-2384-47ec-9992-4732b655697a;378.28;0.01;UNKNOWN
2016-02-12T02:55:33.000000;2016-02-12T02:55:33.000000;eb67934e-7a89-43f6-9e01-f8dd095c10f8;378.02;0.30378987;UNKNOWN
2016-02-12T02:55:40.000000;2016-02-12T02:55:40.000000;956b5b7c-533e-46b2-a3fd-62d863d1c8a6;378.48;0.32;UNKNOWN
2016-02-12T02:55:40.000000;2016-02-12T02:55:40.000000;2b15521f-1402-49c3-8a41-edecf746c1ce;378.48;0.5;UNKNOWN
2016-02-12T02:56:02.000000;2016-02-12T02:56:02.000000;3c87d60e-47d9-44fe-be44-6ce99d9247ab;378.6;0.015;UNKNOWN
2016-02-12T02:56:11.000000;2016-02-12T02:56:11.000000;85d43a5d-125d-4516-9752-eb35fd2a2567;378.77;1.44;UNKNOWN
2016-02-12T02:56:11.000000;2016-02-12T02:56:11.000000;3c9bee93-962d-42f3-a451-94746d9ed042;378.76;0.5;UNKNOWN
2016-02-12T02:56:29.000000;2016-02-12T02:56:29.000000;ab9c9bd3-7ff7-47eb-b921-04c1503c48b9;378.74;0.5;UNKNOWN
2016-02-12T03:00:47.000000;2016-02-12T03:00:47.000000;a760c97f-6def-4e61-905d-5fd573facc8f;378.67;4.119;UNKNOWN
2016-02-12T03:00:47.000000;2016-02-12T03:00:47.000000;acae94b1-7c35-42c4-9aac-dd150c4f4707;378.63;3.0;UNKNOWN
2016-02-12T03:00:47.000000;2016-02-12T03:00:47.000000;a4e48f26-db1e-4d42-b190-986ee1397873;378.63;27.381;UNKNOWN
2016-02-12T03:00:47.000000;2016-02-12T03:00:47.000000;1607ddd6-fd3b-4202-bc6b-9ba93fbf45b2;378.66;15.0;UNKNOWN
2016-02-12T03:00:47.000000;2016-02-12T03:00:47.000000;dc2ee538-f2bb-423a-a41e-07a83f9d3582;378.63;0.5;UNKNOWN
2016-02-12T03:02:22.000000;2016-02-12T03:02:22.000000;9e8909d2-fc5f-4311-bea8-277519112c15;378.51;0.32181961;UNKNOWN
2016-02-12T03:05:51.000000;2016-02-12T03:05:51.000000;f17d9ee7-d8f6-42d0-a3f0-b879fb812ca1;378.51;2.0;UNKNOWN
2016-02-12T03:06:19.000000;2016-02-12T03:06:19.000000;fac548c8-4a77-4694-bacc-de40c85ff0bb;378.52;3.0;UNKNOWN
2016-02-12T03:06:19.000000;2016-02-12T03:06:19.000000;a9cdebe9-8650-41f0-be56-581cb8c4a9f0;378.51;6.517;UNKNOWN
2016-02-12T03:06:19.000000;2016-02-12T03:06:19.000000;d085e7c9-b00f-4adb-b60e-382ae47db23b;378.53;0.5;UNKNOWN
2016-02-12T03:06:19.000000;2016-02-12T03:06:19.000000;307b4015-e9b7-4daf-8286-6133dc8d9897;378.5;5.0;UNKNOWN
2016-02-12T03:06:19.000000;2016-02-12T03:06:19.000000;c14f42b5-414e-40c7-9867-606b87d5b3b5;378.1;3.8304;UNKNOWN
2016-02-12T03:06:19.000000;2016-02-12T03:06:19.000000;660c9378-6b14-4636-911f-9a006ba243c5;377.99;0.03;UNKNOWN
2016-02-12T03:06:19.000000;2016-02-12T03:06:19.000000;f3e4e531-e242-4c05-a686-c00df2fea0ed;377.96;7.0;UNKNOWN
2016-02-12T03:06:19.000000;2016-02-12T03:06:19.000000;94feb063-6ac9-43e1-9995-448ac397f3a1;378.01;18.0;UNKNOWN
2016-02-12T03:06:19.000000;2016-02-12T03:06:19.000000;b941794c-461a-4a84-8613-433752dad229;378.49;0.02205;UNKNOWN
2016-02-12T03:06:19.000000;2016-02-12T03:06:19.000000;67570c06-c935-4a68-8a68-22408f01157e;378.01;0.1;UNKNOWN
2016-02-12T03:06:19.000000;2016-02-12T03:06:19.000000;6ad62554-61e5-4133-a55d-eb207e295530;378.02;12.0;UNKNOWN
2016-02-12T03:06:19.000000;2016-02-12T03:06:19.000000;c0c9a381-2c7d-421c-bbd0-d77d93e780b8;378.03;9.8864;UNKNOWN
2016-02-12T03:06:19.000000;2016-02-12T03:06:19.000000;2b5feb63-86bb-4e80-b5fc-7486482fcd2e;378.0;21.164;UNKNOWN
2016-02-12T03:06:25.000000;2016-02-12T03:06:25.000000;72f893b9-b88a-43d0-8de4-3bb60ed6c326;378.23;1.89608716;UNKNOWN
2016-02-12T03:06:37.000000;2016-02-12T03:06:37.000000;f3b0e1b7-82f8-4431-99d5-470f19fe49c9;378.17;5.09391284;UNKNOWN
2016-02-12T03:06:37.000000;2016-02-12T03:06:37.000000;46ac86f2-ebac-4a98-a963-de056060d42c;378.18;16.04748716;UNKNOWN
2016-02-12T03:07:05.000000;2016-02-12T03:07:05.000000;a3be254e-4062-4cd6-92de-8913d6131cbe;378.15;0.22570782;UNKNOWN
2016-02-12T03:08:17.000000;2016-02-12T03:08:17.000000;4c93f737-a62e-412d-8c50-f6c8f0e6d864;378.07;0.66548357;UNKNOWN
2016-02-12T03:08:17.000000;2016-02-12T03:08:17.000000;2e4da49f-22ab-4940-ab79-31591541e865;378.07;0.22453268;UNKNOWN
2016-02-12T03:08:17.000000;2016-02-12T03:08:17.000000;d47134dc-4c03-4202-9bbe-2e0cbd2beff4;378.07;10.08625537;UNKNOWN
2016-02-12T03:08:17.000000;2016-02-12T03:08:17.000000;20a2934f-f51b-40bb-9805-638f752543e8;378.07;0.499;UNKNOWN
2016-02-12T03:08:17.000000;2016-02-12T03:08:17.000000;52b07372-71a1-4fe7-b431-6e8bd1cb2ffd;378.07;0.95830216;UNKNOWN
2016-02-12T03:08:17.000000;2016-02-12T03:08:17.000000;1c6d20f5-6a1d-4d48-b922-2d034ff39733;378.07;0.76996662;UNKNOWN
2016-02-12T03:08:17.000000;2016-02-12T03:08:17.000000;4ebc8128-46d2-4812-878e-0b2b70b16354;378.07;7.91873796;UNKNOWN
2016-02-12T03:08:17.000000;2016-02-12T03:08:17.000000;3652694c-cc27-409e-8f5a-85efe22b586c;378.07;0.88573958;UNKNOWN
2016-02-12T03:08:17.000000;2016-02-12T03:08:17.000000;4e812b50-e0c4-436c-80f1-fb5159935f57;378.07;0.17754499;UNKNOWN
2016-02-12T03:08:25.000000;2016-02-12T03:08:25.000000;bf73965f-15da-4cc2-95e3-ff2c01b8f136;378.04;0.3;UNKNOWN
2016-02-12T03:10:47.000000;2016-02-12T03:10:47.000000;a1851784-7b1a-4b65-9fa3-b0ac2c096349;377.95;17.6015;UNKNOWN
2016-02-12T03:10:47.000000;2016-02-12T03:10:47.000000;474b5a5f-919b-45b1-84ea-eb70e96dbb62;378.03;0.499;UNKNOWN
2016-02-12T03:10:47.000000;2016-02-12T03:10:47.000000;9ccf36a2-e41a-44be-99fd-2a4beabe7737;377.96;6.5995;UNKNOWN
2016-02-12T03:10:47.000000;2016-02-12T03:10:47.000000;7a4627ea-fbc1-4a7a-b10e-890c5d6413fb;378.03;0.3;UNKNOWN
2016-02-12T03:10:54.000000;2016-02-12T03:10:54.000000;e9801a60-28e0-44e8-a57d-8ab5c34edead;378.03;0.2485;UNKNOWN
2016-02-12T03:12:28.000000;2016-02-12T03:12:28.000000;9559ef5b-da59-430a-a8da-fc3c14143897;378.04;0.041;UNKNOWN
2016-02-12T03:13:11.000000;2016-02-12T03:13:11.000000;4461739e-8d8c-49ea-86f6-d8a08659c5aa;378.04;0.831;UNKNOWN
2016-02-12T03:13:11.000000;2016-02-12T03:13:11.000000;e182921c-66c0-4ef3-823c-947db2f4a131;378.04;0.24;UNKNOWN
2016-02-12T03:13:11.000000;2016-02-12T03:13:11.000000;98515bc0-294e-44eb-8302-debc6c7bbdb3;378.03;0.201;UNKNOWN
2016-02-12T03:13:31.000000;2016-02-12T03:13:31.000000;7a60e2d7-1c56-4864-bf91-84900e5a9ebb;378.0;0.79219;UNKNOWN
2016-02-12T03:18:23.000000;2016-02-12T03:18:23.000000;5dce9ab2-d83a-40e3-af51-992b22de00f2;377.96;0.06371631;UNKNOWN
2016-02-12T03:18:23.000000;2016-02-12T03:18:23.000000;9b2c55aa-82d5-43c1-90ff-b10a6c3ba309;377.95;0.83648369;UNKNOWN
2016-02-12T03:18:23.000000;2016-02-12T03:18:23.000000;3f37a75a-6b3e-4d24-a440-85b49216f171;377.96;0.0998;UNKNOWN
2016-02-12T03:18:49.000000;2016-02-12T03:18:49.000000;717568ae-97d6-41cb-8366-26a5052ac1ca;378.01;0.26;UNKNOWN
2016-02-12T03:18:52.000000;2016-02-12T03:18:52.000000;23cb3611-4dce-4b6f-8947-c47b196272a6;378.02;0.5;UNKNOWN
2016-02-12T03:19:35.000000;2016-02-12T03:19:35.000000;59afb3eb-2153-4a61-acdf-d5ebc969e4ce;378.03;0.04;UNKNOWN
2016-02-12T03:21:28.000000;2016-02-12T03:21:28.000000;9dd8c08c-06b8-4228-a077-8bd6fcfb5fbe;378.03;2.41434;UNKNOWN
2016-02-12T03:22:36.000000;2016-02-12T03:22:36.000000;b3a96ad2-e59e-45cd-b0b3-48dc19cac57c;378.03;6.0;UNKNOWN
2016-02-12T03:23:54.000000;2016-02-12T03:23:54.000000;41eb27a2-7524-4c12-b42e-06805ccc6345;378.03;3.1;UNKNOWN
2016-02-12T03:29:05.000000;2016-02-12T03:29:05.000000;f7db8e37-43e3-4b09-88c7-65b55d688d16;378.02;1.32004912;UNKNOWN
2016-02-12T03:30:37.000000;2016-02-12T03:30:37.000000;975c417f-3a3f-45fd-a049-6aedb4c285ef;378.03;2.7099;UNKNOWN
2016-02-12T03:31:11.000000;2016-02-12T03:31:11.000000;90d1dd3c-03f6-43d4-8640-c1260bd485db;378.03;0.05;UNKNOWN
2016-02-12T03:31:39.000000;2016-02-12T03:31:39.000000;41b398bf-6a2c-41a5-aeb5-4ac0936d5cc7;378.02;0.67995088;UNKNOWN
2016-02-12T03:31:39.000000;2016-02-12T03:31:39.000000;129284f9-3684-4b90-840a-0a7ffc755ee4;378.02;0.15;UNKNOWN
2016-02-12T03:31:39.000000;2016-02-12T03:31:39.000000;d4bcf260-8ae4-430e-9c0e-98ea06eb78cb;378.02;0.42004912;UNKNOWN
2016-02-12T03:33:58.000000;2016-02-12T03:33:58.000000;568aa1fe-a2e8-43ce-b9cf-ba79078da184;378.02;0.75669065;UNKNOWN
2016-02-12T03:35:02.000000;2016-02-12T03:35:02.000000;2359e2c7-123d-417a-95ab-137a9b4803ac;378.0;0.01985;UNKNOWN
2016-02-12T03:38:05.000000;2016-02-12T03:38:05.000000;f81c590a-add8-4cca-8b72-ea0416a94bb1;377.95;2.70596;UNKNOWN
2016-02-12T03:38:05.000000;2016-02-12T03:38:05.000000;81919569-824a-4e9a-a29c-5323c650b09b;377.96;0.02204;UNKNOWN
2016-02-12T03:38:42.000000;2016-02-12T03:38:42.000000;7f641e32-0aa2-4947-b9c4-7dbbd3042681;377.95;0.67;UNKNOWN
2016-02-12T03:38:51.000000;2016-02-12T03:38:51.000000;f52c7c64-5b2b-49e7-8ff0-308f3f2f4086;377.95;0.67;UNKNOWN
2016-02-12T03:38:53.000000;2016-02-12T03:38:53.000000;c4eea068-b441-48bf-8415-029e0ed0854f;377.95;0.67;UNKNOWN
2016-02-12T03:38:54.000000;2016-02-12T03:38:54.000000;b7857a84-eb73-46ca-bbf9-d31e83fd5fe0;377.95;0.67;UNKNOWN
2016-02-12T03:38:58.000000;2016-02-12T03:38:58.000000;93830904-eab8-4b37-b035-1649a7eef556;377.95;0.67;UNKNOWN
2016-02-12T03:38:59.000000;2016-02-12T03:38:59.000000;f9e54ca8-383a-4aa9-a8e6-bdad38d43bcc;377.95;0.67;UNKNOWN
2016-02-12T03:38:59.000000;2016-02-12T03:38:59.000000;f9524695-9c7c-4860-90cd-5c6214aefc77;377.95;0.67;UNKNOWN
2016-02-12T03:39:03.000000;2016-02-12T03:39:03.000000;eabb31e3-11e2-47bf-b373-e3b857981764;377.95;0.67;UNKNOWN
2016-02-12T03:39:04.000000;2016-02-12T03:39:04.000000;1ceec201-5a45-4652-8a12-295f02d0e98c;377.95;0.67;UNKNOWN
2016-02-12T03:39:05.000000;2016-02-12T03:39:05.000000;62441c23-1b95-46e7-bf4d-31cd5e6e8e67;377.95;0.67;UNKNOWN
2016-02-12T03:39:06.000000;2016-02-12T03:39:06.000000;0def5751-0c70-4ec9-936d-f07f4f9b046e;377.95;0.67;UNKNOWN
2016-02-12T03:39:10.000000;2016-02-12T03:39:10.000000;2b76545c-f0d8-43bf-8b6f-f4ef43de6d51;377.95;0.67;UNKNOWN
2016-02-12T03:39:11.000000;2016-02-12T03:39:11.000000;01b0438e-7487-40f3-9af8-c388fd8524a8;377.95;0.67;UNKNOWN
2016-02-12T03:39:21.000000;2016-02-12T03:39:21.000000;d094fc03-34aa-416c-b96e-fe18e5508cd4;377.95;0.67;UNKNOWN
2016-02-12T03:39:22.000000;2016-02-12T03:39:22.000000;ffe983f4-eabc-4f46-b301-6314fa78a437;377.95;0.67;UNKNOWN
2016-02-12T03:39:22.000000;2016-02-12T03:39:22.000000;5116f82f-7925-48d8-a607-1ae0709e12f0;377.95;0.67;UNKNOWN
2016-02-12T03:39:23.000000;2016-02-12T03:39:23.000000;975506ac-3d71-4650-899d-016cb25d8a6a;377.95;0.67;UNKNOWN
2016-02-12T03:39:24.000000;2016-02-12T03:39:24.000000;6987ac3d-7266-4910-a61d-d5d7d82cbdd4;377.95;0.67;UNKNOWN
2016-02-12T03:39:24.000000;2016-02-12T03:39:24.000000;41fb4f7e-ee97-49f5-9552-dd222ae014d7;377.95;0.67;UNKNOWN
2016-02-12T03:39:25.000000;2016-02-12T03:39:25.000000;846c3123-ef74-4d2f-ba67-610f53af500c;377.95;0.67;UNKNOWN
2016-02-12T03:39:26.000000;2016-02-12T03:39:26.000000;3a201be0-c2d8-4962-97e4-7d34e88a12da;377.95;0.67;UNKNOWN
2016-02-12T03:39:26.000000;2016-02-12T03:39:26.000000;a64946e7-8790-4d55-b8f8-4d6cd693b238;377.95;0.67;UNKNOWN
2016-02-12T03:39:27.000000;2016-02-12T03:39:27.000000;61283c2b-7c62-4bc3-b9bd-3e56c628474a;377.95;0.67;UNKNOWN
2016-02-12T03:39:49.000000;2016-02-12T03:39:49.000000;c4828967-a73e-4e6c-95b9-442e3c1a2806;377.95;0.67;UNKNOWN
2016-02-12T03:42:05.000000;2016-02-12T03:42:05.000000;029b803c-e288-4510-b821-0dcf5f499414;377.96;0.27797;UNKNOWN
2016-02-12T03:42:09.000000;2016-02-12T03:42:09.000000;cd37ec5a-9c1c-4740-8298-376370c1015c;377.96;0.06318;UNKNOWN
2016-02-12T03:42:31.000000;2016-02-12T03:42:31.000000;f69a9035-41b6-46e3-a4e3-014ee3c45479;377.95;0.15;UNKNOWN
2016-02-12T03:43:59.000000;2016-02-12T03:43:59.000000;190ab80a-8308-4eff-8134-d54e159636fa;377.96;3.0;UNKNOWN
2016-02-12T03:45:04.000000;2016-02-12T03:45:04.000000;e4bdd742-d829-49cb-bf58-f92811b90ff5;377.5;0.2509;UNKNOWN
2016-02-12T03:45:04.000000;2016-02-12T03:45:04.000000;7af7cb41-755d-4d2e-9954-6edde96a85b3;377.61;0.3;UNKNOWN
2016-02-12T03:45:04.000000;2016-02-12T03:45:04.000000;78be1b37-8682-479a-b71f-09bcffdb9337;377.36;5.56904989;UNKNOWN
2016-02-12T03:45:04.000000;2016-02-12T03:45:04.000000;09047ca2-0c96-4fdf-82bc-179024cbea21;377.44;0.01;UNKNOWN
2016-02-12T03:45:04.000000;2016-02-12T03:45:04.000000;38e3c17a-7a96-4cbd-b272-d144fd0cc929;377.45;0.1;UNKNOWN
2016-02-12T03:45:04.000000;2016-02-12T03:45:04.000000;cbbad02c-efdd-4d4d-8c5a-126cbb258b8a;377.44;0.01;UNKNOWN
2016-02-12T03:45:04.000000;2016-02-12T03:45:04.000000;abcc9d16-a830-419c-a12e-40aef3bb75ff;377.95;0.4916238;UNKNOWN
2016-02-12T03:45:04.000000;2016-02-12T03:45:04.000000;4e7997ef-12c3-498f-b2b0-ecb514503768;377.61;0.3;UNKNOWN
2016-02-12T03:45:04.000000;2016-02-12T03:45:04.000000;30f8ff50-51e6-4b22-94c9-acd00fdd3ff4;377.81;0.02697;UNKNOWN
2016-02-12T03:45:04.000000;2016-02-12T03:45:04.000000;af89bbe5-6c97-4126-a4fd-aa2c306e0226;377.64;15.9694;UNKNOWN
2016-02-12T03:45:04.000000;2016-02-12T03:45:04.000000;5ad976bd-4207-4832-918f-e9a500342794;377.95;12.62605631;UNKNOWN
2016-02-12T03:45:04.000000;2016-02-12T03:45:04.000000;ada112ad-701a-4a4d-aa3f-741c6dcd1460;377.66;6.556;UNKNOWN
2016-02-12T03:45:04.000000;2016-02-12T03:45:04.000000;77b59b2f-5969-4b4f-85a3-35540c478641;377.78;0.01;UNKNOWN
2016-02-12T03:45:04.000000;2016-02-12T03:45:04.000000;e771ac60-2ba4-4822-8b64-6b08b8e35b3b;377.78;0.01;UNKNOWN
2016-02-12T03:45:04.000000;2016-02-12T03:45:04.000000;b80784cb-fd41-43df-94e6-ca680922a44a;377.65;7.5;UNKNOWN
2016-02-12T03:45:04.000000;2016-02-12T03:45:04.000000;19d0e59e-0f29-4aca-b626-1c54af5f1c2a;377.57;0.27;UNKNOWN
2016-02-12T03:49:05.000000;2016-02-12T03:49:05.000000;081c8c45-2635-459e-a41c-ed448359a0fc;377.52;0.26;UNKNOWN
2016-02-12T03:49:05.000000;2016-02-12T03:49:05.000000;a9cf5f73-7f54-473f-bbe7-44e0b55c4f9d;377.67;0.1996;UNKNOWN
2016-02-12T03:49:05.000000;2016-02-12T03:49:05.000000;009d0c6f-b300-49ff-b72b-dbd06a185924;377.37;4.50212473;UNKNOWN
2016-02-12T03:49:26.000000;2016-02-12T03:49:26.000000;000cf16d-d365-43b0-a8ef-559f6e39dac4;377.37;3.0;UNKNOWN
2016-02-12T03:51:04.000000;2016-02-12T03:51:04.000000;f617447c-fa63-450f-bfc8-55e80bb54c69;377.39;0.76027116;UNKNOWN
2016-02-12T03:51:04.000000;2016-02-12T03:51:04.000000;3bb5f3b2-8979-415d-914f-704dfd03a144;377.55;0.28;UNKNOWN
2016-02-12T03:51:05.000000;2016-02-12T03:51:05.000000;c57f2254-cb47-471d-ae40-4529ef1378b0;377.73;2.25710876;UNKNOWN
2016-02-12T03:52:28.000000;2016-02-12T03:52:28.000000;a85131e6-2c80-4689-b096-d1da452e96a6;377.68;0.01;UNKNOWN
2016-02-12T03:53:35.000000;2016-02-12T03:53:35.000000;548500f3-2f51-4654-94af-2c6eb973aa41;377.36;0.48027116;UNKNOWN
2016-02-12T03:53:35.000000;2016-02-12T03:53:35.000000;a711eba8-cda0-4774-85c4-8119645c36f5;377.55;0.27;UNKNOWN
2016-02-12T03:53:35.000000;2016-02-12T03:53:35.000000;8d77a62f-5edd-49a7-90c6-7bb760f85f1b;377.36;0.01;UNKNOWN
2016-02-12T03:56:05.000000;2016-02-12T03:56:05.000000;9defb876-f516-4cf4-b3cb-84e6d30dd353;377.4;0.52611;UNKNOWN
2016-02-12T03:59:23.000000;2016-02-12T03:59:23.000000;51ec6a79-fbff-43b9-84e6-a68e345e340e;377.54;0.26;UNKNOWN
2016-02-12T03:59:23.000000;2016-02-12T03:59:23.000000;095b123d-922d-48d5-b3bf-5cf314be5883;377.42;0.07232903;UNKNOWN
2016-02-12T04:00:04.000000;2016-02-12T04:00:04.000000;68fb9c6f-a205-439d-ba2a-c45624f4addc;377.73;0.07933532;UNKNOWN
2016-02-12T04:00:21.000000;2016-02-12T04:00:21.000000;f4a192dd-e95a-492f-ba83-6f691f98bbac;377.41;0.015625;UNKNOWN
2016-02-12T04:00:27.000000;2016-02-12T04:00:27.000000;4482b489-12a9-4617-8586-be6030e5bccc;377.42;0.015625;UNKNOWN
2016-02-12T04:02:05.000000;2016-02-12T04:02:05.000000;b03c93c2-e8e0-424c-b0e9-278499993b99;377.46;0.03150457;UNKNOWN
2016-02-12T04:02:52.000000;2016-02-12T04:02:52.000000;ee4cb64e-e2b8-41e6-bca7-51f022b0ddb6;377.73;5.0;UNKNOWN
2016-02-12T04:03:01.000000;2016-02-12T04:03:01.000000;033aee91-ce6c-4c47-809a-afe9430a04ab;377.73;5.0;UNKNOWN
2016-02-12T04:03:06.000000;2016-02-12T04:03:06.000000;16c8c394-ac45-4a0c-85ac-e1be36f35482;377.73;0.72260581;UNKNOWN
2016-02-12T04:03:12.000000;2016-02-12T04:03:12.000000;1868ae69-eee7-43d6-970e-4896d98cb46f;377.74;0.032;UNKNOWN
2016-02-12T04:03:56.000000;2016-02-12T04:03:56.000000;be2fa388-eaf4-42d2-af73-9fbf9af472c8;377.71;4.0;UNKNOWN
2016-02-12T04:04:06.000000;2016-02-12T04:04:06.000000;5704f6fe-bb85-4e08-811f-54c3d91c0ffa;377.86;0.01;UNKNOWN
2016-02-12T04:04:06.000000;2016-02-12T04:04:06.000000;ba5cb10a-f53c-4a2a-97b4-1c0b93be5368;377.86;0.01;UNKNOWN
2016-02-12T04:04:06.000000;2016-02-12T04:04:06.000000;5714b0f0-1252-4948-804c-ee63a8253ffa;377.86;0.01;UNKNOWN
2016-02-12T04:04:06.000000;2016-02-12T04:04:06.000000;8ae62105-6b6f-4e02-9116-3bf02ed9de4b;377.86;0.01;UNKNOWN
2016-02-12T04:04:06.000000;2016-02-12T04:04:06.000000;294f885b-af05-4da7-955f-e2f89054e987;378.03;0.19;UNKNOWN
2016-02-12T04:04:07.000000;2016-02-12T04:04:07.000000;d1546656-3ed5-484b-9223-bb60b445ce92;378.02;0.23785613;UNKNOWN
2016-02-12T04:04:39.000000;2016-02-12T04:04:39.000000;0f6c4c19-6252-47a3-99bd-1991e60ac2ef;378.03;0.81;UNKNOWN
2016-02-12T04:04:39.000000;2016-02-12T04:04:39.000000;0b5d7f7d-5442-454b-86a2-f4513a0c98de;378.04;0.1;UNKNOWN
2016-02-12T04:04:39.000000;2016-02-12T04:04:39.000000;1e5ca39e-5f7b-467c-a29e-b309b18e12cd;378.07;0.2;UNKNOWN
2016-02-12T04:04:54.000000;2016-02-12T04:04:54.000000;dac88611-6f4e-493a-ac48-5f8c0686ae1c;378.51;0.5;UNKNOWN
2016-02-12T04:04:54.000000;2016-02-12T04:04:54.000000;6c2877e5-b5a4-4667-8f03-6269d2ee1f54;378.28;0.01;UNKNOWN
2016-02-12T04:04:54.000000;2016-02-12T04:04:54.000000;22918634-7c17-435f-82bd-abf37cb8d8f6;378.2;0.01;UNKNOWN
2016-02-12T04:04:54.000000;2016-02-12T04:04:54.000000;8ef5d9f8-8346-4f3f-977d-78ed6bf6020a;378.2;0.01;UNKNOWN
2016-02-12T04:04:54.000000;2016-02-12T04:04:54.000000;2da2db11-b126-4c13-9f84-571761593a1a;378.28;0.01;UNKNOWN
2016-02-12T04:04:54.000000;2016-02-12T04:04:54.000000;09e4f4fb-bd2d-4002-89a3-920b24868930;378.51;6.0;UNKNOWN
2016-02-12T04:04:54.000000;2016-02-12T04:04:54.000000;64d0d025-6284-424d-9a9c-730dc32c34e6;378.51;3.0;UNKNOWN
2016-02-12T04:04:54.000000;2016-02-12T04:04:54.000000;b7e402d8-14c0-4a59-83d5-2846e316a073;378.23;0.1;UNKNOWN
2016-02-12T04:05:39.000000;2016-02-12T04:05:39.000000;e6ce4205-6cce-4b35-872e-1c3ccc347dca;378.54;1.0;UNKNOWN
2016-02-12T04:06:03.000000;2016-02-12T04:06:03.000000;9083f7b9-3b04-471b-89b0-a16890760197;378.73;0.5;UNKNOWN
2016-02-12T04:06:03.000000;2016-02-12T04:06:03.000000;6c74a365-98a9-4fdc-af4d-b7205ccd0836;378.74;3.0;UNKNOWN
2016-02-12T04:06:03.000000;2016-02-12T04:06:03.000000;2d8c6c15-8551-46e6-9b14-4ff832db4932;378.68;16.3116;UNKNOWN
2016-02-12T04:06:03.000000;2016-02-12T04:06:03.000000;d2ff8e4b-72c1-4bc9-ac8d-be41b1a2125d;378.62;0.01;UNKNOWN
2016-02-12T04:06:03.000000;2016-02-12T04:06:03.000000;2bd38ce8-9685-4805-926f-fb7ef7558ede;378.59;0.04090189;UNKNOWN
2016-02-12T04:06:03.000000;2016-02-12T04:06:03.000000;baab0428-5df5-4e5f-ba98-2091d5699d40;378.74;5.13749811;UNKNOWN
2016-02-12T04:06:05.000000;2016-02-12T04:06:05.000000;e30d774a-9bda-4593-b333-524efe9d5fb0;378.73;0.07506792;UNKNOWN
2016-02-12T04:07:18.000000;2016-02-12T04:07:18.000000;c0b52268-ed0b-4582-9989-e3e08ea75bd4;378.7;3.2036;UNKNOWN
2016-02-12T04:07:56.000000;2016-02-12T04:07:56.000000;5af08031-66b6-4de1-8f83-95f0c2582295;378.76;0.3;UNKNOWN
2016-02-12T04:07:56.000000;2016-02-12T04:07:56.000000;31466d7d-8ae6-4e12-be4b-38ef8f07064e;378.73;0.7;UNKNOWN
2016-02-12T04:09:44.000000;2016-02-12T04:09:44.000000;3c3d015a-a08d-4f71-b450-ada842d89b00;378.6;4.0;UNKNOWN
2016-02-12T04:09:56.000000;2016-02-12T04:09:56.000000;a3d80cdd-a04f-4e6f-bde9-bb2b73dc63f0;378.7;0.465;UNKNOWN
2016-02-12T04:10:02.000000;2016-02-12T04:10:02.000000;9ee136de-92e8-47a2-85b5-357c0f966a1b;378.6;0.73;UNKNOWN
2016-02-12T04:10:02.000000;2016-02-12T04:10:02.000000;7b7a3364-db5f-44d5-b19a-fd4b8f70380a;378.6;0.73;UNKNOWN
2016-02-12T04:10:02.000000;2016-02-12T04:10:02.000000;c69adbff-996a-4e05-a9f2-9b7e5115ec1f;378.6;0.73;UNKNOWN
2016-02-12T04:10:11.000000;2016-02-12T04:10:11.000000;c36ebc90-a320-4869-92c4-702b8a1ff61a;378.6;1.09068182;UNKNOWN
2016-02-12T04:10:16.000000;2016-02-12T04:10:16.000000;b7929a4f-8633-473f-b382-8c13d9f2bdf2;378.73;1.5;UNKNOWN
2016-02-12T04:10:16.000000;2016-02-12T04:10:16.000000;2c8b4dc9-d988-4d2f-bca9-84a706d4177e;378.7;0.5;UNKNOWN
2016-02-12T04:10:16.000000;2016-02-12T04:10:16.000000;ef5da21a-9b28-4347-9bde-b0c366f4c8c0;378.72;3.0;UNKNOWN
2016-02-12T04:10:17.000000;2016-02-12T04:10:17.000000;d7aed509-b388-4a6e-a4e8-c98576c1ec6c;378.6;0.09909319;UNKNOWN
2016-02-12T04:10:21.000000;2016-02-12T04:10:21.000000;0b8cd628-2508-4ce2-aa2a-4b9a0f593066;378.71;0.5;UNKNOWN
2016-02-12T04:10:21.000000;2016-02-12T04:10:21.000000;d9d722a9-30e0-4613-b907-1f18b6dd1483;378.72;2.29;UNKNOWN
2016-02-12T04:10:24.000000;2016-02-12T04:10:24.000000;09451440-eda3-4012-86bc-97a9845d5dfb;378.6;42.0;UNKNOWN
2016-02-12T04:10:54.000000;2016-02-12T04:10:54.000000;481f4f14-c71d-4af1-ba17-b9e689fb3c8a;378.55;2.37977501;UNKNOWN
2016-02-12T04:10:54.000000;2016-02-12T04:10:54.000000;a1bf82f9-f585-43f6-89bf-62e675758eb1;378.6;0.62022499;UNKNOWN
2016-02-12T04:12:05.000000;2016-02-12T04:12:05.000000;fc9be76a-8176-483c-a67d-830e7f84089b;378.42;2.36462521;UNKNOWN
2016-02-12T04:12:46.000000;2016-02-12T04:12:46.000000;26db8613-65f5-470b-826c-975e697ca99b;378.41;3.78572781;UNKNOWN
2016-02-12T04:13:05.000000;2016-02-12T04:13:05.000000;275a1789-2cbb-49e3-b8b2-015faa80ee1f;378.39;3.01227348;UNKNOWN
2016-02-12T04:13:07.000000;2016-02-12T04:13:07.000000;5c19338a-42bc-4691-86e6-32f77c9a1828;378.4;1.21427219;UNKNOWN
2016-02-12T04:13:07.000000;2016-02-12T04:13:07.000000;8b3f14be-2241-4d63-b682-33c402ec7cbf;378.39;13.49252652;UNKNOWN
2016-02-12T04:13:07.000000;2016-02-12T04:13:07.000000;e4911414-f477-4625-81e5-9d055dd18adf;378.4;22.7743;UNKNOWN
2016-02-12T04:13:16.000000;2016-02-12T04:13:16.000000;d42fcbc2-ee0c-46a7-8caf-4f79fbd9964a;378.45;0.0502497;UNKNOWN
2016-02-12T04:13:22.000000;2016-02-12T04:13:22.000000;cab9bf85-9e9c-496a-8158-07bd3be8d385;378.41;0.54720401;UNKNOWN
2016-02-12T04:13:24.000000;2016-02-12T04:13:24.000000;c0409ecf-2797-4e21-8ddc-95a61a01e861;378.43;0.63509735;UNKNOWN
2016-02-12T04:13:36.000000;2016-02-12T04:13:36.000000;75a07135-7c67-41de-918b-74f20df1a867;378.74;23.9052;UNKNOWN
2016-02-12T04:13:58.000000;2016-02-12T04:13:58.000000;68209c10-b762-4baf-9a75-ca70adc88b38;378.74;1.0;UNKNOWN
2016-02-12T04:14:05.000000;2016-02-12T04:14:05.000000;bc9a3a33-8177-4b76-a4b9-658a19a602cd;378.56;0.90734041;UNKNOWN
2016-02-12T04:14:24.000000;2016-02-12T04:14:24.000000;4936631d-b3fa-4178-9ea2-8ea6a551de7b;378.76;4.2052;UNKNOWN
2016-02-12T04:14:24.000000;2016-02-12T04:14:24.000000;f6018a88-6c1a-46d0-99a9-6ef411e7858f;378.74;0.0948;UNKNOWN
2016-02-12T04:14:24.000000;2016-02-12T04:14:24.000000;4a0549ba-7265-47f2-8058-44080f3ba96d;378.75;0.7;UNKNOWN
2016-02-12T04:14:48.000000;2016-02-12T04:14:48.000000;430262b6-100d-46e3-893f-b3515f906824;378.8;0.73;UNKNOWN
2016-02-12T04:14:48.000000;2016-02-12T04:14:48.000000;4117d423-3993-4b95-8411-0f88e9c61506;378.78;0.73;UNKNOWN
2016-02-12T04:14:48.000000;2016-02-12T04:14:48.000000;7854a9f3-0dd1-465c-a566-d63b6b0c8116;378.78;0.01;UNKNOWN
2016-02-12T04:14:48.000000;2016-02-12T04:14:48.000000;3fbd7647-ff86-4580-9e9d-b6cecd8970c6;378.79;0.73;UNKNOWN
2016-02-12T04:14:48.000000;2016-02-12T04:14:48.000000;3b619dec-8657-487b-8c26-e140eba407e7;378.89;0.05;UNKNOWN
2016-02-12T04:14:48.000000;2016-02-12T04:14:48.000000;27eab27b-0b43-4f49-a438-717f40b59691;378.9;5.0;UNKNOWN
2016-02-12T04:14:48.000000;2016-02-12T04:14:48.000000;a174f0b7-0483-4fb2-9f26-b4951c02a60d;378.99;5.0352;UNKNOWN
2016-02-12T04:14:48.000000;2016-02-12T04:14:48.000000;0241bac2-eeee-44cf-83b1-7fc9c1bf5aa4;378.77;0.73;UNKNOWN
2016-02-12T04:14:48.000000;2016-02-12T04:14:48.000000;2bbf0e92-1530-47f8-8e8d-c72479688229;378.8;0.73;UNKNOWN
2016-02-12T04:14:48.000000;2016-02-12T04:14:48.000000;5b064fe0-a64c-47d5-a8c4-8cb2e5a8606b;378.78;0.01;UNKNOWN
2016-02-12T04:14:48.000000;2016-02-12T04:14:48.000000;1d8a220b-66a3-429a-b0c3-d1ecc5f1b0c6;378.76;1.2448;UNKNOWN
2016-02-12T04:14:49.000000;2016-02-12T04:14:49.000000;e54a3335-02a6-429e-9a7c-16f35a81dce4;378.74;5.0;UNKNOWN
2016-02-12T04:14:54.000000;2016-02-12T04:14:54.000000;243bdfe4-c17f-467c-91e6-51723d5770ef;378.8;5.0;UNKNOWN
2016-02-12T04:14:55.000000;2016-02-12T04:14:55.000000;d0698dfd-c212-4a5c-b8c2-8e3f189c3ff3;379.0;1.5;UNKNOWN
2016-02-12T04:14:58.000000;2016-02-12T04:14:58.000000;a7fb314a-ef54-40b7-bf92-020073885b08;379.0;5.0;UNKNOWN
2016-02-12T04:14:58.000000;2016-02-12T04:14:58.000000;ab4cabec-bb33-413a-94f8-22183aa5182d;379.0;5.0;UNKNOWN
2016-02-12T04:15:10.000000;2016-02-12T04:15:10.000000;ab5aa15c-c4b9-4d20-aa11-8faef784f70c;378.87;0.0648;UNKNOWN
2016-02-12T04:15:10.000000;2016-02-12T04:15:10.000000;beda075c-04e1-4acc-a00d-0a04e8f2e08e;378.88;0.0352;UNKNOWN
2016-02-12T04:15:28.000000;2016-02-12T04:15:28.000000;ebb0690a-7165-4dd0-9e98-4cec7f554dc9;379.0;4.0;UNKNOWN
2016-02-12T04:15:39.000000;2016-02-12T04:15:39.000000;321a9912-52fe-4ff6-99d5-1a2c83b0f1fa;379.0;4.0;UNKNOWN
2016-02-12T04:16:00.000000;2016-02-12T04:16:00.000000;3a18fea3-affb-449a-bd0b-a30d97e38b54;378.79;4.12;UNKNOWN
2016-02-12T04:17:06.000000;2016-02-12T04:17:06.000000;5df5f740-f858-4394-b4d2-7c43f01b2eeb;379.0;1.12590793;UNKNOWN
2016-02-12T04:17:07.000000;2016-02-12T04:17:07.000000;20e4a3a8-fdca-4f5f-9d38-124b7cafb7d1;379.0;0.03789776;UNKNOWN
2016-02-12T04:17:21.000000;2016-02-12T04:17:21.000000;3727af5e-42a5-45c7-a643-315ae734052e;379.0;4.25;UNKNOWN
2016-02-12T04:17:52.000000;2016-02-12T04:17:52.000000;e8dcaf4b-920a-4828-a7e3-21d7597d8de4;379.0;0.09225854;UNKNOWN
2016-02-12T04:20:06.000000;2016-02-12T04:20:06.000000;8c87031d-f77e-4ca6-97f2-aa81bd241fe1;378.85;0.17;UNKNOWN
2016-02-12T04:22:08.000000;2016-02-12T04:22:08.000000;9b2dcd70-faf7-412f-82d7-abcac6aa5f27;378.88;0.05806816;UNKNOWN
2016-02-12T04:22:26.000000;2016-02-12T04:22:26.000000;381cd3d6-6c47-4c96-b29a-da20625e9f80;378.88;0.55684918;UNKNOWN
2016-02-12T04:22:28.000000;2016-02-12T04:22:28.000000;b1d7f5d0-8afc-40cc-bf4c-841b261a56e8;378.88;0.11408266;UNKNOWN
2016-02-12T04:22:28.000000;2016-02-12T04:22:28.000000;507b6522-c133-4df1-8455-f3abc3b63cec;378.88;0.92555271;UNKNOWN
2016-02-12T04:22:29.000000;2016-02-12T04:22:29.000000;fdd7c5ca-b628-4eb2-8a8a-80b24ad4d792;379.0;3.0;UNKNOWN
2016-02-12T04:22:43.000000;2016-02-12T04:22:43.000000;04a99765-f0c1-4864-bc4b-8e9ef1d3cb9c;378.88;2.64152908;UNKNOWN
2016-02-12T04:23:02.000000;2016-02-12T04:23:02.000000;643fa862-0603-446f-9392-b343605ef897;378.88;0.21049452;UNKNOWN
2016-02-12T04:23:02.000000;2016-02-12T04:23:02.000000;3c65ab2f-3c1d-4730-a1ed-26fad8c0a0af;378.88;2.43321633;UNKNOWN
2016-02-12T04:23:23.000000;2016-02-12T04:23:23.000000;ae8a86da-e615-4274-8fd8-40fee6860abc;378.88;2.33942983;UNKNOWN
2016-02-12T04:23:33.000000;2016-02-12T04:23:33.000000;4899b7aa-179a-4513-8b3d-f5f941a88c6f;378.88;1.43681507;UNKNOWN
2016-02-12T04:23:33.000000;2016-02-12T04:23:33.000000;fe68acc0-9ac3-42fb-86d6-8c7f7b9e05fc;378.88;2.56318493;UNKNOWN
2016-02-12T04:24:06.000000;2016-02-12T04:24:06.000000;0ceefe69-f20b-422c-942a-d39fa3e5d6e2;378.76;2.11233183;UNKNOWN
2016-02-12T04:24:11.000000;2016-02-12T04:24:11.000000;7c09d8be-8a5c-490d-9c45-ca25166a6975;378.75;0.2;UNKNOWN
2016-02-12T04:25:39.000000;2016-02-12T04:25:39.000000;9d84c5d4-9b62-4127-a9d5-f128c5689b93;378.89;0.2994;UNKNOWN
2016-02-12T04:26:12.000000;2016-02-12T04:26:12.000000;1a37ec4f-f3f0-46b0-826f-fbc7aa04e1e5;378.89;4.0;UNKNOWN
2016-02-12T04:27:57.000000;2016-02-12T04:27:57.000000;896c87e2-9247-4a67-9e63-1d61d8b28619;378.89;0.1;UNKNOWN
2016-02-12T04:27:57.000000;2016-02-12T04:27:57.000000;b937eb6e-b24b-415d-8955-42f49622f6aa;378.89;0.7006;UNKNOWN
2016-02-12T04:27:57.000000;2016-02-12T04:27:57.000000;c47b66a6-523f-467c-98bf-fed9b20e1768;378.9;0.05;UNKNOWN
2016-02-12T04:29:12.000000;2016-02-12T04:29:12.000000;947b4bac-00da-4f6b-ac3e-97fe5bdf8f86;379.0;10.0;UNKNOWN
2016-02-12T04:29:23.000000;2016-02-12T04:29:23.000000;9ab091ef-0277-41aa-9c47-5c9cdb7330dd;379.0;1.5;UNKNOWN
2016-02-12T04:29:39.000000;2016-02-12T04:29:39.000000;2f0b565b-2f3d-4c59-9838-bed35067ca99;379.0;10.0;UNKNOWN
2016-02-12T04:30:02.000000;2016-02-12T04:30:02.000000;ad47ba4d-e8df-417f-9c53-b28696e3a292;379.0;3.0;UNKNOWN
2016-02-12T04:30:21.000000;2016-02-12T04:30:21.000000;a8bfeaa1-2b6e-4a55-82fd-8b19790963ff;379.0;47.49393577;UNKNOWN
2016-02-12T04:30:21.000000;2016-02-12T04:30:21.000000;3ecc308e-68b2-4558-9091-35298d51a051;379.0;0.02997;UNKNOWN
2016-02-12T04:30:21.000000;2016-02-12T04:30:21.000000;f44211c9-3ecb-4307-a01b-f6cbd2dbe01b;379.0;0.5;UNKNOWN
2016-02-12T04:30:21.000000;2016-02-12T04:30:21.000000;be8772b0-6f72-4218-8d12-4aaf6fe59b46;379.0;0.015;UNKNOWN
2016-02-12T04:31:06.000000;2016-02-12T04:31:06.000000;921254dc-e56d-4b19-ab07-0315afbd5d94;379.22;0.01;UNKNOWN
2016-02-12T04:31:09.000000;2016-02-12T04:31:09.000000;5b1a2296-0995-4c9c-8147-ae1fdd949716;379.25;0.01;UNKNOWN
2016-02-12T04:31:27.000000;2016-02-12T04:31:27.000000;78c85493-4483-4c21-a393-887fe8969979;379.5;0.01;UNKNOWN
2016-02-12T04:31:27.000000;2016-02-12T04:31:27.000000;f36aad88-16a0-4a80-8fdd-6c70b5d36e11;379.62;14.6125;UNKNOWN
2016-02-12T04:31:27.000000;2016-02-12T04:31:27.000000;223f1d13-1640-4407-b511-a95ee1d17e91;380.0;0.5;UNKNOWN
2016-02-12T04:31:27.000000;2016-02-12T04:31:27.000000;7836ec7b-b3ff-44f7-a842-da9e16f3b011;379.28;6.0;UNKNOWN
2016-02-12T04:31:27.000000;2016-02-12T04:31:27.000000;de1b306f-dfd6-467d-b6ae-7a46f12ede90;379.25;0.04;UNKNOWN
2016-02-12T04:31:27.000000;2016-02-12T04:31:27.000000;fea4dcd4-75c8-4aff-a628-c80424160641;379.5;0.1;UNKNOWN
2016-02-12T04:31:27.000000;2016-02-12T04:31:27.000000;b368d41c-a0dd-4655-9770-eab96c4c962f;379.32;14.2571;UNKNOWN
2016-02-12T04:31:27.000000;2016-02-12T04:31:27.000000;23eb3157-ec1e-4075-a267-b784ef140621;380.0;0.80001534;UNKNOWN
2016-02-12T04:31:27.000000;2016-02-12T04:31:27.000000;3aa31507-36d3-4528-9104-340ab371ca6a;379.69;0.26312704;UNKNOWN
2016-02-12T04:31:27.000000;2016-02-12T04:31:27.000000;dc9347ec-7ab2-45e9-af9e-bd48e28d23ea;379.69;0.26312704;UNKNOWN
2016-02-12T04:31:27.000000;2016-02-12T04:31:27.000000;daf606f0-eeaa-4173-ba01-ebb4898bf594;379.64;0.01;UNKNOWN
2016-02-12T04:31:27.000000;2016-02-12T04:31:27.000000;e91a4714-cfeb-4de2-93de-9712bcfde0c5;379.78;10.0;UNKNOWN
2016-02-12T04:31:27.000000;2016-02-12T04:31:27.000000;d7b64dc8-33bd-4e26-a12d-90c255cbf2dc;379.98;49.0;UNKNOWN
2016-02-12T04:31:27.000000;2016-02-12T04:31:27.000000;468f32a0-c313-41b4-9ba7-e68ce7b989a0;379.88;18.0;UNKNOWN
2016-02-12T04:31:27.000000;2016-02-12T04:31:27.000000;d75fa70b-6fdf-411a-b7dc-8701e5dc9494;379.27;22.9069;UNKNOWN
2016-02-12T04:31:27.000000;2016-02-12T04:31:27.000000;320dc155-cdd6-4e25-a147-77bccd601ca8;379.77;14.3784;UNKNOWN
2016-02-12T04:31:27.000000;2016-02-12T04:31:27.000000;bf3d048d-3386-43de-8e51-a548cd9084b2;379.87;8.5;UNKNOWN
2016-02-12T04:31:27.000000;2016-02-12T04:31:27.000000;c2a1191a-81e0-49b8-a313-c40d2f4d53f2;379.28;3.0;UNKNOWN
2016-02-12T04:31:27.000000;2016-02-12T04:31:27.000000;d4b6d08b-535b-4a47-bb48-bce40416fe70;380.0;100.0;UNKNOWN
2016-02-12T04:31:27.000000;2016-02-12T04:31:27.000000;20288622-45af-45c0-8686-815b75c6cbbf;379.93;15.645;UNKNOWN
2016-02-12T04:31:27.000000;2016-02-12T04:31:27.000000;e5ab8928-6368-4098-a929-b0d352e9f6c4;379.9;0.02;UNKNOWN
2016-02-12T04:31:27.000000;2016-02-12T04:31:27.000000;0e6fbd81-3f6f-44c1-8c4f-5dfa71d506c8;380.0;50.0;UNKNOWN
2016-02-12T04:31:27.000000;2016-02-12T04:31:27.000000;a86157b9-f5cd-4ef1-8697-9657e1916404;379.99;8.12;UNKNOWN
2016-02-12T04:31:27.000000;2016-02-12T04:31:27.000000;db0d06b8-4719-475c-a168-61604b94d22f;379.94;14.8998;UNKNOWN
2016-02-12T04:31:27.000000;2016-02-12T04:31:27.000000;aaf44b94-5ee2-4d89-9d05-4cc13633bb1f;379.89;0.051;UNKNOWN
2016-02-12T04:31:27.000000;2016-02-12T04:31:27.000000;80041551-f859-445b-bc43-dc1688bdc03b;379.36;2.0;UNKNOWN
2016-02-12T04:31:27.000000;2016-02-12T04:31:27.000000;d817e407-2e09-4031-8d06-89c407ffd976;380.0;6.0;UNKNOWN
2016-02-12T04:31:27.000000;2016-02-12T04:31:27.000000;e0ce52b9-d983-4b23-aa76-cc1bf5860a81;379.46;16.4122;UNKNOWN
2016-02-12T04:31:27.000000;2016-02-12T04:31:27.000000;f021c141-a26c-4983-9d97-467626a65a24;379.45;7.52;UNKNOWN
2016-02-12T04:31:27.000000;2016-02-12T04:31:27.000000;fdc1a66c-cbcc-47f1-adc7-85587873eb75;379.28;0.5;UNKNOWN
2016-02-12T04:31:29.000000;2016-02-12T04:31:29.000000;71f56f1e-2dda-4881-9997-4d2e9b8b3ad8;380.0;3.78152849;UNKNOWN
2016-02-12T04:31:32.000000;2016-02-12T04:31:32.000000;eb4e0cbb-ef80-47ec-9d0c-1c2b1ed7f8e7;380.07;3.0;UNKNOWN
2016-02-12T04:31:36.000000;2016-02-12T04:31:36.000000;77989c1a-83ee-4cb2-b44a-4db7e639fe5a;380.2;0.01148677;UNKNOWN
2016-02-12T04:31:36.000000;2016-02-12T04:31:36.000000;8f423f0d-0859-4522-8a45-f6b0fd6f2054;380.43;3.77938472;UNKNOWN
2016-02-12T04:31:36.000000;2016-02-12T04:31:36.000000;d7c394a6-59aa-4714-971d-f40f6c45615b;380.42;13.45204204;UNKNOWN
2016-02-12T04:31:36.000000;2016-02-12T04:31:36.000000;40f176ef-d94d-4371-8394-356d888d9552;380.37;3.77943233;UNKNOWN
2016-02-12T04:31:36.000000;2016-02-12T04:31:36.000000;fc8aa6b9-5c01-4f14-888e-77143a121f5c;380.31;0.01;UNKNOWN
2016-02-12T04:31:36.000000;2016-02-12T04:31:36.000000;5faa5205-be12-4951-8210-ac210826a900;380.37;0.2653;UNKNOWN
2016-02-12T04:31:36.000000;2016-02-12T04:31:36.000000;445e1047-33bf-4594-b196-6c6c140c45af;380.31;3.77943233;UNKNOWN
2016-02-12T04:31:36.000000;2016-02-12T04:31:36.000000;1ecc0cfb-e5bc-4d1c-aba4-1469e72c0110;380.25;9.0424933;UNKNOWN
2016-02-12T04:31:36.000000;2016-02-12T04:31:36.000000;8d8788c1-b92a-4ab2-a166-5f901bdd9844;380.28;11.9475067;UNKNOWN
2016-02-12T04:31:36.000000;2016-02-12T04:31:36.000000;e0d9732e-c8fc-402b-9079-976264253826;380.2;0.025;UNKNOWN
2016-02-12T04:31:36.000000;2016-02-12T04:31:36.000000;e66eaed4-e550-4b3f-a50a-1e172d67e531;380.28;2.4637933;UNKNOWN
2016-02-12T04:31:36.000000;2016-02-12T04:31:36.000000;fe560d9e-b488-426c-ae98-a3020727d659;380.26;0.01;UNKNOWN
2016-02-12T04:31:36.000000;2016-02-12T04:31:36.000000;c2f603fc-865f-4715-b2e5-35cdef955ae0;380.42;1.63245796;UNKNOWN
2016-02-12T04:31:36.000000;2016-02-12T04:31:36.000000;0a67f620-86fa-4bcd-b9b3-47f245480754;380.45;4.58815732;UNKNOWN
2016-02-12T04:31:36.000000;2016-02-12T04:31:36.000000;6c342e5e-e7e2-4f23-a68b-a9dce50a4e72;380.18;1.5596742;UNKNOWN
2016-02-12T04:31:36.000000;2016-02-12T04:31:36.000000;d650e8a0-1f8f-442c-a643-d2b3d431e696;380.18;2.21994859;UNKNOWN
2016-02-12T04:31:36.000000;2016-02-12T04:31:36.000000;a640bc1f-3780-4055-aab7-9ab34f980ed4;380.13;0.78005141;UNKNOWN
2016-02-12T04:31:36.000000;2016-02-12T04:31:36.000000;8f83466e-fc74-403f-9aa3-ae2eb2b6778f;380.25;3.77943233;UNKNOWN
2016-02-12T04:31:36.000000;2016-02-12T04:31:36.000000;57d5174b-c983-46f5-a0fd-9a34d273019b;380.25;7.6244067;UNKNOWN
2016-02-12T04:31:36.000000;2016-02-12T04:31:36.000000;009ef620-4bed-4eb9-8478-d8a5328b1114;380.13;3.0;UNKNOWN
2016-02-12T04:31:40.000000;2016-02-12T04:31:40.000000;f3058956-322e-4b42-922e-13cfef7c2caa;380.45;0.08;UNKNOWN
2016-02-12T04:31:41.000000;2016-02-12T04:31:41.000000;9ae1b911-cea0-4cb9-b00a-37934476c908;380.01;3.0;UNKNOWN
2016-02-12T04:31:42.000000;2016-02-12T04:31:42.000000;3d214e97-5eaf-4f59-8152-9e8bb66e8bcc;380.17;8.9;UNKNOWN
2016-02-12T04:31:44.000000;2016-02-12T04:31:44.000000;2b148602-1f09-4bbb-a26a-c34affb8dc3a;380.02;0.68;UNKNOWN
2016-02-12T04:31:44.000000;2016-02-12T04:31:44.000000;70544067-4858-4200-af5c-5668c3e275c6;380.02;0.5;UNKNOWN
2016-02-12T04:31:45.000000;2016-02-12T04:31:45.000000;02bfcb98-3dbf-47f1-af12-9471f9f7ea1d;380.14;0.01;UNKNOWN
2016-02-12T04:31:45.000000;2016-02-12T04:31:45.000000;effb87d0-2ba3-4440-850d-a9bfa7e00c9c;380.03;0.5;UNKNOWN
2016-02-12T04:31:45.000000;2016-02-12T04:31:45.000000;b30ae762-2228-41af-99ac-24142e8b24ae;380.01;0.25;UNKNOWN
2016-02-12T04:31:46.000000;2016-02-12T04:31:46.000000;248beaa7-a82d-4990-8c1f-7f2e1435c6b1;380.0;0.29;UNKNOWN
2016-02-12T04:31:47.000000;2016-02-12T04:31:47.000000;6233647f-53a5-458e-b204-d40382cb76d3;380.14;2.0;UNKNOWN
2016-02-12T04:31:47.000000;2016-02-12T04:31:47.000000;9b57be0e-96f6-4844-976f-9b7f41e3fc55;380.14;0.01;UNKNOWN
2016-02-12T04:31:48.000000;2016-02-12T04:31:48.000000;f14f18ae-2fde-4b68-ae04-da3d49cd5ea6;380.0;0.15;UNKNOWN
2016-02-12T04:31:48.000000;2016-02-12T04:31:48.000000;2249495e-1cac-4e54-a34e-b04c25b4cde9;380.0;3.5;UNKNOWN
2016-02-12T04:31:49.000000;2016-02-12T04:31:49.000000;39344d62-d32b-47e9-bd1e-dbb605d966bd;380.14;0.01;UNKNOWN
2016-02-12T04:31:50.000000;2016-02-12T04:31:50.000000;9a8b3361-06b9-492c-8adc-abc14884fc09;380.27;0.01;UNKNOWN
2016-02-12T04:31:51.000000;2016-02-12T04:31:51.000000;ff033e38-3c62-4326-a101-6e64b3bdb2ee;380.02;0.09;UNKNOWN
2016-02-12T04:31:52.000000;2016-02-12T04:31:52.000000;6e4e57f7-eb33-4fa2-99ae-00cf68c1d4f2;380.02;0.06;UNKNOWN
2016-02-12T04:31:52.000000;2016-02-12T04:31:52.000000;4947f5aa-2cb0-44c4-8976-9309d31c73bf;380.27;0.01;UNKNOWN
2016-02-12T04:31:53.000000;2016-02-12T04:31:53.000000;de6f4a6d-097b-4f7a-9a40-ba7ef8c59b2f;380.02;0.03;UNKNOWN
2016-02-12T04:31:54.000000;2016-02-12T04:31:54.000000;6903432a-fb17-4924-ac68-ba7c1a2ab8b0;380.02;1.2;UNKNOWN
2016-02-12T04:31:54.000000;2016-02-12T04:31:54.000000;78f5a3f2-e7bb-4e2c-8dae-b4c4ed5d452a;380.27;2.1;UNKNOWN
2016-02-12T04:31:54.000000;2016-02-12T04:31:54.000000;e59758ae-cb4d-4f61-9ad6-70e9cd13e051;380.02;0.01;UNKNOWN
2016-02-12T04:31:55.000000;2016-02-12T04:31:55.000000;59acd574-adcf-4bd1-a865-3e5a690d562a;380.02;0.01;UNKNOWN
2016-02-12T04:32:01.000000;2016-02-12T04:32:01.000000;05dde57d-6b00-4f90-8c62-912afd527771;380.02;5.1;UNKNOWN
2016-02-12T04:32:03.000000;2016-02-12T04:32:03.000000;9e5eefed-0781-4a9d-9b47-c6a61b6ca867;380.01;0.05;UNKNOWN
2016-02-12T04:32:10.000000;2016-02-12T04:32:10.000000;c0cc82cb-864d-404c-a001-2612d0aa9579;380.01;0.01;UNKNOWN
2016-02-12T04:32:16.000000;2016-02-12T04:32:16.000000;de66c41f-fccd-4c90-8e11-418a4756e0ca;380.12;1.5;UNKNOWN
2016-02-12T04:32:23.000000;2016-02-12T04:32:23.000000;cb8e0c71-a27d-47af-a58f-e8cb86788ab2;380.01;1.32974341;UNKNOWN
2016-02-12T04:32:40.000000;2016-02-12T04:32:40.000000;e0276fea-1606-49a6-962b-eb34f106e987;380.01;1.74965;UNKNOWN
2016-02-12T04:32:47.000000;2016-02-12T04:32:47.000000;919cc559-2479-445e-b2f6-8649a20a1582;380.01;6.5676;UNKNOWN
2016-02-12T04:32:47.000000;2016-02-12T04:32:47.000000;ea608c40-32c3-4fae-a798-f7a28cc42b76;380.0;114.9950955;UNKNOWN
2016-02-12T04:32:47.000000;2016-02-12T04:32:47.000000;750e4476-f83a-417f-b5d2-ebbf6898dbd9;380.01;0.046;UNKNOWN
2016-02-12T04:32:47.000000;2016-02-12T04:32:47.000000;c7354454-63fb-41d7-a2b5-c93324c447b0;380.01;6.86060659;UNKNOWN
2016-02-12T04:33:00.000000;2016-02-12T04:33:00.000000;f3d93d7f-5508-48f1-8230-7d4dea3d65fd;380.0;0.67;UNKNOWN
2016-02-12T04:33:02.000000;2016-02-12T04:33:02.000000;89c85394-c2d2-423f-b794-9027ef5b772a;380.0;0.45;UNKNOWN
2016-02-12T04:33:10.000000;2016-02-12T04:33:10.000000;2913b2c4-9845-42da-8331-6150a6ab798e;379.41;3.77600725;UNKNOWN
2016-02-12T04:33:10.000000;2016-02-12T04:33:10.000000;76883cba-302f-4cdb-a276-c6eaec7ab6c3;379.47;3.77600725;UNKNOWN
2016-02-12T04:33:10.000000;2016-02-12T04:33:10.000000;7e717cb0-9370-48cf-8244-4bde29c13a51;380.0;12.35420659;UNKNOWN
2016-02-12T04:33:10.000000;2016-02-12T04:33:10.000000;4730551b-3add-46c7-8ab1-2eaacb83677e;379.52;3.77600725;UNKNOWN
2016-02-12T04:33:10.000000;2016-02-12T04:33:10.000000;8a2fdbee-6500-4152-933e-50acc8a0e2cd;379.35;3.77600725;UNKNOWN
2016-02-12T04:33:10.000000;2016-02-12T04:33:10.000000;0d4a6991-804d-4651-9a12-0edd6b692461;379.58;3.77600725;UNKNOWN
2016-02-12T04:33:10.000000;2016-02-12T04:33:10.000000;700d6eb0-a77f-4086-935b-d5dcaa7918a0;379.59;6.5292;UNKNOWN
2016-02-12T04:33:15.000000;2016-02-12T04:33:15.000000;0a14e9a4-5f8b-4e64-a247-6eee3771254b;379.43;0.03;UNKNOWN
2016-02-12T04:33:18.000000;2016-02-12T04:33:18.000000;06a9df76-34c3-4114-b20d-75e04737f2b1;379.44;0.01;UNKNOWN
2016-02-12T04:33:21.000000;2016-02-12T04:33:21.000000;cac66379-2264-483d-a78e-0d9ddb31f4ce;379.37;0.01;UNKNOWN
2016-02-12T04:33:29.000000;2016-02-12T04:33:29.000000;8690377f-97b8-4d26-800c-b09d92900f4c;379.39;0.4;UNKNOWN
2016-02-12T04:34:08.000000;2016-02-12T04:34:08.000000;a380bb11-a489-43c4-8d66-e69d52908c2b;379.62;0.4;UNKNOWN
2016-02-12T04:34:20.000000;2016-02-12T04:34:20.000000;e1a35e4d-c8e5-457e-8237-fec63cced783;379.7;5.0;UNKNOWN
2016-02-12T04:34:20.000000;2016-02-12T04:34:20.000000;725687d4-c1b8-4a52-837b-217339a8089d;379.64;6.5433;UNKNOWN
2016-02-12T04:34:20.000000;2016-02-12T04:34:20.000000;ba016432-65fb-4171-a6c8-dbb06f3f2e1e;379.65;5.0;UNKNOWN
2016-02-12T04:34:20.000000;2016-02-12T04:34:20.000000;e38de157-0dea-4ccb-b342-82351add21e0;379.84;0.69267041;UNKNOWN
2016-02-12T04:34:35.000000;2016-02-12T04:34:35.000000;81bf1622-b293-4d9f-a28c-7e589dfacef5;379.79;0.09469529;UNKNOWN
2016-02-12T04:34:57.000000;2016-02-12T04:34:57.000000;2d9e214d-d8c7-4de9-8fd2-76847df98ae0;379.52;5.0;UNKNOWN
2016-02-12T04:35:08.000000;2016-02-12T04:35:08.000000;ae51e5f3-b63a-46a1-8eb8-dbeba6fb24c4;379.68;0.05;UNKNOWN
2016-02-12T04:35:24.000000;2016-02-12T04:35:24.000000;12d0f76a-72cc-4e9b-8add-5331f39d55c9;379.46;3.0;UNKNOWN
2016-02-12T04:36:23.000000;2016-02-12T04:36:23.000000;da59c713-34c0-4395-85e7-72b8918ca72d;379.39;3.88;UNKNOWN
2016-02-12T04:37:12.000000;2016-02-12T04:37:12.000000;3a3c2a77-8a4f-4e61-a370-20d3217884af;379.66;1.22;UNKNOWN
2016-02-12T04:37:46.000000;2016-02-12T04:37:46.000000;2a5daec4-1b8b-414f-b278-63826fa143c6;379.67;2.40237;UNKNOWN
2016-02-12T04:39:42.000000;2016-02-12T04:39:42.000000;f12205f4-d036-4bfc-9265-218a9de7a498;379.48;0.5;UNKNOWN
2016-02-12T04:39:42.000000;2016-02-12T04:39:42.000000;8e628707-695c-4a1a-96e7-ac830e446dac;379.48;1.5;UNKNOWN
2016-02-12T04:39:42.000000;2016-02-12T04:39:42.000000;94aa9760-bda5-4f0b-8f61-d2a829f34879;379.67;0.1;UNKNOWN
2016-02-12T04:39:42.000000;2016-02-12T04:39:42.000000;04406d1f-8504-47f4-9a93-754b43edb2f4;379.49;4.9;UNKNOWN
2016-02-12T04:40:02.000000;2016-02-12T04:40:02.000000;b309e768-9ba2-4cdd-b843-40a6983c15c5;379.34;4.0;UNKNOWN
2016-02-12T04:40:05.000000;2016-02-12T04:40:05.000000;941d2d3b-ecee-40aa-9efb-b573cd4c0412;379.36;5.57870656;UNKNOWN
2016-02-12T04:41:49.000000;2016-02-12T04:41:49.000000;e6a8649a-76c0-4eda-8d3c-0ef41fed6ad3;379.32;6.42843286;UNKNOWN
2016-02-12T04:41:53.000000;2016-02-12T04:41:53.000000;ab38e86a-8e4c-449c-8eee-536dd36b28e8;379.35;0.01;UNKNOWN
2016-02-12T04:42:05.000000;2016-02-12T04:42:05.000000;6d37a570-848d-4741-ac1f-0d77bc69e30a;379.64;1.0;UNKNOWN
