time_exchange;time_coinpai;guid;price;base_amount;taker_side
2016-02-12T00:00:10.287000;2016-02-12T00:00:10.320000;e5204ee6-3abe-491a-8aca-6f47c6822fb0;378.23;0.01;BUY
2016-02-12T00:00:10.660000;2016-02-12T00:00:10.697000;843ab72e-0f52-452f-b5ea-6efdea883170;378.23;0.422;BUY
2016-02-12T00:00:35.427000;2016-02-12T00:00:35.463000;9348e376-840e-4577-81d7-89dce2da6269;378.23;1.28802;BUY
2016-02-12T00:00:35.427000;2016-02-12T00:00:35.477000;1055e2c9-61d6-43f8-9995-e12814a842de;378.23;0.09;BUY
2016-02-12T00:00:35.427000;2016-02-12T00:00:35.477000;6faa3f48-f677-4489-8295-2da1459f23b2;378.24;0.82994;BUY
2016-02-12T00:01:02.413000;2016-02-12T00:01:02.447000;f2786a79-3fce-43ea-8cc7-ca74e0835d9a;378.23;0.29883;BUY
2016-02-12T00:01:41.903000;2016-02-12T00:01:41.930000;9fdb1722-b125-4c84-bbe3-367806d45b98;378.24;1.06274;BUY
2016-02-12T00:01:50.783000;2016-02-12T00:01:50.820000;00776752-eab7-4b9f-adea-a550a1a8b1f7;378.24;0.0129488;BUY
2016-02-12T00:02:07.697000;2016-02-12T00:02:07.727000;6c5310eb-54e8-4108-a0b7-3facb4392bd6;378.24;0.57888;BUY
2016-02-12T00:02:32.283000;2016-02-12T00:02:32.320000;b0a2b3f0-fc2a-4198-9f39-e9e65d4596d1;378.23;0.015;SELL
2016-02-12T00:02:32.283000;2016-02-12T00:02:32.337000;828ef08d-82d7-4a04-8b97-db0a9787a157;378.23;0.11;SELL
2016-02-12T00:02:32.283000;2016-02-12T00:02:32.337000;51803f20-bc70-4eb1-bebc-d7ad40654472;378.22;0.003;SELL
2016-02-12T00:02:32.283000;2016-02-12T00:02:32.337000;2d3bda91-1742-4e87-b581-b7cde2d8d936;378.22;0.09995;SELL
2016-02-12T00:03:32.787000;2016-02-12T00:03:32.820000;05904fe3-b24e-4a3c-b1f4-f3e861f8686a;378.23;0.014;SELL
2016-02-12T00:03:32.787000;2016-02-12T00:03:32.820000;adc52270-3134-4cd9-966c-911d419c3d7a;378.23;0.00074;SELL
2016-02-12T00:03:42.533000;2016-02-12T00:03:42.570000;ba827840-76c1-465f-9fd3-1c12a0a6487e;378.22;0.0115;SELL
2016-02-12T00:03:42.533000;2016-02-12T00:03:42.587000;20a0addc-c4d9-4510-a24d-8151c5a93bc9;378.22;0.128;SELL
2016-02-12T00:03:42.533000;2016-02-12T00:03:42.587000;e7f2f426-91af-475a-847f-6835c5ff8b85;378.21;0.016;SELL
2016-02-12T00:03:42.533000;2016-02-12T00:03:42.587000;09316321-3485-4ae9-aead-36e0aec3d759;378.2;0.016;SELL
2016-02-12T00:03:42.533000;2016-02-12T00:03:42.587000;1ed2a677-6f1b-435e-9d9c-5796766aae0a;378.2;0.077;SELL
2016-02-12T00:03:42.533000;2016-02-12T00:03:42.680000;ccc3e530-eba2-4e1b-82b0-fd0437d83767;378.19;0.016;SELL
2016-02-12T00:03:42.533000;2016-02-12T00:03:42.680000;261b804e-6cd4-43be-ab49-2b86c95e72e7;378.18;0.016;SELL
2016-02-12T00:03:42.533000;2016-02-12T00:03:42.680000;f9791ffd-d414-46be-a669-0dd6e035de69;378.17;0.018;SELL
2016-02-12T00:03:42.537000;2016-02-12T00:03:42.680000;f8223020-1304-403a-8da2-c75b4534f181;378.17;0.106;SELL
2016-02-12T00:03:42.537000;2016-02-12T00:03:42.680000;dc1f741d-57d4-4409-9cb5-63d1b91a927e;378.17;0.13;SELL
2016-02-12T00:03:42.537000;2016-02-12T00:03:42.680000;62090526-72f5-47f4-a6f2-c85c72d7fa62;378.16;0.018;SELL
2016-02-12T00:03:42.537000;2016-02-12T00:03:42.680000;27f25858-9cdf-4e13-92c2-223226241a44;378.15;0.018;SELL
2016-02-12T00:03:42.537000;2016-02-12T00:03:42.680000;3796aaec-92df-4c16-8dda-426e63348978;378.14;0.019;SELL
2016-02-12T00:03:42.537000;2016-02-12T00:03:42.680000;4d015477-8e9e-4b5c-821e-b04acbb99a1e;378.14;0.104;SELL
2016-02-12T00:03:42.537000;2016-02-12T00:03:42.680000;0bc3bf2b-2abf-40ed-8c40-51035e08b1d1;378.12;0.019;SELL
2016-02-12T00:03:42.537000;2016-02-12T00:03:42.680000;b30a7b11-414d-4d3d-a96b-eda7583c6d6d;378.11;0.019;SELL
2016-02-12T00:03:42.537000;2016-02-12T00:03:42.680000;2456fb17-3d3c-4923-b18e-baff597fa334;378.11;0.098;SELL
2016-02-12T00:03:42.537000;2016-02-12T00:03:42.680000;4123c7cc-420e-4f38-9858-2b5cb3578d7d;378.1;0.01;SELL
2016-02-12T00:03:42.537000;2016-02-12T00:03:42.680000;6422d1ca-f230-46d6-8b70-213e616ad7df;378.09;0.018;SELL
2016-02-12T00:03:42.537000;2016-02-12T00:03:42.680000;02adef04-ff81-4bb0-a3ee-8157637d2c30;378.08;0.018;SELL
2016-02-12T00:03:42.537000;2016-02-12T00:03:42.680000;655e61f1-74c9-4105-bb4c-63e8e7aab2e6;378.08;0.108;SELL
2016-02-12T00:03:42.537000;2016-02-12T00:03:42.680000;6a2cc4ca-c5dd-484a-9816-cc4f7827dcf4;378.07;0.019;SELL
2016-02-12T00:03:42.537000;2016-02-12T00:03:42.680000;955b0ca1-2d7d-432a-bd1c-70a6d17564b4;378.05;0.103;SELL
2016-02-12T00:03:42.537000;2016-02-12T00:03:42.680000;a62e509a-2f43-41c9-9eb3-45f38e179367;378.02;0.085;SELL
2016-02-12T00:03:42.537000;2016-02-12T00:03:42.680000;064406f3-1dde-413a-9b75-f42c614b3225;378.0;0.0115;SELL
2016-02-12T00:03:42.537000;2016-02-12T00:03:42.680000;7a547dd9-c97d-4d0e-a21c-85736f06316d;377.99;0.023;SELL
2016-02-12T00:03:42.540000;2016-02-12T00:03:42.680000;e5f09edf-ff8b-4baf-9385-387efd3de810;377.99;0.104;SELL
2016-02-12T00:03:42.540000;2016-02-12T00:03:42.680000;05cfc3a0-c0e5-4406-8d52-52fc2d749012;377.96;0.106;SELL
2016-02-12T00:03:42.540000;2016-02-12T00:03:42.680000;5e0d8eee-c683-4080-9d6f-dbd138e24253;377.94;0.01;SELL
2016-02-12T00:03:42.540000;2016-02-12T00:03:42.680000;5efacd5f-0ca5-4745-922e-5abe2fdb54f4;377.93;0.089;SELL
2016-02-12T00:03:42.540000;2016-02-12T00:03:42.680000;ef695952-37e7-46b9-925d-5861ebea5839;377.9;0.13;SELL
2016-02-12T00:03:42.540000;2016-02-12T00:03:42.680000;b10867e9-b129-4bad-9ab9-103d7a8102b0;377.87;0.077;SELL
2016-02-12T00:03:42.540000;2016-02-12T00:03:42.680000;00d458e7-9730-4f26-b460-211b743ce5a9;377.84;0.126;SELL
2016-02-12T00:03:42.540000;2016-02-12T00:03:42.680000;081195e9-a76b-44ec-a59e-e0ec0fe9986e;377.82;0.023;SELL
2016-02-12T00:03:42.540000;2016-02-12T00:03:42.680000;ff8a57e3-34ca-4dec-9548-e9dfd8cfd42d;377.81;0.103;SELL
2016-02-12T00:03:42.540000;2016-02-12T00:03:42.697000;d8b40077-5ef3-43eb-8d56-a0086fc8f866;377.78;0.121;SELL
2016-02-12T00:03:42.540000;2016-02-12T00:03:42.697000;5f8dab92-6f78-4a3f-af3d-7f2b363e9ffa;377.77;1.11;SELL
2016-02-12T00:03:42.540000;2016-02-12T00:03:42.697000;cac33941-13b4-41f0-9587-ba2cc4939d2e;377.75;0.0115;SELL
2016-02-12T00:03:42.540000;2016-02-12T00:03:42.697000;26521f71-6ac5-4919-863f-029bf2353dbd;377.75;0.125;SELL
2016-02-12T00:03:42.540000;2016-02-12T00:03:42.773000;270ead70-bc2c-402f-9405-f9c82f615043;377.73;0.01;SELL
2016-02-12T00:03:42.540000;2016-02-12T00:03:42.773000;b6683556-b8a6-49f2-bc85-5d0a6a3dede0;377.73;2.3295;SELL
2016-02-12T00:04:02.533000;2016-02-12T00:04:02.557000;f4e3a623-f8c8-49d0-a6ef-8cf6ba943a49;378.16;0.04;BUY
2016-02-12T00:04:02.533000;2016-02-12T00:04:02.587000;f4e6e049-fd07-405b-9758-0d6ce4345893;378.17;0.05;BUY
2016-02-12T00:04:02.533000;2016-02-12T00:04:02.587000;aa0ff5f6-09c5-457c-975b-d0137fc1f5d0;378.18;0.05;BUY
2016-02-12T00:04:02.533000;2016-02-12T00:04:02.587000;8db3c292-1555-4bd4-9028-3ac4e0972cb0;378.19;0.05;BUY
2016-02-12T00:04:02.533000;2016-02-12T00:04:02.587000;8951cf0c-ad76-402b-81d4-626c4f9d163c;378.2;0.01;BUY
2016-02-12T00:04:02.533000;2016-02-12T00:04:02.663000;cff71621-7474-4913-a0ca-dacdd6aa560e;378.2;0.01;BUY
2016-02-12T00:04:02.533000;2016-02-12T00:04:02.663000;561775bb-3240-45ed-9dd6-e7edac11ede7;378.2;0.4;BUY
2016-02-12T00:04:02.533000;2016-02-12T00:04:02.663000;21035282-4a7b-4e66-a508-574a7f803b11;378.21;0.01;BUY
2016-02-12T00:04:02.533000;2016-02-12T00:04:02.663000;42378d2d-7f19-445f-9463-43749eed5556;378.23;0.03973398;BUY
2016-02-12T00:04:02.533000;2016-02-12T00:04:02.663000;ff6e092c-95ff-4933-a688-8a6308c1e8d2;378.24;0.67897602;BUY
2016-02-12T00:04:14.050000;2016-02-12T00:04:14.087000;5b3c4339-0502-4efd-bd0d-968680e923c6;378.24;0.0462;BUY
2016-02-12T00:04:14.070000;2016-02-12T00:04:14.117000;f2998d83-b0ee-4089-a5ad-82342026df76;378.24;0.4092;BUY
2016-02-12T00:04:14.073000;2016-02-12T00:04:14.117000;d8d89f8e-b8e5-41a0-acb4-ec51f8f2e71f;378.24;0.399;BUY
2016-02-12T00:04:14.077000;2016-02-12T00:04:14.117000;bbf3802c-c4b0-4352-800f-86ec3a5d5796;378.24;0.0282;BUY
2016-02-12T00:04:14.083000;2016-02-12T00:04:14.133000;6649ea7c-fc31-4adc-aa25-ba53cf0babbd;378.24;0.0574;BUY
2016-02-12T00:04:32.303000;2016-02-12T00:04:32.337000;9fb5ecd6-3c9f-429f-a34a-a84b3464c116;378.03;0.01;SELL
2016-02-12T00:04:32.303000;2016-02-12T00:04:32.353000;c89535e6-4c10-4d10-896d-6d7709434977;378.03;0.47;SELL
2016-02-12T00:04:32.303000;2016-02-12T00:04:32.353000;955c1f42-10a0-4f22-8119-c88d933e17a5;378.03;0.01;SELL
2016-02-12T00:04:32.303000;2016-02-12T00:04:32.353000;d8db4776-d8d8-4718-bdac-afbb0ac9aedd;378.03;0.107;SELL
2016-02-12T00:04:32.303000;2016-02-12T00:04:32.353000;463bc847-2481-4fbf-bed7-81ec223e3266;378.0;0.01;SELL
2016-02-12T00:04:32.303000;2016-02-12T00:04:32.447000;51cf6513-e470-490c-8405-9c56ebb760c1;378.0;0.157;SELL
2016-02-12T00:04:32.303000;2016-02-12T00:04:32.447000;7ea36cf1-fc04-44f3-97ae-85c12477b9d0;377.97;0.014;SELL
2016-02-12T00:04:32.303000;2016-02-12T00:04:32.447000;121e220b-3eb4-465a-b764-d9293fce6ffd;377.97;0.161;SELL
2016-02-12T00:04:32.303000;2016-02-12T00:04:32.447000;97db1c8e-ceeb-405a-b512-cac01ac64437;377.96;0.014;SELL
2016-02-12T00:04:32.303000;2016-02-12T00:04:32.447000;c04afa4a-827d-43ed-bed2-14af529f5572;377.95;0.014;SELL
2016-02-12T00:04:32.303000;2016-02-12T00:04:32.447000;3e0f18f5-04e4-4f5e-99f7-de48d3e34439;377.94;0.01;SELL
2016-02-12T00:04:32.303000;2016-02-12T00:04:32.447000;6109b8e8-48a5-452a-a309-e57d8991c92b;377.94;0.151;SELL
2016-02-12T00:04:32.303000;2016-02-12T00:04:32.447000;15f9a6ae-9bc9-4d5b-9f7a-fcf228c53766;377.93;0.01;SELL
2016-02-12T00:04:32.303000;2016-02-12T00:04:32.447000;c85aa9d6-4c13-4c78-aa88-a2230b27ff4d;377.91;0.01;SELL
2016-02-12T00:04:32.303000;2016-02-12T00:04:32.447000;34adbe4d-ea7e-4fe1-9074-f3c4be14c6f6;377.91;0.175;SELL
2016-02-12T00:04:32.303000;2016-02-12T00:04:32.447000;5f92c926-1e0c-46e2-9f92-dbb74cc95ebb;377.88;0.014;SELL
2016-02-12T00:04:32.303000;2016-02-12T00:04:32.447000;fb19c2f3-ebd0-4097-bc6d-424bcd452ead;377.88;0.199;SELL
2016-02-12T00:04:32.307000;2016-02-12T00:04:32.447000;951d6e60-bd7a-4e6e-b236-5b85ee556b53;377.87;0.014;SELL
2016-02-12T00:04:32.307000;2016-02-12T00:04:32.447000;f190db92-0906-469c-b8e5-ee648cdf979d;377.86;0.014;SELL
2016-02-12T00:04:32.307000;2016-02-12T00:04:32.447000;060ac1c6-e030-42d5-97dc-60a5ee11aef1;377.85;0.01;SELL
2016-02-12T00:04:32.307000;2016-02-12T00:04:32.447000;fc7c10ae-59c5-4c95-ab47-ae688c06c5f7;377.85;0.15;SELL
2016-02-12T00:04:32.307000;2016-02-12T00:04:32.447000;edb33b1d-2c0e-4c85-9652-91872e203d07;377.82;0.129;SELL
2016-02-12T00:04:32.307000;2016-02-12T00:04:32.447000;4822b4cb-3549-4552-bc1c-9fcff2aec258;377.79;0.124;SELL
2016-02-12T00:04:32.307000;2016-02-12T00:04:32.447000;02106e5c-e5e4-4f17-8f59-12e26ca543c7;377.79;2.449;SELL
2016-02-12T00:04:32.307000;2016-02-12T00:04:32.447000;642d50ba-da35-4a23-a27d-5b8ceb417bce;377.76;0.01;SELL
2016-02-12T00:04:32.307000;2016-02-12T00:04:32.447000;fdca13ff-05c3-418a-8518-718da45a0e4c;377.76;0.155;SELL
2016-02-12T00:04:32.307000;2016-02-12T00:04:32.447000;ff940b72-9d98-497b-9788-5aa172d31f51;377.74;0.01;SELL
2016-02-12T00:04:32.307000;2016-02-12T00:04:32.447000;54d4f792-ff86-4a1e-b028-a13ccec17669;377.73;0.13;SELL
2016-02-12T00:04:32.307000;2016-02-12T00:04:32.447000;346dd42e-1bf0-4284-8baa-1b7185e860ab;377.71;2.97879;SELL
2016-02-12T00:05:02.710000;2016-02-12T00:05:02.743000;f1bcce5f-fd54-4b4a-9ca6-c84b7a0ee04b;378.11;0.034;BUY
2016-02-12T00:05:02.710000;2016-02-12T00:05:02.760000;b752f47d-6aaf-47b3-a062-77d0cf57905b;378.12;0.05;BUY
2016-02-12T00:05:02.710000;2016-02-12T00:05:02.760000;6229e960-71f5-4344-a8b7-7898cb94b71c;378.13;0.01;BUY
2016-02-12T00:05:02.710000;2016-02-12T00:05:02.760000;71f0a686-1e3b-4313-917b-450ae557f449;378.14;0.01;BUY
2016-02-12T00:05:02.710000;2016-02-12T00:05:02.760000;2ed7fdab-0614-47fd-b52b-fd50bcfdad38;378.15;0.13532;BUY
2016-02-12T00:06:02.973000;2016-02-12T00:06:03.010000;65989587-3c86-4af9-a35e-d9ff40d69b0e;378.13;1.77849;BUY
2016-02-12T00:06:32.377000;2016-02-12T00:06:32.400000;b8fb29fe-0a04-4d6b-87eb-95c671575348;378.13;0.3994;BUY
2016-02-12T00:07:03.047000;2016-02-12T00:07:03.070000;70d188e3-696f-4c29-86dc-a73718ecad35;378.13;2.73076;BUY
2016-02-12T00:07:32.593000;2016-02-12T00:07:32.617000;19fd8500-63f7-4fb7-8d1a-b5d332bd1c3e;378.13;2.09329;BUY
2016-02-12T00:07:43.833000;2016-02-12T00:07:43.853000;54135466-04c2-49ee-b5f7-1da971c1c907;378.13;7.99806;BUY
2016-02-12T00:07:43.837000;2016-02-12T00:07:43.867000;943db1f8-2163-4234-bef5-092f4d3a1bb2;378.13;0.1;BUY
2016-02-12T00:07:43.837000;2016-02-12T00:07:43.883000;62b95008-efd1-4983-9dc6-43eefe7ddf80;378.15;0.45525;BUY
2016-02-12T00:07:43.837000;2016-02-12T00:07:43.883000;47f47320-8fb6-434f-ae42-b2e9d0a2a718;378.15;14.1377;BUY
2016-02-12T00:07:43.837000;2016-02-12T00:07:43.883000;2f9bb4a9-8549-4778-a7c1-ba7ad248872f;378.22;0.38;BUY
2016-02-12T00:07:43.837000;2016-02-12T00:07:43.963000;5283bfa3-e82b-4d42-ab3f-acb2a101205a;378.23;0.25;BUY
2016-02-12T00:07:43.837000;2016-02-12T00:07:43.963000;60896438-727d-4f3f-b5d1-0607a61c9b10;378.25;1.0;BUY
2016-02-12T00:07:43.837000;2016-02-12T00:07:43.963000;abd0fbf6-feba-40a5-8015-4a98bf7e7d4b;378.25;0.01;BUY
2016-02-12T00:07:43.837000;2016-02-12T00:07:43.963000;d5b40b9e-becb-4c4a-8734-02b97df891a2;378.28;0.01;BUY
2016-02-12T00:07:43.837000;2016-02-12T00:07:43.963000;8abfe6a1-fe82-4ad1-bd7d-ccf946f6a86b;378.29;0.23;BUY
2016-02-12T00:07:43.837000;2016-02-12T00:07:43.963000;36d5a442-d36a-46c6-bd91-f6a1e23ae504;378.31;0.01;BUY
2016-02-12T00:07:43.837000;2016-02-12T00:07:43.963000;0895608e-dd4b-46dd-a9be-d143b07a6235;378.31;0.01;BUY
2016-02-12T00:08:02.097000;2016-02-12T00:08:02.117000;9631d337-55a3-41b4-863d-ea76e5aea5f9;378.32;0.01;BUY
2016-02-12T00:08:02.097000;2016-02-12T00:08:02.133000;07927b8a-28c6-4cf1-b2fb-22a3a3a025c2;378.33;0.02;BUY
2016-02-12T00:08:02.097000;2016-02-12T00:08:02.133000;cec48866-420b-43b4-90f9-4f16a7142ae2;378.37;0.3414;BUY
2016-02-12T00:08:02.097000;2016-02-12T00:08:02.133000;d2eeec62-1d30-438c-aa40-6c465a8f1daa;378.44;0.025;BUY
2016-02-12T00:08:02.097000;2016-02-12T00:08:02.150000;80fd9c79-4f22-4930-9ea6-4c2174219c8c;378.45;0.01089253;BUY
2016-02-12T00:08:02.097000;2016-02-12T00:08:02.150000;97a30f01-8f97-4645-a011-3970ebc42c68;378.48;0.05;BUY
2016-02-12T00:08:02.097000;2016-02-12T00:08:02.150000;b6655a68-356d-4efd-abb0-bd387b7009af;378.5;0.18136746;BUY
2016-02-12T00:08:02.097000;2016-02-12T00:08:02.150000;62a9d287-4cc7-4078-ab1a-76cdf88ced76;378.5;1.0;BUY
2016-02-12T00:08:02.097000;2016-02-12T00:08:02.150000;747bbbdd-e3f7-44b0-a94f-5b891176ce53;378.5;0.05;BUY
2016-02-12T00:08:02.097000;2016-02-12T00:08:02.150000;18389cde-19ff-48f2-8786-4ef7b4eb1df8;378.5;0.01;BUY
2016-02-12T00:08:02.097000;2016-02-12T00:08:02.150000;8f77ff06-27d6-4ac9-85d8-00d2ece67944;378.51;0.05;BUY
2016-02-12T00:08:02.097000;2016-02-12T00:08:02.150000;eeee4cee-153f-42b5-b7ef-9f490796650d;378.52;0.0672;BUY
2016-02-12T00:08:02.097000;2016-02-12T00:08:02.150000;c3136b4e-758d-4376-bdf0-1cd402d5e9c8;378.55;0.82605001;BUY
2016-02-12T00:08:32.233000;2016-02-12T00:08:32.260000;8a2e32f5-782a-4a1d-95b4-0d7ef05ebb17;378.46;0.01;BUY
2016-02-12T00:08:32.233000;2016-02-12T00:08:32.273000;367a9fcc-b975-42c7-8020-62ae79f9dc58;378.49;0.01;BUY
2016-02-12T00:08:32.233000;2016-02-12T00:08:32.273000;f6caa634-8a78-48b1-b0bc-c627b858e215;378.52;0.01;BUY
2016-02-12T00:08:32.233000;2016-02-12T00:08:32.273000;7d721f7c-d229-4067-967c-4fd96db2d330;378.55;0.08994799;BUY
2016-02-12T00:08:32.237000;2016-02-12T00:08:32.273000;c49a621b-8800-4b99-9197-f5ef5da322fe;378.55;0.025;BUY
2016-02-12T00:08:32.237000;2016-02-12T00:08:32.367000;a1418966-fcd6-4ac2-b145-c87f9b4d2e69;378.55;0.05;BUY
2016-02-12T00:08:32.237000;2016-02-12T00:08:32.367000;c26d31b2-8d88-4a89-b94b-026360be03bf;378.56;0.01;BUY
2016-02-12T00:08:32.237000;2016-02-12T00:08:32.367000;674d79b1-2791-4bb3-b046-84656fd409ff;378.58;0.05;BUY
2016-02-12T00:08:32.237000;2016-02-12T00:08:32.367000;a78a0916-7362-4116-843a-5717b139d090;378.62;0.05;BUY
2016-02-12T00:08:32.237000;2016-02-12T00:08:32.367000;15cfd635-d491-43e6-8be7-73a0dac5437d;378.64;0.05;BUY
2016-02-12T00:08:32.237000;2016-02-12T00:08:32.367000;41c73eef-3434-44c0-86f2-abfea4fd53e5;378.65;0.018;BUY
2016-02-12T00:08:32.237000;2016-02-12T00:08:32.367000;5073a9a0-debb-4713-b695-d62c5a31a0ca;378.66;0.094;BUY
2016-02-12T00:08:32.237000;2016-02-12T00:08:32.367000;0682bf05-bcf5-4829-8fc4-f85327a052d7;378.67;0.078;BUY
2016-02-12T00:08:32.237000;2016-02-12T00:08:32.367000;64de7a7b-b022-47f7-89e9-f93965b0f52b;378.69;0.18875201;BUY
2016-02-12T00:09:02.207000;2016-02-12T00:09:02.227000;14ec08f9-32da-49f6-a3a8-3dd83cafb9a4;378.51;0.014;SELL
2016-02-12T00:09:02.207000;2016-02-12T00:09:02.243000;0a795018-4d1c-4cf0-bc6d-ee5cf439e881;378.51;0.088;SELL
2016-02-12T00:09:02.207000;2016-02-12T00:09:02.243000;967fd306-c749-4b18-aa78-f06eb77789c0;378.5;0.014;SELL
2016-02-12T00:09:02.207000;2016-02-12T00:09:02.243000;a6455b54-71cc-4bf6-914a-b77e3aa2182b;378.49;0.014;SELL
2016-02-12T00:09:02.210000;2016-02-12T00:09:02.243000;72d57988-f512-4027-92e6-9188306c0bd8;378.49;0.078;SELL
2016-02-12T00:09:02.210000;2016-02-12T00:09:02.243000;6f0de118-b8cc-4d40-a578-6145af0a78e1;378.48;0.01;SELL
2016-02-12T00:09:02.210000;2016-02-12T00:09:02.307000;4cb00184-3b56-4624-8885-913548c36758;378.48;0.01;SELL
2016-02-12T00:09:02.210000;2016-02-12T00:09:02.307000;754e064e-48ca-46b7-a044-37061790b3ce;378.48;0.00018;SELL
2016-02-12T00:09:11.767000;2016-02-12T00:09:11.790000;2ae90dd6-94bb-404a-a5ed-513719311a26;378.57;0.00606034;BUY
2016-02-12T00:09:32.670000;2016-02-12T00:09:32.680000;1ce23d3b-9827-4b00-8e50-b6c723a43053;378.56;0.042;BUY
2016-02-12T00:09:32.670000;2016-02-12T00:09:32.713000;2778fd92-a4f1-4434-90a7-83078e8d2c17;378.57;0.00393966;BUY
2016-02-12T00:09:32.670000;2016-02-12T00:09:32.713000;1fb6be1e-dc27-44b4-97a8-93152a95fc1b;378.6;0.01;BUY
2016-02-12T00:09:32.670000;2016-02-12T00:09:32.760000;ec22fc4e-64d3-42dd-aa42-9fbcf81c5d17;378.62;0.025;BUY
2016-02-12T00:09:32.670000;2016-02-12T00:09:32.773000;07975369-7010-4653-a97b-bd4a2faa3e63;378.63;0.01;BUY
2016-02-12T00:09:32.670000;2016-02-12T00:09:32.773000;bfdcbe40-f7d2-4208-8065-48c6f77b8ddf;378.63;0.01;BUY
2016-02-12T00:09:32.670000;2016-02-12T00:09:32.773000;5e74af30-95f0-407c-9f72-3ad80c5befb6;378.66;0.01;BUY
2016-02-12T00:09:32.670000;2016-02-12T00:09:32.773000;2e277f78-7639-4e33-a3f5-ea5bb3b9a6de;378.69;0.105;BUY
2016-02-12T00:09:32.670000;2016-02-12T00:09:32.773000;968883e8-4619-4c68-853a-90c9d1a6ab30;378.71;0.013;BUY
2016-02-12T00:09:32.670000;2016-02-12T00:09:32.773000;82fb477f-4f32-448d-98db-6a0cb6bacfc8;378.71;0.59821034;BUY
2016-02-12T00:09:55.183000;2016-02-12T00:09:55.197000;48044387-3bc9-40a2-9c82-0a4852a02f76;378.62;0.16;BUY
2016-02-12T00:09:55.183000;2016-02-12T00:09:55.213000;58664d0e-fdbb-488e-8cf0-551287a8d86b;378.68;0.01;BUY
2016-02-12T00:09:55.183000;2016-02-12T00:09:55.213000;21eebc9a-12e1-4414-9cdb-24fead668c9b;378.72;0.02;BUY
2016-02-12T00:09:55.183000;2016-02-12T00:09:55.213000;b49ab4b6-79ef-4aec-a0bc-2e7c48fda41e;378.73;0.01;BUY
2016-02-12T00:09:55.183000;2016-02-12T00:09:55.213000;864c6b6a-646f-42c6-bf90-23868b21050f;378.73;0.096;BUY
2016-02-12T00:09:55.183000;2016-02-12T00:09:55.307000;02d443f3-9933-437d-9185-066ca70ff810;378.74;0.02305378;BUY
2016-02-12T00:10:02.817000;2016-02-12T00:10:02.837000;cca9087f-d990-4de0-95aa-54416c4ff78c;378.71;5.25334;BUY
2016-02-12T00:10:32.343000;2016-02-12T00:10:32.353000;41fc5fbf-cf6c-4869-9daa-074cf801ede0;378.74;0.18724;BUY
2016-02-12T00:11:02.203000;2016-02-12T00:11:02.213000;1597ada2-b9b9-4bb8-b71c-3a4f50c3e5f7;378.74;0.17427819;BUY
2016-02-12T00:11:02.203000;2016-02-12T00:11:02.213000;be282feb-04cf-4fd2-9d55-fc21e8793281;378.75;0.01;BUY
2016-02-12T00:11:02.203000;2016-02-12T00:11:02.243000;44ee4f05-69aa-493a-9b44-bc5b85649c69;378.75;0.46653181;BUY
2016-02-12T00:11:26.890000;2016-02-12T00:11:26.933000;d3b7b575-faa2-47a8-9b0b-9fa1b0ad8f1e;378.73;0.026;SELL
2016-02-12T00:11:26.893000;2016-02-12T00:11:26.950000;f8a14af8-0c0b-4238-a4e3-af983474cbe8;378.73;0.078;SELL
2016-02-12T00:11:26.893000;2016-02-12T00:11:26.950000;b6d52be6-9ecf-4f68-ba43-742b9f8356dd;378.72;0.0265074;SELL
2016-02-12T00:11:32.117000;2016-02-12T00:11:32.170000;29431464-626e-406a-b472-e82d957a3db0;378.77;0.01;BUY
2016-02-12T00:11:32.117000;2016-02-12T00:11:32.183000;39246153-ddf4-4c8d-b3e6-39607bdf3f3d;378.78;0.0672;BUY
2016-02-12T00:11:32.117000;2016-02-12T00:11:32.183000;5b209e90-5e74-4e6a-94dc-6c26f9356b9c;378.79;0.25295;BUY
2016-02-12T00:12:02.270000;2016-02-12T00:12:02.310000;3723c8e7-9004-470f-adda-295ee5c8d482;378.76;0.05;BUY
2016-02-12T00:12:02.270000;2016-02-12T00:12:02.340000;44a92754-4da6-448e-8387-2b8f24aafc94;378.79;0.44;BUY
2016-02-12T00:12:02.273000;2016-02-12T00:12:02.340000;900c2b18-4f33-407a-ad1c-5ce8b7003706;378.8;0.01;BUY
2016-02-12T00:12:02.273000;2016-02-12T00:12:02.340000;af3f3b35-bfcf-45d8-bf2b-a74165a1731b;378.8;0.55;BUY
2016-02-12T00:12:02.273000;2016-02-12T00:12:02.340000;b1236662-9226-417a-a434-a40f7b5f8503;378.81;0.01;BUY
2016-02-12T00:12:02.273000;2016-02-12T00:12:02.340000;53ff5f9c-e828-476f-a52d-5ad5bc9614b4;378.81;0.48713;BUY
2016-02-12T00:12:08.297000;2016-02-12T00:12:08.340000;08ecaf27-864e-4cc2-877b-a4d0581fc89f;378.76;0.01;SELL
2016-02-12T00:12:32.183000;2016-02-12T00:12:32.230000;40101419-089d-4f35-a6b0-6e7d001b7178;378.76;2.64777;BUY
2016-02-12T00:13:02.363000;2016-02-12T00:13:02.403000;c1324c82-b901-4bf0-b633-e5f732321f69;378.76;0.15845;BUY
2016-02-12T00:13:32.543000;2016-02-12T00:13:32.590000;37e7655f-7f75-42a3-a85e-9013b4d2ce7a;378.76;0.59371;BUY
2016-02-12T00:14:05.607000;2016-02-12T00:14:05.637000;16d88e5a-902a-48f5-959f-c6c1a9868354;378.76;0.1036;BUY
2016-02-12T00:14:32.193000;2016-02-12T00:14:32.230000;adf31935-4ed5-425b-ad7d-ae88128e75bf;378.75;0.026;SELL
2016-02-12T00:14:32.193000;2016-02-12T00:14:32.263000;b47e0845-4ca1-4d11-9d26-b5e85f32ec7e;378.75;0.114;SELL
2016-02-12T00:14:32.193000;2016-02-12T00:14:32.263000;8f27aa34-b934-42ee-a9e1-e61889a2e97c;378.75;0.0115;SELL
2016-02-12T00:14:32.193000;2016-02-12T00:14:32.263000;4b8b879b-ba75-4766-b2c5-bda7770445fc;378.74;0.026;SELL
2016-02-12T00:14:32.193000;2016-02-12T00:14:32.263000;8218e769-992b-4f83-827d-204f4bbacdcb;378.73;0.026;SELL
2016-02-12T00:14:32.193000;2016-02-12T00:14:32.340000;75da2aac-c13c-4d5c-931f-5b48d217b51d;378.72;0.0004926;SELL
2016-02-12T00:14:32.193000;2016-02-12T00:14:32.340000;deb1ffed-9b26-4530-ab9f-e7160de14998;378.72;0.081;SELL
2016-02-12T00:14:32.193000;2016-02-12T00:14:32.340000;99dc3129-62b8-4571-bc6b-62a99dd76056;378.72;0.14;SELL
2016-02-12T00:14:32.193000;2016-02-12T00:14:32.340000;8d8dd3de-54f4-4946-8f98-0c34d3a91940;378.71;0.027;SELL
2016-02-12T00:14:32.193000;2016-02-12T00:14:32.340000;a6aa51d3-a92d-48a9-8db1-f958f5b5e6b1;378.7;0.027;SELL
2016-02-12T00:14:32.193000;2016-02-12T00:14:32.340000;5de98185-726b-442e-af0e-c758a492d200;378.69;0.027;SELL
2016-02-12T00:14:32.193000;2016-02-12T00:14:32.340000;3dee008e-a9d5-44d2-8cc3-dec495149bca;378.69;0.104;SELL
2016-02-12T00:14:32.193000;2016-02-12T00:14:32.340000;90196a55-d79f-426f-8daa-00d5eaa29744;378.68;0.027;SELL
2016-02-12T00:14:32.193000;2016-02-12T00:14:32.340000;f889a9bb-31fc-4e1f-9034-c6423eaa51db;378.67;0.027;SELL
2016-02-12T00:14:32.193000;2016-02-12T00:14:32.340000;0eeb97e3-b0c1-49ef-a603-7c03e684b502;378.66;0.027;SELL
2016-02-12T00:14:32.193000;2016-02-12T00:14:32.340000;07cae3aa-38a4-47f8-99db-dd13a4acfde1;378.66;0.118;SELL
2016-02-12T00:14:32.193000;2016-02-12T00:14:32.357000;f0eab710-631f-41d3-9c3e-a2de6aa25c8b;378.65;0.027;SELL
2016-02-12T00:14:32.197000;2016-02-12T00:14:32.357000;3aefc30e-aec5-44a9-9899-f62e16ccda40;378.64;0.022;SELL
2016-02-12T00:14:32.197000;2016-02-12T00:14:32.357000;fea11182-11b1-416d-a4c8-bf31c5ac016e;378.63;0.022;SELL
2016-02-12T00:14:32.197000;2016-02-12T00:14:32.357000;1a841e02-f18e-40f4-9a64-1e5027165974;378.63;0.129;SELL
2016-02-12T00:14:32.197000;2016-02-12T00:14:32.357000;9a0c906a-4361-4b1c-b2fc-a6d3f6dab7dd;378.62;0.022;SELL
2016-02-12T00:14:32.197000;2016-02-12T00:14:32.357000;eadf28e8-dd54-43af-af23-aced5844442f;378.61;0.01;SELL
2016-02-12T00:14:32.197000;2016-02-12T00:14:32.357000;818da09e-2e7c-4abc-adfe-6b66f68a351b;378.6;0.077;SELL
2016-02-12T00:14:32.197000;2016-02-12T00:14:32.357000;8533f2b5-f9eb-48bb-acc8-650beaf439a5;378.58;0.014;SELL
2016-02-12T00:14:32.197000;2016-02-12T00:14:32.357000;1f9835aa-a56a-49e6-a089-40eb7cc2e3c9;378.57;0.014;SELL
2016-02-12T00:14:32.197000;2016-02-12T00:14:32.357000;2bd84987-a2f8-4c04-95e2-bce33e33a05a;378.57;0.074;SELL
2016-02-12T00:14:32.197000;2016-02-12T00:14:32.357000;fc8465bf-c13d-4cc7-9d96-1bdb75ed344d;378.56;0.014;SELL
2016-02-12T00:14:32.197000;2016-02-12T00:14:32.357000;9a7db5c9-f409-4043-a7ef-d038915136d3;378.55;0.01;SELL
2016-02-12T00:14:32.197000;2016-02-12T00:14:32.357000;1264d8b4-4ea6-4465-8ffa-6237ee122214;378.54;0.014;SELL
2016-02-12T00:14:32.197000;2016-02-12T00:14:32.357000;981e91de-c32f-4f84-9161-875d05e8ad8f;378.54;0.074;SELL
2016-02-12T00:14:32.197000;2016-02-12T00:14:32.357000;f6af66eb-bd2e-416b-9df5-7279767e922b;378.53;0.014;SELL
2016-02-12T00:14:32.197000;2016-02-12T00:14:32.357000;2b3cf43b-ebfb-49d5-90bf-e09192d95221;378.52;0.014;SELL
2016-02-12T00:14:32.197000;2016-02-12T00:14:32.357000;32ae4564-daaa-4a2e-ad4e-86750ac33190;378.52;0.01;SELL
2016-02-12T00:14:32.197000;2016-02-12T00:14:32.357000;9fd99fb5-1309-4f88-a8c9-9a12e56f17bc;378.51;0.014;SELL
2016-02-12T00:14:32.200000;2016-02-12T00:14:32.357000;864feabd-05b0-4a28-adb3-8a7a71dc8ae3;378.51;0.127;SELL
2016-02-12T00:14:32.200000;2016-02-12T00:14:32.357000;0d268976-e92e-4666-a5d0-e697b47b3a96;378.5;0.014;SELL
2016-02-12T00:14:32.200000;2016-02-12T00:14:32.357000;88556a35-69a5-46eb-a108-35c013d1ce91;378.5;0.0115;SELL
2016-02-12T00:14:32.200000;2016-02-12T00:14:32.357000;7e246ae4-f0e7-48fb-b7c5-8aad7f78503f;378.49;0.014;SELL
2016-02-12T00:14:32.200000;2016-02-12T00:14:32.357000;8d26b075-ba13-4a1a-bc69-98adaf2c7fef;378.48;0.01;SELL
2016-02-12T00:14:32.200000;2016-02-12T00:14:32.357000;255c0d69-e83e-44c3-b1cf-bd827c055ae6;378.48;0.105;SELL
2016-02-12T00:14:32.200000;2016-02-12T00:14:32.357000;d68239b6-629f-449a-84ab-ef9c00ce44e8;378.45;0.01;SELL
2016-02-12T00:14:32.200000;2016-02-12T00:14:32.357000;cdd60996-56ad-4196-996b-dbe50b582755;378.45;0.01;SELL
2016-02-12T00:14:32.200000;2016-02-12T00:14:32.373000;605d4988-e792-4a18-9dca-220233b941de;378.45;0.088;SELL
2016-02-12T00:14:32.200000;2016-02-12T00:14:32.373000;f7da7cc3-ebca-4d38-981b-c58f05219539;378.45;0.025;SELL
2016-02-12T00:14:32.200000;2016-02-12T00:14:32.433000;d4183647-7911-497c-a9dd-d1707ab46c6f;378.45;0.0524874;SELL
2016-02-12T00:15:02.363000;2016-02-12T00:15:02.403000;065997d5-6e12-42f8-acb7-aa79a39b117f;378.62;0.012;BUY
2016-02-12T00:15:02.363000;2016-02-12T00:15:02.420000;a242693d-a22b-443b-ad3f-2c5b70ef4080;378.63;0.05;BUY
2016-02-12T00:15:02.363000;2016-02-12T00:15:02.420000;568186de-5b5a-4d9c-80f6-1e0c4b97e94d;378.64;0.05;BUY
2016-02-12T00:15:02.363000;2016-02-12T00:15:02.420000;0b4069ee-4e0e-4548-aa21-11c885b82f4e;378.65;0.05;BUY
2016-02-12T00:15:02.363000;2016-02-12T00:15:02.420000;3f1b9b44-1abf-4b7a-9bf9-0ed1000db626;378.66;0.05;BUY
2016-02-12T00:15:02.363000;2016-02-12T00:15:02.513000;809536a5-ba22-4877-91b3-7e561da59c7a;378.67;0.01;BUY
2016-02-12T00:15:02.363000;2016-02-12T00:15:02.513000;d2c91221-3952-4571-9af2-694146ff1a3c;378.69;0.01;BUY
2016-02-12T00:15:02.363000;2016-02-12T00:15:02.513000;786537ff-b280-428f-aab3-f0337342b92b;378.7;0.01;BUY
2016-02-12T00:15:02.363000;2016-02-12T00:15:02.513000;79733728-9f9d-4c5e-ac7a-c3312e73c45b;378.72;0.01;BUY
2016-02-12T00:15:02.363000;2016-02-12T00:15:02.513000;9040c165-95e7-4e70-86a2-2b0f228bb7c7;378.73;0.01;BUY
2016-02-12T00:15:02.363000;2016-02-12T00:15:02.513000;b057add3-0baa-4dfe-b86a-c6174f7a7f54;378.75;0.01;BUY
2016-02-12T00:15:02.363000;2016-02-12T00:15:02.513000;7f76e8d4-f90e-4b9a-90f5-00f16fdebe59;378.75;0.20073;BUY
2016-02-12T00:15:32.123000;2016-02-12T00:15:32.153000;a83066e8-e8fe-4ced-b3a0-10d8fdb61466;378.75;0.01;BUY
2016-02-12T00:15:32.123000;2016-02-12T00:15:32.170000;6a36d6e2-d980-417c-9f3d-0bcfba4e89aa;378.76;1.24515;BUY
2016-02-12T00:15:49.140000;2016-02-12T00:15:49.170000;d3fc8dc4-a3eb-4863-80f6-ed4a404806c2;378.76;0.42;BUY
2016-02-12T00:16:02.210000;2016-02-12T00:16:02.247000;6fdfd913-9bc7-477b-9a1c-c9482124e1f0;378.76;0.34922216;BUY
2016-02-12T00:16:02.440000;2016-02-12T00:16:02.467000;358582b2-bfd0-4740-bb6b-fb354d94975b;378.76;0.05055;BUY
2016-02-12T00:16:38.477000;2016-02-12T00:16:38.513000;37315a63-50ac-4639-a28e-f7bcd918d552;378.75;0.023;SELL
2016-02-12T00:16:38.477000;2016-02-12T00:16:38.527000;2cb01c50-52bf-493f-ba6b-89a066027948;378.75;0.123;SELL
2016-02-12T00:16:38.477000;2016-02-12T00:16:38.527000;4253d949-df86-41ea-bcab-04ebd184e9cc;378.74;0.023;SELL
2016-02-12T00:16:38.477000;2016-02-12T00:16:38.527000;19a45729-9db1-47b2-a2f1-0d7f1d1bbb35;378.74;0.094;SELL
2016-02-12T00:16:38.480000;2016-02-12T00:16:38.527000;a78ec032-618c-43ad-928b-1a5480a81d77;378.73;0.023;SELL
2016-02-12T00:16:38.480000;2016-02-12T00:16:38.527000;b0faa0c4-89b9-4c3d-b9d9-a6ffe168ea7c;378.72;0.023;SELL
2016-02-12T00:16:38.480000;2016-02-12T00:16:38.607000;975bd01f-17e8-4260-8c40-53c77ce885d5;378.72;0.114;SELL
2016-02-12T00:16:38.480000;2016-02-12T00:16:38.607000;51e21943-e63d-440d-bc68-6ec1a2c74086;378.71;0.023;SELL
2016-02-12T00:16:38.480000;2016-02-12T00:16:38.607000;4469a85f-b96c-4727-8a54-c7f32ba90788;378.7;0.024;SELL
2016-02-12T00:16:38.480000;2016-02-12T00:16:38.607000;2621316f-927f-4c7a-b564-7a3cdcb514e7;378.7;0.124;SELL
2016-02-12T00:16:38.480000;2016-02-12T00:16:38.607000;0afd826b-8acd-4f56-9b89-92b79589119b;378.69;0.024;SELL
2016-02-12T00:16:38.480000;2016-02-12T00:16:38.623000;ccc56717-8e59-43da-887e-990960343edc;378.69;0.08197;SELL
2016-02-12T00:16:39.373000;2016-02-12T00:16:39.403000;949b2f5b-d79a-4d53-8d35-14ba970f1910;378.76;0.09;BUY
2016-02-12T00:17:02.177000;2016-02-12T00:17:02.217000;8716849a-3226-411e-9d62-753883093582;378.73;0.013;BUY
2016-02-12T00:17:02.177000;2016-02-12T00:17:02.230000;2d8cfbe6-7011-443a-9fa1-62f6eba8c754;378.74;0.05;BUY
2016-02-12T00:17:02.177000;2016-02-12T00:17:02.230000;76e63ba6-9947-4c94-960f-942a378e850b;378.75;0.05;BUY
2016-02-12T00:17:02.177000;2016-02-12T00:17:02.230000;e00c69e7-3b37-491f-b293-d97870515e53;378.76;0.84733;BUY
2016-02-12T00:17:34.920000;2016-02-12T00:17:34.950000;0772d9b5-5032-4c89-ad5b-0b1296f84415;378.75;0.06735;BUY
2016-02-12T00:18:01.180000;2016-02-12T00:18:01.200000;4bf03421-4cf3-4fc9-b501-360752b45ede;378.75;0.68426;BUY
2016-02-12T00:18:17.013000;2016-02-12T00:18:17.043000;cce1532f-9cda-4df8-86be-404755fdd189;378.75;0.36030719;BUY
2016-02-12T00:18:26.183000;2016-02-12T00:18:26.217000;128e7a85-2b70-4834-8033-7c6865f94514;378.74;0.023;SELL
2016-02-12T00:18:26.183000;2016-02-12T00:18:26.230000;49739e66-e2f5-461b-a375-99a4a708e180;378.73;0.017;SELL
2016-02-12T00:18:31.143000;2016-02-12T00:18:31.170000;0d770cc0-86fd-4ce9-86e5-8c7e364f11b4;378.75;0.31582;BUY
2016-02-12T00:18:47.853000;2016-02-12T00:18:47.873000;9f1cc4c5-b5f0-401f-9794-2d79e3acfbf7;378.74;0.022;SELL
2016-02-12T00:18:47.853000;2016-02-12T00:18:47.887000;ab029d10-021e-4f3c-a204-dbf1d1978fda;378.73;0.003;SELL
2016-02-12T00:20:01.113000;2016-02-12T00:20:01.137000;bf60d23f-c187-4e1d-a0d6-206f76ededc6;378.74;0.022;SELL
2016-02-12T00:20:01.113000;2016-02-12T00:20:01.153000;12e8fa8f-fec5-4500-9429-cd56ecf72bfd;378.74;0.074;SELL
2016-02-12T00:20:01.113000;2016-02-12T00:20:01.153000;390ee369-e657-44fc-be9c-095ae3c7adf0;378.73;0.003;SELL
2016-02-12T00:20:01.113000;2016-02-12T00:20:01.153000;39aec56c-9290-429a-b00e-2d260ebd4e29;378.73;0.086;SELL
2016-02-12T00:20:01.113000;2016-02-12T00:20:01.153000;ed60974c-7672-490c-a3a2-770f9256cbc6;378.72;0.023;SELL
2016-02-12T00:20:01.113000;2016-02-12T00:20:01.247000;a456efcb-3cc7-4dc1-abbe-f773cae9d869;378.71;0.023;SELL
2016-02-12T00:20:01.113000;2016-02-12T00:20:01.247000;ddd2cae3-c09b-4f48-9e93-6af3f639c6bf;378.7;0.023;SELL
2016-02-12T00:20:01.113000;2016-02-12T00:20:01.247000;d9436be1-30b4-46df-bccf-49762a88a8f0;378.7;0.077;SELL
2016-02-12T00:20:01.113000;2016-02-12T00:20:01.247000;82cfea2e-8a01-4a3b-a651-fbc7a85a9f38;378.69;0.023;SELL
2016-02-12T00:20:01.117000;2016-02-12T00:20:01.247000;d1bb6218-3f4e-4cf2-aecf-116004809f5b;378.68;0.024;SELL
2016-02-12T00:20:01.117000;2016-02-12T00:20:01.247000;e5315c01-8ab8-4997-97e6-f9cac72c8b4a;378.67;0.01805;SELL
2016-02-12T00:20:31.927000;2016-02-12T00:20:31.950000;0b0f37bd-6b45-49b3-8438-91a6081de5b2;378.68;0.021;SELL
2016-02-12T00:20:31.927000;2016-02-12T00:20:31.967000;accf7c0d-94ab-4879-8663-0500d6269fdc;378.68;0.071;SELL
2016-02-12T00:20:31.927000;2016-02-12T00:20:31.967000;2f3025a2-44fb-4df7-91b5-b4a6e30c845b;378.67;0.00595;SELL
2016-02-12T00:20:31.927000;2016-02-12T00:20:31.967000;1cf7603a-5e06-419b-85f2-ad48ae91604d;378.67;0.129;SELL
2016-02-12T00:20:31.927000;2016-02-12T00:20:32.043000;ad0e7166-16ab-45e6-880e-0825c8630f32;378.66;0.024;SELL
2016-02-12T00:20:31.927000;2016-02-12T00:20:32.043000;b421db51-ff68-43de-a6de-5c832220617b;378.65;0.01315;SELL
2016-02-12T00:21:06.043000;2016-02-12T00:21:06.077000;2f492c72-b922-411e-8e1c-512c57383971;378.69;0.02;SELL
2016-02-12T00:21:06.043000;2016-02-12T00:21:06.090000;60ef5912-bbd5-42e7-9577-067607847e4a;378.69;0.093;SELL
2016-02-12T00:21:06.043000;2016-02-12T00:21:06.090000;283e32e2-d652-4c2e-9756-b2b7dc2f2f21;378.68;0.02;SELL
2016-02-12T00:21:06.043000;2016-02-12T00:21:06.090000;899e0ac2-bc83-4f63-bc21-43f1e7ffc230;378.68;0.122;SELL
2016-02-12T00:21:06.047000;2016-02-12T00:21:06.090000;bbeefd69-1b15-4b79-909e-c749cdcddb32;378.67;0.02;SELL
2016-02-12T00:21:06.047000;2016-02-12T00:21:06.090000;0ee9afa7-90d6-4a92-9d27-bb23e29c6a1c;378.66;0.02;SELL
2016-02-12T00:21:06.047000;2016-02-12T00:21:06.090000;a97d5804-a0c5-4a99-8dd6-52404572da48;378.65;0.01085;SELL
2016-02-12T00:21:06.047000;2016-02-12T00:21:06.090000;32b5fcac-5066-4d77-aa36-1684d1fc4991;378.65;0.114;SELL
2016-02-12T00:21:06.047000;2016-02-12T00:21:06.107000;fcee2d41-2a6c-46ad-999f-b70f8321d3a8;378.64;0.024;SELL
2016-02-12T00:21:06.047000;2016-02-12T00:21:06.107000;9905e618-27cc-4a61-977e-037c619ae48f;378.63;0.01;SELL
2016-02-12T00:21:06.047000;2016-02-12T00:21:06.123000;6717d9ef-cf94-4c42-9d9f-ed4f3308f383;378.63;0.01;SELL
2016-02-12T00:21:06.047000;2016-02-12T00:21:06.123000;52020746-dff2-454a-addd-e8d25ef84636;378.62;0.126;SELL
2016-02-12T00:21:06.047000;2016-02-12T00:21:06.123000;4f2ba7e9-23cf-43ec-bec6-06fb31908fe8;378.6;0.023;SELL
2016-02-12T00:21:06.047000;2016-02-12T00:21:06.123000;3e1cafb8-1efe-4e81-93dd-a1bde71bf3fc;378.59;0.023;SELL
2016-02-12T00:21:06.047000;2016-02-12T00:21:06.123000;4b9f105e-b918-4de6-ab83-ac1d93d6abbd;378.59;0.09;SELL
2016-02-12T00:21:06.047000;2016-02-12T00:21:06.123000;d6d9ab69-4b16-4c31-9cb0-27eead528b5b;378.58;0.024;SELL
2016-02-12T00:21:06.047000;2016-02-12T00:21:06.123000;7ee26540-cc22-4d5f-b9a3-a9ade142b9b1;378.57;0.01;SELL
2016-02-12T00:21:06.047000;2016-02-12T00:21:06.123000;1d8889a9-b3cf-427f-a612-7c1ee6be89ec;378.56;0.105;SELL
2016-02-12T00:21:06.047000;2016-02-12T00:21:06.137000;8c6cc53d-a351-4a34-8ece-ca231216a2e6;378.54;0.01;SELL
2016-02-12T00:21:06.047000;2016-02-12T00:21:06.137000;ef25afe8-b373-4b74-b885-ae1311387f9c;378.54;0.01;SELL
2016-02-12T00:21:06.047000;2016-02-12T00:21:06.170000;73db5ba5-34cb-491c-9bde-4238becf0586;378.53;0.125;SELL
2016-02-12T00:21:06.047000;2016-02-12T00:21:06.183000;7a58059e-2da0-47f3-86d4-2e6a958594f8;378.51;0.01;SELL
2016-02-12T00:21:06.047000;2016-02-12T00:21:06.200000;22530cd3-9ced-4d8f-a64e-1e88052f3dbc;378.51;0.01;SELL
2016-02-12T00:21:06.047000;2016-02-12T00:21:06.200000;fef2d67c-a739-43d0-8aa9-848f25129b8a;378.51;0.01;SELL
2016-02-12T00:21:06.050000;2016-02-12T00:21:06.200000;a04eb631-e37c-424b-8399-4debf7e59242;378.51;0.01;SELL
2016-02-12T00:21:06.050000;2016-02-12T00:21:06.200000;b34e406a-a44d-4bed-b307-a283140eb245;378.5;0.0115;SELL
2016-02-12T00:21:06.050000;2016-02-12T00:21:06.200000;e748296a-b1d5-4ec5-9a98-958f79e58784;378.5;0.087;SELL
2016-02-12T00:21:06.050000;2016-02-12T00:21:06.200000;b185683a-8d7a-40af-99ce-3f933358f039;378.47;0.116;SELL
2016-02-12T00:21:06.050000;2016-02-12T00:21:06.200000;b7afa1ee-fcb9-4854-b393-0e524cb15006;378.44;0.025;SELL
2016-02-12T00:21:06.050000;2016-02-12T00:21:06.200000;7c520aca-1ff4-45eb-959c-f41de8bcd35d;378.44;0.079;SELL
2016-02-12T00:21:06.050000;2016-02-12T00:21:06.200000;10107842-a565-4213-9d9f-1ed3b2df3063;378.43;0.46;SELL
2016-02-12T00:21:06.050000;2016-02-12T00:21:06.200000;b1e452ec-85d3-4fee-964c-0c7a2cea0df0;378.42;0.01;SELL
2016-02-12T00:21:06.050000;2016-02-12T00:21:06.200000;b5a91844-a4e8-46d7-a524-b4a80ecf53f0;378.42;0.01;SELL
2016-02-12T00:21:06.050000;2016-02-12T00:21:06.200000;152493e0-ed96-4b3b-bd3e-1d9470a4a807;378.42;0.69;SELL
2016-02-12T00:21:06.050000;2016-02-12T00:21:06.200000;ca8ffe6d-79b3-4741-8cc1-2190db276d78;378.41;0.026;SELL
2016-02-12T00:21:06.050000;2016-02-12T00:21:06.200000;4b59d19e-ba76-40ef-8340-dbd403452d78;378.41;0.026;SELL
2016-02-12T00:21:06.050000;2016-02-12T00:21:06.200000;f6a8e826-cfff-476c-899d-61343b15ee6a;378.41;0.127;SELL
2016-02-12T00:21:06.050000;2016-02-12T00:21:06.200000;ebf41f48-995e-49c1-adcc-5cf7f1b4d824;378.41;0.69;SELL
2016-02-12T00:21:06.050000;2016-02-12T00:21:06.200000;5655599b-72db-4ed5-9c79-bdd7396ea763;378.4;0.026;SELL
2016-02-12T00:21:06.050000;2016-02-12T00:21:06.200000;221c3886-9f5d-43b4-9f44-1eff9fc8d1fd;378.4;0.025;SELL
2016-02-12T00:21:06.050000;2016-02-12T00:21:06.200000;f6d081f9-536a-4adc-a531-8907f77f9bba;378.4;0.025;SELL
2016-02-12T00:21:06.050000;2016-02-12T00:21:06.200000;efbfcd19-8c98-42b9-abf9-408f3d43c362;378.4;0.024;SELL
2016-02-12T00:21:06.050000;2016-02-12T00:21:06.200000;518bbbca-2672-438b-a59a-453a4e963114;378.4;0.024;SELL
2016-02-12T00:21:06.050000;2016-02-12T00:21:06.200000;bc734512-62b2-4c18-978e-34b317deade4;378.4;0.024;SELL
2016-02-12T00:21:06.050000;2016-02-12T00:21:06.200000;fc287987-1a39-44ec-87f0-a24c418f86dc;378.4;0.23;SELL
2016-02-12T00:21:06.050000;2016-02-12T00:21:06.200000;d11d031d-9afa-4bde-bd0c-bf7ac60aad52;378.39;0.01;SELL
2016-02-12T00:21:06.053000;2016-02-12T00:21:06.200000;6a926189-f535-4f9b-bc81-27a4063aa245;378.39;0.013;SELL
2016-02-12T00:21:06.053000;2016-02-12T00:21:06.200000;902dff4c-8694-4654-874b-6b9a8b4d556b;378.39;0.026;SELL
2016-02-12T00:21:06.053000;2016-02-12T00:21:06.200000;24e48f0f-69ef-45d8-a4be-a00a06006f35;378.39;0.026;SELL
2016-02-12T00:21:06.053000;2016-02-12T00:21:06.200000;d65b7894-71c8-4082-8079-8edf79eb0731;378.39;0.025;SELL
2016-02-12T00:21:06.053000;2016-02-12T00:21:06.200000;f96e115e-3c4d-4739-907e-41e629427eb6;378.39;0.92;SELL
2016-02-12T00:21:06.053000;2016-02-12T00:21:06.217000;9a1d419d-3c53-495a-a0ff-06bd07474c47;378.38;0.013;SELL
2016-02-12T00:21:06.053000;2016-02-12T00:21:06.217000;4bb4b299-9e8b-46b1-a259-04f40a0359aa;378.38;0.026;SELL
2016-02-12T00:21:06.053000;2016-02-12T00:21:06.217000;df972314-5c34-4771-928b-ae0f91c5b18e;378.38;0.025;SELL
2016-02-12T00:21:06.053000;2016-02-12T00:21:06.217000;16755cd3-c694-44b4-9c88-4ed1b5ca7656;378.38;0.024;SELL
2016-02-12T00:21:06.053000;2016-02-12T00:21:06.217000;6bb89feb-4744-481c-9792-3cbfea99aff8;378.38;0.024;SELL
2016-02-12T00:21:06.053000;2016-02-12T00:21:06.217000;565f659c-9a36-4489-9030-e012606ba49a;378.38;0.024;SELL
2016-02-12T00:21:06.053000;2016-02-12T00:21:06.217000;2acf0915-6239-4d72-8854-067667712d32;378.38;0.023;SELL
2016-02-12T00:21:06.053000;2016-02-12T00:21:06.217000;fbfba64b-0bee-40a8-8811-0f325409b1e6;378.38;0.121;SELL
2016-02-12T00:21:06.053000;2016-02-12T00:21:06.217000;b8095c6f-2ff1-42d3-9931-81b84cfe949d;378.38;0.92;SELL
2016-02-12T00:21:06.053000;2016-02-12T00:21:06.217000;b6b640bf-230c-475e-b8fe-3d2f3f5c8d79;378.37;0.013;SELL
2016-02-12T00:21:06.053000;2016-02-12T00:21:06.217000;220993f8-6b3b-4e3f-b8af-0c99fdf01629;378.37;0.026;SELL
2016-02-12T00:21:06.053000;2016-02-12T00:21:06.217000;fbdc52e5-c158-4289-b9ac-18403c0c3a89;378.37;0.026;SELL
2016-02-12T00:21:06.053000;2016-02-12T00:21:06.217000;723a7515-060e-48a2-86d9-9368fe44d672;378.37;0.025;SELL
2016-02-12T00:21:06.053000;2016-02-12T00:21:06.217000;5aee47c5-972c-49e3-ac23-efa3db59f43d;378.37;0.025;SELL
2016-02-12T00:21:06.053000;2016-02-12T00:21:06.217000;9dfe01fc-c571-4e21-9f80-4e856fd0e4f7;378.37;0.023;SELL
2016-02-12T00:21:06.053000;2016-02-12T00:21:06.217000;2222878c-c9b3-41cd-95c7-ea8b98e35e41;378.37;0.022;SELL
2016-02-12T00:21:06.057000;2016-02-12T00:21:06.263000;7068a052-eff7-467c-b237-c99aa77c9fa2;378.37;0.021;SELL
2016-02-12T00:21:06.057000;2016-02-12T00:21:06.263000;49a65a2a-de8b-4e83-aba5-2ece2008e9b6;378.37;1.15;SELL
2016-02-12T00:21:06.057000;2016-02-12T00:21:06.263000;76cdcb54-940b-4081-9521-6a07133a8ab1;378.36;0.025;SELL
2016-02-12T00:21:06.057000;2016-02-12T00:21:06.263000;717fe314-9945-4c4e-8690-652206b3e91d;378.36;0.025;SELL
2016-02-12T00:21:06.057000;2016-02-12T00:21:06.263000;6837386d-6b4b-4f01-a7b0-e12afc9e8f9b;378.36;0.024;SELL
2016-02-12T00:21:06.057000;2016-02-12T00:21:06.277000;617b2c4a-8212-4917-8c43-92d58820515d;378.36;0.023;SELL
2016-02-12T00:21:06.057000;2016-02-12T00:21:06.277000;6ef515da-8ee7-403e-a2ee-f98944999a1d;378.36;0.022;SELL
2016-02-12T00:21:06.057000;2016-02-12T00:21:06.277000;acffaab7-37fa-47e7-b420-85c64c5538b4;378.36;0.022;SELL
2016-02-12T00:21:06.057000;2016-02-12T00:21:06.277000;051d85a2-67a6-44e2-8189-c4219726233f;378.36;0.021;SELL
2016-02-12T00:21:06.057000;2016-02-12T00:21:06.277000;df0c7dcd-ef33-4ea1-b486-b303bc90c6b5;378.36;1.38;SELL
2016-02-12T00:21:06.057000;2016-02-12T00:21:06.277000;10e7fc17-be64-487d-9266-0281d0bdc471;378.35;0.025;SELL
2016-02-12T00:21:06.057000;2016-02-12T00:21:06.277000;4295747f-e192-45a8-8cdc-06c78e1625d4;378.35;0.025;SELL
2016-02-12T00:21:06.057000;2016-02-12T00:21:06.277000;e49e2309-865b-4d93-8c21-d0910cd6cf1d;378.35;0.00092;SELL
2016-02-12T00:21:31.667000;2016-02-12T00:21:31.683000;a0fbbf68-e1ac-4a7a-baad-699e232cb65f;378.56;0.05;BUY
2016-02-12T00:21:31.667000;2016-02-12T00:21:31.700000;4ef669a2-8caf-43da-9688-5fe4c1d70b51;378.57;0.05;BUY
2016-02-12T00:21:31.667000;2016-02-12T00:21:31.700000;9ec997b1-d2a5-4186-96bd-c19833da9e6a;378.58;0.05;BUY
2016-02-12T00:21:31.667000;2016-02-12T00:21:31.700000;c13b8067-7a1b-454b-ad43-a20093988c1a;378.59;0.05;BUY
2016-02-12T00:21:31.667000;2016-02-12T00:21:31.700000;00155f38-b5c8-4b1b-bc2c-c2fc440b84cd;378.6;0.05;BUY
2016-02-12T00:21:31.667000;2016-02-12T00:21:31.700000;7db3f156-1d8d-4364-b3e8-7e6668386ca6;378.61;0.05;BUY
2016-02-12T00:21:31.667000;2016-02-12T00:21:31.700000;b1d21af8-715d-4955-80ee-ba3fcfc4c16a;378.62;0.01;BUY
2016-02-12T00:21:31.667000;2016-02-12T00:21:31.700000;46c45c0a-a327-49ce-8f33-09f73100888f;378.65;0.01;BUY
2016-02-12T00:21:31.667000;2016-02-12T00:21:31.717000;4114ac56-d4a0-4bc4-ae0d-53267bda1264;378.65;0.01;BUY
2016-02-12T00:21:31.667000;2016-02-12T00:21:31.717000;ea60601e-2fd3-482f-89c6-e03e6e8f49e6;378.67;0.05;BUY
2016-02-12T00:21:31.667000;2016-02-12T00:21:31.730000;a74703d2-ab3e-4b22-9fb0-b45f251b266c;378.67;0.05;BUY
2016-02-12T00:21:31.667000;2016-02-12T00:21:31.763000;586865cd-1ff0-420f-83bc-53e9440c7c19;378.68;0.01;BUY
2016-02-12T00:21:31.667000;2016-02-12T00:21:31.777000;e5ec6776-b815-41d5-bb82-c2d70efeff6f;378.68;0.05;BUY
2016-02-12T00:21:31.667000;2016-02-12T00:21:31.777000;73ce8d2f-3150-40c5-a201-9d69716f02cd;378.68;0.05;BUY
2016-02-12T00:21:31.667000;2016-02-12T00:21:31.777000;6be65169-6816-4b6f-91be-fc8a711150a6;378.69;0.05;BUY
2016-02-12T00:21:31.670000;2016-02-12T00:21:31.777000;3f6e8c58-c53d-4ec9-88c3-b4c9756af536;378.69;0.05;BUY
2016-02-12T00:21:31.670000;2016-02-12T00:21:31.777000;a2621025-5dfa-49e8-8103-59945a367777;378.69;0.02777;BUY
2016-02-12T00:21:31.670000;2016-02-12T00:21:31.777000;9da12ca1-bb0c-48e6-9ff9-a25c4fa5b73c;378.69;0.077;BUY
2016-02-12T00:21:31.670000;2016-02-12T00:21:31.777000;110a1e16-91d2-4c64-b30d-ba6f86f17469;378.71;0.01;BUY
2016-02-12T00:21:31.670000;2016-02-12T00:21:31.777000;d9bdc747-bfe5-4493-b5cc-7ee4dd1cac6a;378.71;0.46;BUY
2016-02-12T00:21:31.670000;2016-02-12T00:21:31.777000;ff800359-5b71-4eba-93d1-04bdafa98681;378.72;0.01;BUY
2016-02-12T00:21:31.670000;2016-02-12T00:21:31.793000;9bb9ca36-8bbf-4e6e-bf06-5fdd6afc2fd7;378.72;0.05;BUY
2016-02-12T00:21:31.670000;2016-02-12T00:21:31.793000;7c184513-b8b6-4042-b49f-b677c29928e4;378.72;0.118;BUY
2016-02-12T00:21:31.670000;2016-02-12T00:21:31.793000;481d50e1-b427-401a-824d-d08eba387284;378.73;0.41967;BUY
2016-02-12T00:22:01.327000;2016-02-12T00:22:01.340000;4acc1bce-c976-4e14-82e7-3cd91f31f24c;378.63;0.022;SELL
2016-02-12T00:22:01.327000;2016-02-12T00:22:01.357000;80ebbf13-b114-41ea-b15e-de0f9f891c6e;378.62;0.022;SELL
2016-02-12T00:22:01.327000;2016-02-12T00:22:01.357000;97e7a186-5f5c-4693-acaf-1e2e34a25f5d;378.62;0.108;SELL
2016-02-12T00:22:01.327000;2016-02-12T00:22:01.357000;e27388fa-142d-4946-82c2-916a6c6382e4;378.61;0.022;SELL
2016-02-12T00:22:01.327000;2016-02-12T00:22:01.357000;c799e6b3-a5c6-40cf-a0d9-01db4866b3af;378.6;0.01;SELL
2016-02-12T00:22:01.327000;2016-02-12T00:22:01.433000;24f52f01-d08c-4143-81d9-d5a8efa7271f;378.6;0.01;SELL
2016-02-12T00:22:01.327000;2016-02-12T00:22:01.433000;6908dbcb-da8a-41b9-94f9-861191ca5a69;378.59;0.091;SELL
2016-02-12T00:22:01.327000;2016-02-12T00:22:01.433000;ea4b17d9-c426-4434-bb4b-b83ce073e0bc;378.57;0.01838;SELL
2016-02-12T00:22:31.357000;2016-02-12T00:22:31.373000;253fb7be-ce14-423d-9b69-45f00a55adff;378.58;0.025;BUY
2016-02-12T00:22:31.357000;2016-02-12T00:22:31.387000;62a858ef-8f87-4483-a2cd-a56a916d1013;378.65;1.92438;BUY
2016-02-12T00:23:02.443000;2016-02-12T00:23:02.450000;4a9a901e-3a9e-4182-b707-16c89f51941f;378.64;0.15012;BUY
2016-02-12T00:23:20.790000;2016-02-12T00:23:20.810000;53447c16-a325-40eb-8202-1b10d74da8e8;378.64;0.0164;BUY
2016-02-12T00:23:31.173000;2016-02-12T00:23:31.183000;2463bd19-fa9d-4210-bc09-66656856dae4;378.63;0.021;SELL
2016-02-12T00:23:31.173000;2016-02-12T00:23:31.200000;2ac63f06-ca5d-4bd3-9ad5-3e8c3831f477;378.63;0.02252;SELL
2016-02-12T00:23:42.550000;2016-02-12T00:23:42.560000;9d104859-6bdf-4910-bd9b-7de7b2569ac5;378.63;0.30729266;BUY
2016-02-12T00:23:42.553000;2016-02-12T00:23:42.577000;65f58288-9a09-4576-b70e-8765044f0007;378.63;0.0486;BUY
2016-02-12T00:23:42.560000;2016-02-12T00:23:42.577000;66980dbb-c865-4bfa-bc7c-bc0eb1e1e169;378.63;0.0896;BUY
2016-02-12T00:23:42.567000;2016-02-12T00:23:42.577000;ca85c983-e2db-4667-a247-f2cec23bfd6e;378.63;0.299;BUY
2016-02-12T00:23:42.567000;2016-02-12T00:23:42.653000;e27ed8c6-162d-49c2-b1cb-10eb12da93a7;378.63;0.03950734;BUY
2016-02-12T00:23:50.753000;2016-02-12T00:23:50.763000;ed837c2d-e9f4-4eda-8ecf-a1489b88cdf9;378.62;0.021;SELL
2016-02-12T00:23:50.753000;2016-02-12T00:23:50.780000;ef36a023-feb3-40de-9220-4d33ce429a4c;378.62;0.087;SELL
2016-02-12T00:24:01.843000;2016-02-12T00:24:01.857000;f69f31bd-11b9-456a-ad76-57ae0fb48dba;378.63;1.15571;BUY
2016-02-12T00:24:31.363000;2016-02-12T00:24:31.387000;d979addd-545d-4168-9c2b-aeecf9096591;378.62;0.02;SELL
2016-02-12T00:24:31.363000;2016-02-12T00:24:31.403000;88bebd97-0037-4abb-99e4-301ecb9807cc;378.62;0.122;SELL
2016-02-12T00:24:31.363000;2016-02-12T00:24:31.403000;cd90bb16-7b9d-4474-b211-5fc8220afcb3;378.61;0.021;SELL
2016-02-12T00:24:31.363000;2016-02-12T00:24:31.403000;d0ed2703-6a8d-4cb8-8da2-5afbb7417084;378.6;0.021;SELL
2016-02-12T00:24:31.363000;2016-02-12T00:24:31.450000;0546d9de-762f-4490-86a3-b59ff3846479;378.59;0.021;SELL
2016-02-12T00:24:31.363000;2016-02-12T00:24:31.467000;b45afc1a-530a-40f0-8099-9612bc772d02;378.59;0.115;SELL
2016-02-12T00:24:31.363000;2016-02-12T00:24:31.467000;ba7aa596-f629-4e93-9895-3afd2cd60829;378.58;0.022;SELL
2016-02-12T00:24:31.363000;2016-02-12T00:24:31.467000;ead6f1a7-a80b-4b29-82a1-706eb6652556;378.57;0.00062;SELL
2016-02-12T00:24:31.363000;2016-02-12T00:24:31.467000;4bd8cdda-6fe6-4b84-933a-d23d348cbb33;378.56;0.02;SELL
2016-02-12T00:24:31.363000;2016-02-12T00:24:31.480000;e7d9eb36-1620-4a49-93d1-edde5e64f083;378.56;0.113;SELL
2016-02-12T00:24:31.363000;2016-02-12T00:24:31.497000;c873ec37-89f7-4933-95fd-be66a7d8d218;378.55;0.02;SELL
2016-02-12T00:24:31.363000;2016-02-12T00:24:31.497000;bc457908-ec35-423f-8009-68bd2f317299;378.53;0.01;SELL
2016-02-12T00:24:31.363000;2016-02-12T00:24:31.497000;226e603a-cd28-4926-9e85-8ab725480664;378.53;0.09;SELL
2016-02-12T00:24:31.363000;2016-02-12T00:24:31.497000;df400aa8-8d41-4699-920a-88f2528875b6;378.5;0.105;SELL
2016-02-12T00:24:31.367000;2016-02-12T00:24:31.497000;5f1f1195-0558-4093-a5a8-1dec3e13ad35;378.49;0.01;SELL
2016-02-12T00:24:31.367000;2016-02-12T00:24:31.497000;c6ed111e-bfad-40b7-8f21-8ee589cfe3f0;378.49;0.01;SELL
2016-02-12T00:24:31.367000;2016-02-12T00:24:31.497000;9b5ca32a-0f43-4bfe-aab6-8d56a7e4515b;378.47;0.01;SELL
2016-02-12T00:24:31.367000;2016-02-12T00:24:31.497000;0cf0a7bd-db71-4fd7-a9a2-c9d1fdd54298;378.47;0.119;SELL
2016-02-12T00:24:31.367000;2016-02-12T00:24:31.497000;02f1e584-7021-4bec-b058-7972ccdb515e;378.46;0.01;SELL
2016-02-12T00:24:31.367000;2016-02-12T00:24:31.497000;77d442b3-3ce4-428b-b6a1-eacc6ad3733b;378.44;0.116;SELL
2016-02-12T00:24:31.367000;2016-02-12T00:24:31.497000;52c3dedd-1335-437f-9b53-42ef27b7cdd7;378.43;0.01;SELL
2016-02-12T00:24:31.367000;2016-02-12T00:24:31.497000;cc30938a-45d1-4431-962f-d8a2e0ad4a91;378.41;0.01;SELL
2016-02-12T00:24:31.367000;2016-02-12T00:24:31.497000;699db1b7-2c04-4c17-b60f-0643756d0a33;378.41;0.078;SELL
2016-02-12T00:24:31.367000;2016-02-12T00:24:31.497000;55c9bbdb-43d3-4191-b9fe-7f5debeb5118;378.4;0.01;SELL
2016-02-12T00:24:31.367000;2016-02-12T00:24:31.497000;d057f120-03cf-4f7c-bc34-193eacafccf6;378.38;0.096;SELL
2016-02-12T00:24:31.367000;2016-02-12T00:24:31.497000;4eed12f2-0bd5-4849-b022-2586b682c5ba;378.35;0.02308;SELL
2016-02-12T00:24:31.367000;2016-02-12T00:24:31.513000;119d5605-3750-4e3d-a48d-b55ec0114b6e;378.35;0.024;SELL
2016-02-12T00:24:31.367000;2016-02-12T00:24:31.513000;38dc5a26-8d18-48b2-86c0-dce04a140511;378.35;0.023;SELL
2016-02-12T00:24:31.367000;2016-02-12T00:24:31.513000;8e2cc353-582f-4e4e-acfc-d0a44ef764c6;378.35;0.022;SELL
2016-02-12T00:24:31.367000;2016-02-12T00:24:31.513000;818ea2a3-59b7-48c3-a37a-09f5b017af2d;378.35;0.021;SELL
2016-02-12T00:24:31.367000;2016-02-12T00:24:31.513000;f4a700d2-dcf1-47e1-9efe-4536cf8e3c87;378.35;0.087;SELL
2016-02-12T00:24:31.367000;2016-02-12T00:24:31.513000;7faf205e-539c-46ca-9133-eebe0b5ff168;378.34;0.023;SELL
2016-02-12T00:24:31.370000;2016-02-12T00:24:31.513000;f92dcef0-a0c1-4a5d-a31b-fbe9fda4e45a;378.34;0.022;SELL
2016-02-12T00:24:31.370000;2016-02-12T00:24:31.513000;bd1f1419-314a-4269-bcb9-068612cd1781;378.34;0.022;SELL
2016-02-12T00:24:31.370000;2016-02-12T00:24:31.513000;53f00337-b46f-4646-b327-a966840b1b0f;378.34;0.021;SELL
2016-02-12T00:24:31.370000;2016-02-12T00:24:31.513000;5730e23d-77b3-496c-ae5e-bb14aaad8c8a;378.34;0.021;SELL
2016-02-12T00:24:31.370000;2016-02-12T00:24:31.513000;e909d3d1-7178-4ca9-beef-067186497b5d;378.34;0.021;SELL
2016-02-12T00:24:31.370000;2016-02-12T00:24:31.513000;a013e5ea-f10f-4e7f-8f64-88e3afe5887e;378.33;0.01;SELL
2016-02-12T00:24:31.370000;2016-02-12T00:24:31.513000;625a4054-547d-43a5-8b98-cd4c421f96fc;378.33;0.01;SELL
2016-02-12T00:24:31.370000;2016-02-12T00:24:31.513000;517271a8-4678-4882-bfb4-198aaeeaa69b;378.33;0.022;SELL
2016-02-12T00:24:31.370000;2016-02-12T00:24:31.513000;05aa91cd-a7a0-4495-bcbe-d9e1e31816ac;378.33;0.021;SELL
2016-02-12T00:24:31.370000;2016-02-12T00:24:31.513000;b60a37a5-77ca-404e-bdfb-b303607e23e6;378.32;0.022;SELL
2016-02-12T00:24:31.370000;2016-02-12T00:24:31.513000;d22b72c3-eecc-4511-a3b1-8d16a47f5873;378.32;0.022;SELL
2016-02-12T00:24:31.370000;2016-02-12T00:24:31.513000;f6bf3721-5b10-4f9c-82e2-58373ed56b82;378.32;0.021;SELL
2016-02-12T00:24:31.370000;2016-02-12T00:24:31.513000;e9f6251e-1cec-40a9-9a00-f1a82ec2cb12;378.32;0.021;SELL
2016-02-12T00:24:31.370000;2016-02-12T00:24:31.513000;e838e789-17e7-438a-9b68-c50f95314011;378.32;0.127;SELL
2016-02-12T00:24:31.370000;2016-02-12T00:24:31.560000;119e0d4f-ab2d-42ee-a21d-29aa914f1405;378.31;0.021;SELL
2016-02-12T00:24:31.370000;2016-02-12T00:24:31.560000;b0a11d2f-469d-4b2e-b555-4a59e7d96384;378.3;0.01;SELL
2016-02-12T00:24:31.370000;2016-02-12T00:24:31.560000;6a2919cf-edaf-4723-93b5-67ed5efb529f;378.3;0.021;SELL
2016-02-12T00:24:31.373000;2016-02-12T00:24:31.560000;ba1cd8c0-b848-4f7a-ac72-2695cb2cc077;378.29;0.111;SELL
2016-02-12T00:24:31.373000;2016-02-12T00:24:31.560000;90ed78ef-dbc5-4b06-870b-65a08b909a71;378.28;0.02;SELL
2016-02-12T00:24:31.373000;2016-02-12T00:24:31.560000;593e294b-b1e0-414d-b58e-f0cd9de15843;378.28;0.02;SELL
2016-02-12T00:24:31.373000;2016-02-12T00:24:31.560000;d5ef4aaa-119e-4450-8c02-6b4b4324a5e8;378.28;0.086;SELL
2016-02-12T00:24:31.373000;2016-02-12T00:24:31.560000;2fdad89f-728e-40d0-bd3c-96c6479d9c6f;378.27;0.01;SELL
2016-02-12T00:24:31.373000;2016-02-12T00:24:31.560000;7cc85dc0-3631-4d4b-8b36-f8651a8d3a59;378.27;0.23;SELL
2016-02-12T00:24:31.373000;2016-02-12T00:24:31.577000;19b2f5eb-b54f-4b71-b142-33995a0a1d3c;378.26;0.02;SELL
2016-02-12T00:24:31.373000;2016-02-12T00:24:31.577000;97b4adfc-2c9d-45b7-b010-b044e099c090;378.26;0.02;SELL
2016-02-12T00:24:31.373000;2016-02-12T00:24:31.577000;beae9b3c-03cd-4a6b-9a4e-b4da3f48510b;378.26;0.46;SELL
2016-02-12T00:24:31.373000;2016-02-12T00:24:31.577000;9fc8873b-5c38-4c77-b95f-832a23631364;378.25;0.0115;SELL
2016-02-12T00:24:31.373000;2016-02-12T00:24:31.577000;a6206d25-0676-4771-9685-52109ef4e676;378.25;0.076;SELL
2016-02-12T00:24:31.373000;2016-02-12T00:24:31.577000;24407873-03b9-4253-9471-ba81947fa2fb;378.25;0.69;SELL
2016-02-12T00:24:31.373000;2016-02-12T00:24:31.577000;291fb95c-a1e7-4766-9e3c-271d98200b4e;378.24;0.108;SELL
2016-02-12T00:24:31.373000;2016-02-12T00:24:31.577000;be0e082b-5702-4528-9cc3-3df9025c1f86;378.24;0.025;SELL
2016-02-12T00:24:31.373000;2016-02-12T00:24:31.577000;92a130df-d8cd-4fed-9b90-b021aeae6236;378.24;0.021;SELL
2016-02-12T00:24:31.373000;2016-02-12T00:24:31.577000;9513222c-aed4-4891-b3c3-470853438593;378.24;0.021;SELL
2016-02-12T00:24:31.373000;2016-02-12T00:24:31.577000;4e56ea44-b99f-4303-a636-430b47112404;378.23;0.92;SELL
2016-02-12T00:24:31.373000;2016-02-12T00:24:31.577000;c14695bb-27f3-40c1-99da-ccf57a5d614d;378.22;0.021;SELL
2016-02-12T00:24:31.377000;2016-02-12T00:24:31.577000;ff033e31-17b0-4bdf-bcdb-16ebb473c037;378.22;0.021;SELL
2016-02-12T00:24:31.377000;2016-02-12T00:24:31.577000;687d4585-6431-4959-9011-c994d555db88;378.22;0.021;SELL
2016-02-12T00:24:31.377000;2016-02-12T00:24:31.577000;6cedec90-76ba-4fc0-a127-53b3ea0da1ff;378.22;0.02;SELL
2016-02-12T00:24:31.377000;2016-02-12T00:24:31.577000;340da1fe-e5df-4b6b-91cf-4a47a469b71b;378.22;0.92;SELL
2016-02-12T00:24:31.377000;2016-02-12T00:24:31.577000;d46a1a18-38c3-452f-b7dd-4a2a87f1ed80;378.21;0.087;SELL
2016-02-12T00:24:31.377000;2016-02-12T00:24:31.577000;797f0cf9-0403-470a-badb-e8c79c1c78a2;378.21;1.15;SELL
2016-02-12T00:24:31.377000;2016-02-12T00:24:31.577000;c032e6e2-8002-46f5-bb8a-0c61b40af19c;378.2;0.022;SELL
2016-02-12T00:24:31.377000;2016-02-12T00:24:31.577000;09171ab9-96ed-4ede-9914-090840a72c6c;378.2;0.021;SELL
2016-02-12T00:24:31.377000;2016-02-12T00:24:31.577000;dc1714e4-0b76-4234-ae85-e8e4eaac9ca9;378.2;0.021;SELL
2016-02-12T00:24:31.377000;2016-02-12T00:24:31.590000;e2e0c52b-9b2c-4ac7-afb9-9cdb89bcf2db;378.2;0.02;SELL
2016-02-12T00:24:31.377000;2016-02-12T00:24:31.590000;dc650ae7-7b2b-4ea0-a6f3-b6c04174a822;378.2;0.02;SELL
2016-02-12T00:24:31.377000;2016-02-12T00:24:31.590000;9bc428aa-231a-4563-9d33-f7b584a8fa47;378.19;0.12554;SELL
2016-02-12T00:25:02.697000;2016-02-12T00:25:02.700000;78cadcc4-c6bf-4a51-9d59-b5f80a6369da;378.44;0.05;BUY
2016-02-12T00:25:02.697000;2016-02-12T00:25:02.730000;ac81ed5e-9c3a-447d-b0cd-3aaa9ac5bf32;378.44;0.02;BUY
2016-02-12T00:25:02.697000;2016-02-12T00:25:02.730000;2acb0021-cce0-42f6-9c5c-f945705474ae;378.45;0.05;BUY
2016-02-12T00:25:02.697000;2016-02-12T00:25:02.730000;ecaaca79-97a9-4b60-a5f2-15cb02f10d1f;378.46;0.05;BUY
2016-02-12T00:25:02.697000;2016-02-12T00:25:02.730000;2f2eeb8b-2a57-4fc3-aaa3-abebf83e3ac9;378.47;0.05;BUY
2016-02-12T00:25:02.697000;2016-02-12T00:25:02.730000;a5b57704-8c7c-4310-b7ee-a255ede9d65f;378.48;0.05;BUY
2016-02-12T00:25:02.697000;2016-02-12T00:25:02.730000;91dc0f8c-7214-4265-a06a-f020b03d78cf;378.49;0.05;BUY
2016-02-12T00:25:02.697000;2016-02-12T00:25:02.730000;31250858-8881-4564-a226-dacc9ba65806;378.5;0.01;BUY
2016-02-12T00:25:02.697000;2016-02-12T00:25:02.810000;c466d0a3-5350-4879-95ac-e9c8b2b5ac80;378.5;0.01;BUY
2016-02-12T00:25:02.700000;2016-02-12T00:25:02.827000;2d90fc16-06f9-4a4d-8d17-b158b032e257;378.5;0.01;BUY
2016-02-12T00:25:02.700000;2016-02-12T00:25:02.827000;b1521fd3-99d1-4dd0-8853-167f1a49bf48;378.53;0.01;BUY
2016-02-12T00:25:02.700000;2016-02-12T00:25:02.827000;f95defbd-829e-47a9-aeb0-1f53d75ee575;378.53;0.0187;BUY
2016-02-12T00:25:02.700000;2016-02-12T00:25:02.827000;179a0e85-133c-4a82-a8fa-6dfb6429dfda;378.55;0.05;BUY
2016-02-12T00:25:02.700000;2016-02-12T00:25:02.827000;3a482ba8-777f-4049-a4df-150fa9e6d1f9;378.55;0.05;BUY
2016-02-12T00:25:02.700000;2016-02-12T00:25:02.827000;4d071ea3-8bc4-4c4f-a799-4b854d193da2;378.56;0.01;BUY
2016-02-12T00:25:02.700000;2016-02-12T00:25:02.827000;ced85da5-aff3-4442-94c1-3a08840cd4f4;378.56;0.01;BUY
2016-02-12T00:25:02.700000;2016-02-12T00:25:02.827000;b4031af4-6907-434c-a962-e423a1b12fa7;378.59;0.06167;BUY
2016-02-12T00:25:31.667000;2016-02-12T00:25:31.670000;aafada25-7f37-44f9-a16d-8f41c4d4bdda;378.44;0.28;BUY
2016-02-12T00:25:31.667000;2016-02-12T00:25:31.670000;6c5acdb6-13fc-4430-9e70-347cde8b8f7a;378.57;1.82529;BUY
2016-02-12T00:25:35.840000;2016-02-12T00:25:35.840000;849741a2-d0ed-4dd1-a560-6744a8278964;378.58;0.35207609;BUY
2016-02-12T00:26:03.400000;2016-02-12T00:26:03.403000;2cea3f5c-3206-40c6-aa16-4743eb8b310b;378.57;0.021;SELL
2016-02-12T00:26:03.400000;2016-02-12T00:26:03.420000;e33b7a47-0904-4589-8fa0-48f14e50a1e3;378.57;0.106;SELL
2016-02-12T00:26:03.400000;2016-02-12T00:26:03.420000;89d99ca0-1926-43b0-ae24-9f5792213125;378.56;0.021;SELL
2016-02-12T00:26:03.400000;2016-02-12T00:26:03.420000;826de5fd-46fe-4cf2-8fb3-f5791d61faae;378.55;0.021;SELL
2016-02-12T00:26:03.400000;2016-02-12T00:26:03.420000;ea25efd1-06a8-42b9-9bb7-7ce66414540d;378.54;0.01;SELL
2016-02-12T00:26:03.400000;2016-02-12T00:26:03.530000;66d3bd6a-a95c-469f-9a1e-294c8e6191a9;378.54;0.07;SELL
2016-02-12T00:26:03.400000;2016-02-12T00:26:03.530000;53a26351-e4e2-4ac8-8954-4f9a69c4740e;378.53;0.092;SELL
2016-02-12T00:26:03.400000;2016-02-12T00:26:03.530000;6a2bc021-719e-4f23-ab55-bda6f43f4e80;378.52;0.121;SELL
2016-02-12T00:26:03.400000;2016-02-12T00:26:03.530000;e2e9d2e3-1e41-466a-84a1-8a3453f00afb;378.51;0.121;SELL
2016-02-12T00:26:03.400000;2016-02-12T00:26:03.530000;792dcaac-a22d-4f90-9d9b-8f694d70544d;378.5;0.073;SELL
2016-02-12T00:26:03.400000;2016-02-12T00:26:03.530000;f2fd83dd-3a97-453e-a49b-e56d590a61e2;378.49;0.091;SELL
2016-02-12T00:26:03.403000;2016-02-12T00:26:03.530000;8a34ff4c-ac78-49f0-b3bc-8543c538eda9;378.48;0.122;SELL
2016-02-12T00:26:03.403000;2016-02-12T00:26:03.530000;88202e4d-9e45-4c54-bea5-796881479eb1;378.47;0.118;SELL
2016-02-12T00:26:03.403000;2016-02-12T00:26:03.530000;e82aa675-e1de-462a-911f-3ed5f1c7392f;378.46;0.021;SELL
2016-02-12T00:26:03.403000;2016-02-12T00:26:03.530000;290bfcfe-c372-4be7-b640-3de726ce4064;378.45;0.021;SELL
2016-02-12T00:26:03.403000;2016-02-12T00:26:03.530000;9f610e72-9504-4c3a-ab54-63b95d9e01a3;378.44;0.021;SELL
2016-02-12T00:26:03.403000;2016-02-12T00:26:03.530000;20327ceb-a724-4ea2-a46b-c65dc6550b4b;378.44;0.123;SELL
2016-02-12T00:26:03.403000;2016-02-12T00:26:03.530000;b662dce9-2808-4d85-8d12-ba7910be432c;378.44;0.14515;SELL
2016-02-12T00:26:05.007000;2016-02-12T00:26:05.013000;2c41d85a-311d-4f29-b599-361378cafbf9;378.44;0.01;SELL
2016-02-12T00:26:05.007000;2016-02-12T00:26:05.013000;cd530cb8-3e7e-441b-814e-5b392ebcb75b;378.43;0.02;SELL
2016-02-12T00:26:05.007000;2016-02-12T00:26:05.043000;4732fb21-870e-4487-bfc0-cd56ec4178c1;378.41;0.1;SELL
2016-02-12T00:26:23.803000;2016-02-12T00:26:23.810000;f881ef02-376c-4c89-acad-8e3b8dffa6d9;378.45;0.02;SELL
2016-02-12T00:26:23.803000;2016-02-12T00:26:23.827000;f6df60c3-4586-4b8b-8f29-030831b4b579;378.45;0.02928644;SELL
2016-02-12T00:26:32.180000;2016-02-12T00:26:32.183000;ab6d19a3-734a-4fcf-b6c3-dee440a81e92;378.48;0.7651;BUY
2016-02-12T00:27:01.680000;2016-02-12T00:27:01.727000;43efa23e-deb0-4646-bf8f-de00e98ea902;378.47;0.02;BUY
2016-02-12T00:27:01.680000;2016-02-12T00:27:01.757000;8cf08a9c-5ba0-476f-8dcd-a8c7863e254f;378.47;1.54886672;BUY
2016-02-12T00:27:01.680000;2016-02-12T00:27:01.757000;245f6d00-6575-4a19-917d-ed728deb62f2;378.47;1.73134328;BUY
2016-02-12T00:28:05.090000;2016-02-12T00:28:05.147000;0dd634fc-de30-43f7-81a6-da160a87e7a5;378.47;3.026;BUY
2016-02-12T00:28:05.090000;2016-02-12T00:28:05.147000;a7fd82dd-4c84-487e-a1b7-5a7ab87c99e7;378.47;0.63982;BUY
2016-02-12T00:28:59.350000;2016-02-12T00:28:59.397000;31967249-7e67-4ff4-95b2-330bf3b98258;378.46;0.02;SELL
2016-02-12T00:28:59.350000;2016-02-12T00:28:59.413000;cb6b801b-a6c3-478f-9d2d-93bbac6f289f;378.45;0.02;SELL
2016-02-12T00:28:59.350000;2016-02-12T00:28:59.413000;29ca8d67-b7bb-4716-9e36-8cec462a10b7;378.44;0.02;SELL
2016-02-12T00:28:59.350000;2016-02-12T00:28:59.413000;d5907bc0-561e-40fc-b5b7-e610c6226d51;378.43;0.02;SELL
2016-02-12T00:28:59.350000;2016-02-12T00:28:59.413000;d498842e-bc72-4139-a652-a603e5fad987;378.43;0.125;SELL
2016-02-12T00:28:59.350000;2016-02-12T00:28:59.490000;67cf77b6-3ee0-460c-a947-41288a7ee1a0;378.42;0.01;SELL
2016-02-12T00:29:01.557000;2016-02-12T00:29:01.600000;482c7fb1-7a5a-45dd-ae63-480f141344e4;378.39;0.01;SELL
2016-02-12T00:29:01.557000;2016-02-12T00:29:01.617000;4e9b2790-8a8d-4610-ae98-e701a5ead689;378.39;0.105;SELL
2016-02-12T00:29:01.557000;2016-02-12T00:29:01.617000;cc2e44d6-c248-43fd-b7b6-c426b86897bc;378.38;0.01;SELL
2016-02-12T00:29:01.557000;2016-02-12T00:29:01.617000;7c1bbf56-4352-4910-8905-a9c56e68702d;378.36;0.098;SELL
2016-02-12T00:29:01.557000;2016-02-12T00:29:01.617000;b901b714-03f6-41d3-b05c-562a6394995c;378.35;0.01;SELL
2016-02-12T00:29:01.557000;2016-02-12T00:29:01.617000;0df7eb47-a3e3-4289-9d78-145c617ff134;378.34;0.0174;SELL
2016-02-12T00:29:32.060000;2016-02-12T00:29:32.100000;1975e084-ca8b-4b61-afd9-2f1256c929a7;378.32;0.018;SELL
2016-02-12T00:29:32.060000;2016-02-12T00:29:32.117000;7d9459f7-1941-477e-8a14-6ad79b839a83;378.32;0.106;SELL
2016-02-12T00:29:32.060000;2016-02-12T00:29:32.117000;8d74fbde-40b9-417a-82fe-01473890ac12;378.31;0.01;SELL
2016-02-12T00:29:32.060000;2016-02-12T00:29:32.117000;d7b47fad-8dd5-4f15-aa93-2ce434985606;378.31;0.01;SELL
2016-02-12T00:29:32.060000;2016-02-12T00:29:32.117000;922e8366-5238-4a39-8436-b796181f8db2;378.31;0.115;SELL
2016-02-12T00:29:32.060000;2016-02-12T00:29:32.193000;5d284595-7477-4604-aea6-1a1ad5307910;378.28;0.123;SELL
2016-02-12T00:29:32.060000;2016-02-12T00:29:32.193000;e13727e0-5aa8-465a-be59-d570ec95ed8f;378.27;0.01;SELL
2016-02-12T00:29:32.063000;2016-02-12T00:29:32.193000;a7b2b21c-c79b-4044-9a5f-e4de53d16b17;378.25;0.072;SELL
2016-02-12T00:29:32.063000;2016-02-12T00:29:32.193000;7acb379d-87ef-4adb-8185-5c0d7a3df1fb;378.22;0.105;SELL
2016-02-12T00:29:32.063000;2016-02-12T00:29:32.193000;e5c08919-4f39-484c-ab40-386dafbe30b0;378.19;0.02;SELL
2016-02-12T00:29:32.063000;2016-02-12T00:29:32.210000;b6c306d6-5610-4749-adb7-828ebe6dc360;378.19;0.093;SELL
2016-02-12T00:29:32.063000;2016-02-12T00:29:32.210000;f45caee8-e6bb-4681-99b2-a90f6d25f244;378.18;0.022;SELL
2016-02-12T00:29:32.063000;2016-02-12T00:29:32.210000;5e572b6d-4e4d-4f92-952e-a5309fbb049f;378.18;0.02;SELL
2016-02-12T00:29:32.063000;2016-02-12T00:29:32.210000;09fb2155-fbf7-4141-8117-1652d8865d88;378.17;0.02;SELL
2016-02-12T00:29:32.063000;2016-02-12T00:29:32.210000;b25094f5-0266-4e59-bcab-d3ecd1945083;378.16;0.107;SELL
2016-02-12T00:29:32.063000;2016-02-12T00:29:32.210000;cbef2a89-a35f-40e0-971b-26ca176c1889;378.15;0.019;SELL
2016-02-12T00:29:32.063000;2016-02-12T00:29:32.210000;e19650d7-e36b-48fe-92dd-111f6a442074;378.15;0.022;SELL
2016-02-12T00:29:32.063000;2016-02-12T00:29:32.210000;b2d04d93-3715-4873-9317-7467219c56c2;378.15;0.02;SELL
2016-02-12T00:29:32.063000;2016-02-12T00:29:32.210000;b9f37abf-75cf-4288-b4f5-401846b5a0e4;378.14;0.02;SELL
2016-02-12T00:29:32.063000;2016-02-12T00:29:32.210000;fcb3bf6e-811c-4643-87cb-e1d78f1c3af5;378.13;0.1;SELL
2016-02-12T00:29:32.063000;2016-02-12T00:29:32.210000;a394ac30-5a19-4709-8833-2dcb989e8cc5;378.12;0.02;SELL
2016-02-12T00:29:32.063000;2016-02-12T00:29:32.210000;4f487d1b-1be7-46e1-abb6-a3dc762b635b;378.1;0.01;SELL
2016-02-12T00:29:32.063000;2016-02-12T00:29:32.210000;f2a310f7-ea2c-435e-ac71-e496c6240cd1;378.1;0.094;SELL
2016-02-12T00:29:32.063000;2016-02-12T00:29:32.210000;93e7ea81-1bc2-41ba-a1e5-af28e979a73f;378.07;0.123;SELL
2016-02-12T00:29:32.063000;2016-02-12T00:29:32.210000;02d0a4d7-bd02-47ed-b6ae-9ff6aa004f66;378.05;0.02;SELL
2016-02-12T00:29:32.063000;2016-02-12T00:29:32.210000;a50a7a2b-abd3-4188-97b3-99b23aa024f8;378.05;0.02;SELL
2016-02-12T00:29:32.063000;2016-02-12T00:29:32.210000;71f38cc2-5f54-4b37-9f68-cb36d9458212;378.04;0.021;SELL
2016-02-12T00:29:32.063000;2016-02-12T00:29:32.210000;ca1ad593-6e21-4054-b8b2-b0926b808bd7;378.04;0.05813;SELL
2016-02-12T00:30:02.297000;2016-02-12T00:30:02.337000;68b979da-3e45-42eb-ab10-35f42461f8ac;378.34;0.018;SELL
2016-02-12T00:30:02.297000;2016-02-12T00:30:02.350000;62379ff0-3014-413d-a774-537d98f8bc15;378.34;0.087;SELL
2016-02-12T00:30:02.297000;2016-02-12T00:30:02.350000;20052e97-4837-4b2e-85d4-2cae646f86d4;378.33;0.018;SELL
2016-02-12T00:30:02.297000;2016-02-12T00:30:02.350000;2a9c55ce-e5a8-4a3c-88c9-028a1156fad5;378.31;0.04651;SELL
2016-02-12T00:30:32.153000;2016-02-12T00:30:32.193000;aa3291c9-ace0-4110-9c6d-37b32590db0b;378.25;0.01;BUY
2016-02-12T00:30:32.153000;2016-02-12T00:30:32.210000;51c6be08-27ec-41e3-90a6-513488de9144;378.28;0.24207;BUY
2016-02-12T00:31:01.870000;2016-02-12T00:31:01.897000;06f91897-64c4-41b4-b468-562f2a9ce7d2;378.3;0.01;BUY
2016-02-12T00:31:01.870000;2016-02-12T00:31:01.913000;9d0939dd-ee3c-4a3f-8b6a-84a72aa54b66;378.3;0.54715;BUY
2016-02-12T00:31:45.657000;2016-02-12T00:31:45.693000;8f13de6a-258f-463a-a025-b58a30deedb5;378.31;0.01;BUY
2016-02-12T00:31:45.660000;2016-02-12T00:31:45.710000;7ab8dba2-c7bb-44fe-a640-db6b84d7a071;378.31;0.18;BUY
2016-02-12T00:31:45.660000;2016-02-12T00:31:45.710000;6602bbaf-50cc-49b6-849b-0928e8e8df74;378.31;0.02;BUY
2016-02-12T00:31:45.660000;2016-02-12T00:31:45.710000;d0fb5816-1d8a-45db-a2d2-9490e3fb9797;378.31;1.28558;BUY
2016-02-12T00:32:03.667000;2016-02-12T00:32:03.693000;eb606254-fee1-407f-829a-2691eedb0c4f;378.31;1.49864;BUY
2016-02-12T00:32:37.037000;2016-02-12T00:32:37.070000;06a8d7f0-6401-40bb-8651-10cc53faeb87;378.31;0.12564;BUY
2016-02-12T00:33:01.760000;2016-02-12T00:33:01.790000;d9b59c82-2628-4298-a1f4-16c7bd131cf9;378.3;0.017;SELL
2016-02-12T00:33:02.130000;2016-02-12T00:33:02.193000;76d95d72-9190-4f56-9cf5-29518b8b6d0c;378.29;0.017;SELL
2016-02-12T00:33:02.130000;2016-02-12T00:33:02.193000;818a9fcb-baa4-4749-8421-a9d4e6b91836;378.28;0.017;SELL
2016-02-12T00:33:02.130000;2016-02-12T00:33:02.193000;331a751e-72ca-413c-ad38-63ac6dd7c49b;378.27;0.017;SELL
2016-02-12T00:33:02.130000;2016-02-12T00:33:02.193000;4d935707-bd3f-4e00-87b9-c0fcf5531fce;378.26;0.017;SELL
2016-02-12T00:33:02.130000;2016-02-12T00:33:02.210000;fe0f567d-8329-4ae8-bd54-f9a1dee774ef;378.25;0.017;SELL
2016-02-12T00:33:02.130000;2016-02-12T00:33:02.210000;1c8f054f-60da-47c7-b828-ecdb5ab0e516;378.24;0.017;SELL
2016-02-12T00:33:02.130000;2016-02-12T00:33:02.210000;1e65703b-50af-429d-8fbf-ebb850cf6189;378.23;0.017;SELL
2016-02-12T00:33:02.130000;2016-02-12T00:33:02.210000;11f62878-91fc-49f7-ac7f-8a77ad5171d2;378.22;0.018;SELL
2016-02-12T00:33:02.130000;2016-02-12T00:33:02.210000;b251d079-09d7-481a-847a-0d0307222680;378.22;0.112;SELL
2016-02-12T00:33:02.130000;2016-02-12T00:33:02.210000;28e0d9bb-b7d4-41c6-9e15-00e9a43a754c;378.21;0.018;SELL
2016-02-12T00:33:02.130000;2016-02-12T00:33:02.210000;01780c2b-4cfa-4556-98ea-5981e2b620fb;378.2;0.018;SELL
2016-02-12T00:33:02.130000;2016-02-12T00:33:02.210000;a65630f6-4bde-4bd4-baa6-ddecc3ab90a7;378.19;0.018;SELL
2016-02-12T00:33:02.130000;2016-02-12T00:33:02.210000;da0ab1a1-675b-46b0-a9ba-995e6349abba;378.19;0.111;SELL
2016-02-12T00:33:02.130000;2016-02-12T00:33:02.210000;73311d46-0144-4068-b660-9a969a73cd43;378.18;0.018;SELL
2016-02-12T00:33:02.130000;2016-02-12T00:33:02.210000;b4f69194-dbce-43a8-951e-65657fb9ceb5;378.18;0.22;SELL
2016-02-12T00:33:02.130000;2016-02-12T00:33:02.210000;7c4be391-306b-4b3e-9394-00bce1439a57;378.17;0.018;SELL
2016-02-12T00:33:02.130000;2016-02-12T00:33:02.227000;56a96e83-8177-4d8d-ac0f-a08f80223a8e;378.16;0.121;SELL
2016-02-12T00:33:02.133000;2016-02-12T00:33:02.227000;3efbed3e-1b96-473d-8202-6de2105f1fc0;378.15;0.01;SELL
2016-02-12T00:33:02.133000;2016-02-12T00:33:02.227000;d3e25bbb-cd88-420a-9af0-d0c490e3ebf1;378.13;0.119;SELL
2016-02-12T00:33:02.133000;2016-02-12T00:33:02.227000;f5263cb3-19fe-460f-a9d3-9e76e53c7ee5;378.12;0.01;SELL
2016-02-12T00:33:02.133000;2016-02-12T00:33:02.227000;4ed110e8-b785-48fc-9b37-d743a8d7e447;378.11;0.01;SELL
2016-02-12T00:33:02.133000;2016-02-12T00:33:02.227000;fbcca5e7-ab11-41c5-bcb9-1d5eb634345d;378.1;0.109;SELL
2016-02-12T00:33:02.133000;2016-02-12T00:33:02.257000;5b36e872-a238-4f6f-999a-48264b4835c7;378.08;0.01;SELL
2016-02-12T00:33:02.133000;2016-02-12T00:33:02.257000;d341b3fa-214e-4a22-b77e-bdffbef644ec;378.07;0.097;SELL
2016-02-12T00:33:02.133000;2016-02-12T00:33:02.257000;ba1ad606-4e61-43b9-8749-312b633be4df;378.04;0.02;SELL
2016-02-12T00:33:02.133000;2016-02-12T00:33:02.257000;020e50df-d119-4801-9e23-48113e82a03c;378.04;0.02;SELL
2016-02-12T00:33:02.133000;2016-02-12T00:33:02.257000;c38a2a12-c69b-4715-b7ca-7098763e3a0d;378.04;0.097;SELL
2016-02-12T00:33:02.133000;2016-02-12T00:33:02.257000;d4cc71e1-af01-4d4d-8575-12eded748918;378.03;0.019;SELL
2016-02-12T00:33:02.133000;2016-02-12T00:33:02.257000;20e45cf6-b0aa-4293-a884-1db6d1c0209b;378.02;0.021;SELL
2016-02-12T00:33:02.133000;2016-02-12T00:33:02.257000;7b5314c7-52be-4bde-9011-5b6e009913fd;378.02;0.02;SELL
2016-02-12T00:33:02.133000;2016-02-12T00:33:02.257000;35de9a40-10ef-462f-acea-9764d9dd8067;378.02;0.02;SELL
2016-02-12T00:33:02.133000;2016-02-12T00:33:02.273000;eddbff64-69c6-4e9c-a0d0-90ee927a5f6e;378.02;0.02;SELL
2016-02-12T00:33:02.133000;2016-02-12T00:33:02.273000;49ab09b6-513b-481c-bf7b-550ab6ccfe57;378.02;0.019;SELL
2016-02-12T00:33:02.133000;2016-02-12T00:33:02.273000;409f7769-afd4-4faa-bd91-a9df1f92e749;378.02;0.019;SELL
2016-02-12T00:33:02.133000;2016-02-12T00:33:02.273000;50a3de07-6d3f-428f-97b2-c037529ba7da;378.01;0.078;SELL
2016-02-12T00:33:02.133000;2016-02-12T00:33:02.273000;1ba60c40-8a85-47a5-bf61-72c26cb82598;378.01;0.019;SELL
2016-02-12T00:33:02.133000;2016-02-12T00:33:02.273000;08e338b9-c64d-4a82-8412-b78209472f20;378.01;0.019;SELL
2016-02-12T00:33:02.133000;2016-02-12T00:33:02.273000;f0b731ef-b67e-46a6-a6bb-ef590bbd2795;378.0;0.02;SELL
2016-02-12T00:33:02.133000;2016-02-12T00:33:02.273000;4e66166a-1f2c-4006-a6b3-683a5d72913c;378.0;0.0115;SELL
2016-02-12T00:33:02.133000;2016-02-12T00:33:02.290000;4c999477-a2ac-44aa-89a6-900df0cb3786;378.0;0.02;SELL
2016-02-12T00:33:02.137000;2016-02-12T00:33:02.290000;9eee4b22-9475-4660-b304-3f734a42a51d;378.0;0.02;SELL
2016-02-12T00:33:02.137000;2016-02-12T00:33:02.290000;7d7dbfed-c49d-4030-ac20-2a246e1981ae;378.0;0.019;SELL
2016-02-12T00:33:02.137000;2016-02-12T00:33:02.290000;34da9be3-e100-477f-9d36-8a684751b02c;378.0;0.019;SELL
2016-02-12T00:33:02.137000;2016-02-12T00:33:02.303000;4961e320-684f-4f27-8205-3b59a514a3a7;377.99;0.021;SELL
2016-02-12T00:33:02.137000;2016-02-12T00:33:02.303000;e157eaf8-a1e1-4aa8-b314-9aff003b8f16;377.99;0.019;SELL
2016-02-12T00:33:02.137000;2016-02-12T00:33:02.303000;13e5cf1f-ef7f-42e7-8d35-aae3d6619973;377.99;0.019;SELL
2016-02-12T00:33:02.137000;2016-02-12T00:33:02.303000;d6f0e9c8-c8fa-466c-93ec-ea0980ffc5da;377.99;0.019;SELL
2016-02-12T00:33:02.137000;2016-02-12T00:33:02.303000;59de0c84-65ea-47f9-b037-82caad8de480;377.98;0.02;SELL
2016-02-12T00:33:02.137000;2016-02-12T00:33:02.303000;9a3d9b6c-6cd2-4888-8333-4eff87ae6061;377.98;0.126;SELL
2016-02-12T00:33:02.137000;2016-02-12T00:33:02.303000;9d938e98-72b1-4af0-9ac0-f2582266877b;377.98;0.019;SELL
2016-02-12T00:33:02.137000;2016-02-12T00:33:02.320000;1ee941de-3b4c-4707-bc36-3f1642c62b41;377.98;0.019;SELL
2016-02-12T00:33:02.137000;2016-02-12T00:33:02.320000;a24b93d8-9c23-483a-b1d2-8e3620d3189f;377.97;0.019;SELL
2016-02-12T00:33:02.137000;2016-02-12T00:33:02.320000;9eccf1ae-7a73-42b3-8b78-5523d4f125e1;377.95;0.117;SELL
2016-02-12T00:33:02.137000;2016-02-12T00:33:02.320000;127e27d6-7393-4576-a019-c35f4361a1c6;377.92;0.01;SELL
2016-02-12T00:33:02.137000;2016-02-12T00:33:02.320000;8e572a08-f531-482f-b1f9-0ec0c8774acc;377.92;0.083;SELL
2016-02-12T00:33:02.137000;2016-02-12T00:33:02.320000;d74aa2a3-22a8-4450-b43d-0e65c59c7fdf;377.89;0.093;SELL
2016-02-12T00:33:02.137000;2016-02-12T00:33:02.320000;86ec0996-1f7c-4c5d-b4e8-cf2415415e14;377.87;0.018;SELL
2016-02-12T00:33:02.137000;2016-02-12T00:33:02.337000;42ca32a0-8517-41c6-a13b-b6c03a58de37;377.86;0.114;SELL
2016-02-12T00:33:02.137000;2016-02-12T00:33:02.337000;692b3839-f754-42a3-af53-abfdbe0d26fc;377.86;0.018;SELL
2016-02-12T00:33:02.137000;2016-02-12T00:33:02.337000;acd558ae-dd9f-4b7c-96c7-c99b38d6a3f3;377.86;0.018;SELL
2016-02-12T00:33:02.137000;2016-02-12T00:33:02.337000;f93cf874-c48d-4eac-8202-746c3d0b42e1;377.84;0.018;SELL
2016-02-12T00:33:02.137000;2016-02-12T00:33:02.337000;a2932a73-2153-4342-8c4c-427aa7324ed4;377.83;0.115;SELL
2016-02-12T00:33:02.137000;2016-02-12T00:33:02.337000;f8e35cac-f7b9-4252-a48d-a0417fe3a25a;377.82;0.018;SELL
2016-02-12T00:33:02.140000;2016-02-12T00:33:02.337000;92bfc88d-812a-4b9f-8a54-5f157c4974bb;377.8;0.087;SELL
2016-02-12T00:33:02.140000;2016-02-12T00:33:02.337000;63488f9c-e380-4dde-8a3c-0acf2cb4bdad;377.79;0.017;SELL
2016-02-12T00:33:02.140000;2016-02-12T00:33:02.350000;40be4267-8ac3-4012-bcb6-7e23a67e93e1;377.79;0.017;SELL
2016-02-12T00:33:02.140000;2016-02-12T00:33:02.350000;6f933873-0ddc-4e69-96e7-96f6436d6d05;377.78;0.017;SELL
2016-02-12T00:33:02.140000;2016-02-12T00:33:02.350000;973600fd-5a9e-4ae7-bbdd-7ee5280618cc;377.78;0.016;SELL
2016-02-12T00:33:02.140000;2016-02-12T00:33:02.350000;4c72293e-26b9-4773-986a-2f53af2db748;377.78;0.23;SELL
2016-02-12T00:33:02.140000;2016-02-12T00:33:02.350000;89d67a48-451e-4b0a-a6db-c6c91679ef18;377.77;0.125;SELL
2016-02-12T00:33:02.140000;2016-02-12T00:33:02.350000;db0d1358-1506-475c-94db-38bfd1f07cfa;377.77;0.017;SELL
2016-02-12T00:33:02.140000;2016-02-12T00:33:02.367000;b9045708-2c43-4136-8faf-06c50edf9526;377.77;0.016;SELL
2016-02-12T00:33:02.140000;2016-02-12T00:33:02.367000;fa6b0b8d-450d-4bce-9c45-866c9165983a;377.77;0.23;SELL
2016-02-12T00:33:02.140000;2016-02-12T00:33:02.367000;fcd8aa32-40d9-40e5-a6df-75d68b77e17b;377.76;0.017;SELL
2016-02-12T00:33:02.140000;2016-02-12T00:33:02.367000;939dffe4-0148-4bfb-a21d-5273834f5e3a;377.76;0.46;SELL
2016-02-12T00:33:02.140000;2016-02-12T00:33:02.367000;003705f6-a5fb-49cb-a659-7a0937ae477b;377.75;0.016;SELL
2016-02-12T00:33:02.140000;2016-02-12T00:33:02.367000;80cb8cad-e96b-4a32-931f-b1f1b8c743bb;377.75;0.016;SELL
2016-02-12T00:33:02.140000;2016-02-12T00:33:02.367000;ff2e7c51-a0df-472a-8627-1c6be035a53f;377.75;0.69;SELL
2016-02-12T00:33:02.140000;2016-02-12T00:33:02.367000;a32fd09d-6888-48a6-9430-85688c297b21;377.74;0.01;SELL
2016-02-12T00:33:02.140000;2016-02-12T00:33:02.367000;d2f263ba-7361-4d9a-a6a3-21749d278c9c;377.74;0.082;SELL
2016-02-12T00:33:02.140000;2016-02-12T00:33:02.367000;3cb702f9-cf49-46f8-a198-3ddae7f9d73c;377.74;0.017;SELL
2016-02-12T00:33:02.140000;2016-02-12T00:33:02.367000;40baa88b-79aa-4b99-af20-3de16758abc2;377.74;0.017;SELL
2016-02-12T00:33:02.140000;2016-02-12T00:33:02.383000;1f62d9be-6418-4325-9ac5-d5fe2790ad26;377.74;0.69;SELL
2016-02-12T00:33:02.140000;2016-02-12T00:33:02.383000;e841f2c9-4a83-433e-a495-8c69942e7978;377.73;0.016;SELL
2016-02-12T00:33:02.140000;2016-02-12T00:33:02.383000;e95d4ed2-4f24-4185-b9c9-25b3387d65e1;377.73;0.016;SELL
2016-02-12T00:33:02.143000;2016-02-12T00:33:02.383000;cc66f913-9efa-44ee-808c-84c80c7d3ad8;377.73;0.69;SELL
2016-02-12T00:33:02.143000;2016-02-12T00:33:02.383000;ffee0448-b422-44f7-987d-29d6c68fcd8d;377.73;1.31363;SELL
2016-02-12T00:33:32.947000;2016-02-12T00:33:32.977000;11d1e27f-9316-4185-a82a-04f653e25623;377.9;0.01;SELL
2016-02-12T00:33:32.947000;2016-02-12T00:33:32.993000;f2e5b088-a15f-4681-b169-b171836b9223;377.9;0.073;SELL
2016-02-12T00:33:32.947000;2016-02-12T00:33:32.993000;8640014a-4d19-499e-8923-c6a6d2891a36;377.89;0.01;SELL
2016-02-12T00:33:32.947000;2016-02-12T00:33:32.993000;fe23b6fd-3993-40ba-9bd0-2001b8361081;377.87;0.081;SELL
2016-02-12T00:33:32.947000;2016-02-12T00:33:32.993000;ae4df09c-f91e-43dc-9bad-4846dc33cb3f;377.86;0.01;SELL
2016-02-12T00:33:32.947000;2016-02-12T00:33:32.993000;15a15166-dd73-499c-aede-511b412b757e;377.85;0.01;SELL
2016-02-12T00:33:32.950000;2016-02-12T00:33:32.993000;3dd44ff4-1ee0-4644-b624-73e8e63aac9d;377.84;0.128;SELL
2016-02-12T00:33:32.950000;2016-02-12T00:33:33.007000;c8166c29-eaf3-4694-aa8e-f63be2ff5008;377.82;0.01;SELL
2016-02-12T00:33:32.950000;2016-02-12T00:33:33.070000;e6687a37-fcc2-48e6-89b4-251862259549;377.82;0.01;SELL
2016-02-12T00:33:32.950000;2016-02-12T00:33:33.070000;14c4da42-b15b-45eb-9da6-d232bcd693c9;377.81;0.128;SELL
2016-02-12T00:33:32.950000;2016-02-12T00:33:33.070000;6b089c51-6623-46dd-8629-5cee06481ae5;377.78;0.076;SELL
2016-02-12T00:33:32.950000;2016-02-12T00:33:33.070000;b34a9275-6f66-4d0b-ac2d-bf97c8fefbc4;377.75;0.113;SELL
2016-02-12T00:33:32.950000;2016-02-12T00:33:33.070000;502cd0de-d0c8-492a-ac62-0d503ba6b8d4;377.72;0.02;SELL
2016-02-12T00:33:32.950000;2016-02-12T00:33:33.087000;e5935b9c-cd5b-42bd-b4c6-80e40250e994;377.72;0.079;SELL
2016-02-12T00:33:32.950000;2016-02-12T00:33:33.087000;0d3f6a33-c55d-4366-a5a9-ee1fb118a0ec;377.69;0.072;SELL
2016-02-12T00:33:32.950000;2016-02-12T00:33:33.087000;f7525baa-d375-42e6-ab2b-1f8dded7a47e;377.67;0.01;SELL
2016-02-12T00:33:32.950000;2016-02-12T00:33:33.087000;7058796c-0a2d-4006-8ce6-b45866e20f9d;377.66;0.102;SELL
2016-02-12T00:33:32.950000;2016-02-12T00:33:33.087000;802f0fac-1e5d-4f1d-b1c6-6e5b0a4a016d;377.63;0.088;SELL
2016-02-12T00:33:32.950000;2016-02-12T00:33:33.100000;3df1696d-1130-4c40-81ab-90ea23002e40;377.61;0.413;SELL
2016-02-12T00:33:32.950000;2016-02-12T00:33:33.100000;921f2062-9c2d-4a0e-9989-a63683c16484;377.6;0.109;SELL
2016-02-12T00:33:32.953000;2016-02-12T00:33:33.100000;a8a2aa77-b677-4b1d-a6c0-71a7fc15390c;377.57;0.089;SELL
2016-02-12T00:33:32.953000;2016-02-12T00:33:33.100000;3a61c1ab-d8e6-4c81-8e58-8765a09f7b5b;377.55;0.01;SELL
2016-02-12T00:33:32.953000;2016-02-12T00:33:33.100000;3a1548db-2570-428a-8e29-7f438efe95c3;377.55;0.23;SELL
2016-02-12T00:33:32.953000;2016-02-12T00:33:33.100000;5c655e28-1e68-463b-b8f2-667fd07cc92b;377.54;0.116;SELL
2016-02-12T00:33:32.953000;2016-02-12T00:33:33.100000;5651f45f-a8a4-446e-b47c-9e3408389b0e;377.54;0.46;SELL
2016-02-12T00:33:32.953000;2016-02-12T00:33:33.100000;f93f04eb-469d-4b58-9a7f-d02aedf0c615;377.53;0.01;SELL
2016-02-12T00:33:32.953000;2016-02-12T00:33:33.100000;934d04bb-aa6a-46c2-aae3-590b3a384e69;377.53;0.69;SELL
2016-02-12T00:33:32.953000;2016-02-12T00:33:33.100000;7ccbd9a4-3581-4ae3-83c9-b44985aa93d0;377.52;0.01;SELL
2016-02-12T00:33:32.953000;2016-02-12T00:33:33.100000;1ca523ce-31dc-4c48-9f6f-00af518d8d1f;377.52;0.68714;SELL
2016-02-12T00:33:42.797000;2016-02-12T00:33:42.837000;a224f5d3-23a8-4b7f-829d-80f8de0b34ba;377.68;0.01;SELL
2016-02-12T00:33:42.797000;2016-02-12T00:33:42.837000;304a4e45-c7d0-489a-84ff-4195af1e0d9b;377.68;0.115;SELL
2016-02-12T00:33:42.800000;2016-02-12T00:33:42.837000;ab01105b-0f3d-42f0-a0ce-f77d029c68a6;377.67;0.01;SELL
2016-02-12T00:33:42.800000;2016-02-12T00:33:42.837000;08208b0c-70a7-458f-982e-741297015e30;377.65;0.01;SELL
2016-02-12T00:33:42.800000;2016-02-12T00:33:42.837000;16b17298-13f9-4534-931a-827409d09236;377.65;0.0772;SELL
2016-02-12T00:34:02.123000;2016-02-12T00:34:02.163000;90633e99-2da4-4cb4-a3c7-3796efa7f2cc;377.78;0.01;BUY
2016-02-12T00:34:02.123000;2016-02-12T00:34:02.163000;a3c34460-5242-42b5-b624-1f00ff6930cb;377.78;0.01;BUY
2016-02-12T00:34:02.123000;2016-02-12T00:34:02.180000;77ffab93-8e66-4abf-bb33-7d45d6578d14;377.81;0.01;BUY
2016-02-12T00:34:02.123000;2016-02-12T00:34:02.180000;8641b01f-0448-4ed2-8276-22b9df9af5fb;377.82;0.25;BUY
2016-02-12T00:34:02.123000;2016-02-12T00:34:02.180000;71cde7eb-7907-4271-9b1e-f5343c2608b3;377.83;0.01;BUY
2016-02-12T00:34:02.123000;2016-02-12T00:34:02.193000;b12832f3-2d9f-4367-af48-09225bcb9a2c;377.83;0.01;BUY
2016-02-12T00:34:02.123000;2016-02-12T00:34:02.193000;cde64e57-40b8-4979-9789-fc01e2e5ebbf;377.84;0.01;BUY
2016-02-12T00:34:02.123000;2016-02-12T00:34:02.193000;d0cf6dbd-10e8-4144-a4df-9816a6c3d7d1;377.86;0.01;BUY
2016-02-12T00:34:02.123000;2016-02-12T00:34:02.193000;35774046-f394-4b47-b110-e011f2d5b428;377.9;0.01;BUY
2016-02-12T00:34:02.123000;2016-02-12T00:34:02.193000;1ee8cb49-2d49-4487-9fd1-ba759e6842fb;377.91;0.41;BUY
2016-02-12T00:34:02.123000;2016-02-12T00:34:02.193000;56193a26-69e1-436a-9e93-33dd8cd655d7;377.98;0.078;BUY
2016-02-12T00:34:02.123000;2016-02-12T00:34:02.193000;7aaf1e13-12cf-428d-9537-5d40094f28e7;377.99;0.92;BUY
2016-02-12T00:34:02.123000;2016-02-12T00:34:02.193000;2b0e573c-3dff-46c0-9d58-8b6e210f9d18;378.0;0.01;BUY
2016-02-12T00:34:02.127000;2016-02-12T00:34:02.193000;646b5753-205a-4246-b818-1f0e6a8429df;378.01;0.35613;BUY
2016-02-12T00:34:31.833000;2016-02-12T00:34:31.867000;0ec249dc-8bac-42ec-b1ab-203a03f5ea62;377.88;0.01;SELL
2016-02-12T00:34:31.833000;2016-02-12T00:34:31.883000;cff0a5e6-b2dd-4582-8b20-c6a7c7deb31b;377.88;0.05015;SELL
2016-02-12T00:35:02.053000;2016-02-12T00:35:02.087000;6fa211b5-ba7c-4f0b-8cac-b400f165c604;377.89;0.015;SELL
2016-02-12T00:35:02.053000;2016-02-12T00:35:02.100000;19e3df86-219c-4a31-ba95-de7c6bf141a1;377.89;0.092;SELL
2016-02-12T00:35:02.053000;2016-02-12T00:35:02.100000;2d1d55c1-5a5a-42a4-b049-38b04d775730;377.89;0.32;SELL
2016-02-12T00:35:02.053000;2016-02-12T00:35:02.100000;d48a1bfa-d70c-4eea-905b-129dfccc8f76;377.88;0.158;SELL
2016-02-12T00:35:02.053000;2016-02-12T00:35:02.100000;732f1c0c-54de-4236-84b5-7d778a007676;377.87;0.115;SELL
2016-02-12T00:35:02.053000;2016-02-12T00:35:02.180000;d50798ba-ce1f-4910-a97e-724cb34f8dac;377.86;0.015;SELL
2016-02-12T00:35:02.053000;2016-02-12T00:35:02.180000;a97ba010-3f42-4ae1-9f1e-d0223744d313;377.85;0.015;SELL
2016-02-12T00:35:02.053000;2016-02-12T00:35:02.180000;d31841ce-ad25-43c9-8581-0ba7fbafeae1;377.84;0.015;SELL
2016-02-12T00:35:02.053000;2016-02-12T00:35:02.180000;fdc8f5f0-183e-4720-97cf-8d8b1c5c7400;377.83;0.144;SELL
2016-02-12T00:35:02.053000;2016-02-12T00:35:02.180000;5e70236a-d3df-4456-b9bb-47fe0bf67bca;377.82;0.13;SELL
2016-02-12T00:35:02.057000;2016-02-12T00:35:02.193000;e0716203-42fa-4b0b-8e59-aaffafead7ac;377.8;0.01;SELL
2016-02-12T00:35:02.057000;2016-02-12T00:35:02.193000;3e7405b5-abd5-4e5d-ab1b-2f0649c42da0;377.8;0.01;SELL
2016-02-12T00:35:02.057000;2016-02-12T00:35:02.193000;a4940f31-1163-499b-978d-947f5015b782;377.79;0.121;SELL
2016-02-12T00:35:02.057000;2016-02-12T00:35:02.193000;a23ec322-9f20-42d1-9e23-9dfba37034e2;377.77;0.01;SELL
2016-02-12T00:35:02.057000;2016-02-12T00:35:02.193000;84f8ab97-77de-4971-aeb4-6ee6b7cc7b16;377.76;0.01;SELL
2016-02-12T00:35:02.057000;2016-02-12T00:35:02.193000;4485ec63-839b-4a7f-9e59-d4cbdef26bb4;377.75;0.01;SELL
2016-02-12T00:35:02.057000;2016-02-12T00:35:02.193000;b36bbd71-b94b-48b1-980c-3ae8c02037a7;377.74;0.199;SELL
2016-02-12T00:35:02.057000;2016-02-12T00:35:02.193000;f4d5dc37-44c7-40d1-8101-3d1e3756ffcc;377.73;0.01;SELL
2016-02-12T00:35:02.057000;2016-02-12T00:35:02.193000;df9077a8-efa9-4ae9-a0ff-694240c75861;377.73;0.127;SELL
2016-02-12T00:35:02.057000;2016-02-12T00:35:02.193000;17ce0f3a-1152-4699-9db2-c2d38d13a088;377.73;0.01;SELL
2016-02-12T00:35:02.057000;2016-02-12T00:35:02.193000;c6ef1dfe-3386-4427-8e9d-5ad392bc6fa1;377.69;0.016;SELL
2016-02-12T00:35:02.057000;2016-02-12T00:35:02.193000;8ba5fbab-b133-4a4f-870c-aafe57400bd0;377.69;0.0704;SELL
2016-02-12T00:35:32.567000;2016-02-12T00:35:32.587000;d6181513-2cb5-4c3f-b490-55ca98e6f190;377.81;1.41604;BUY
2016-02-12T00:36:02.087000;2016-02-12T00:36:02.117000;8e856022-4457-4879-88d7-84c00d8be6a0;377.81;1.81385;BUY
2016-02-12T00:36:11.430000;2016-02-12T00:36:11.443000;92d67289-2375-4fea-be47-94179eb90f7f;377.8;0.015;SELL
2016-02-12T00:36:11.430000;2016-02-12T00:36:11.460000;baea39ad-5423-4b57-80a9-80e839860c83;377.79;0.015;SELL
2016-02-12T00:36:11.430000;2016-02-12T00:36:11.460000;91eacf54-82a4-400d-a7d5-c03b88cbd8e6;377.78;0.015;SELL
2016-02-12T00:36:16.327000;2016-02-12T00:36:16.350000;ddf7d387-cac7-48d1-b823-738ccf67ddbc;377.75;0.01;SELL
2016-02-12T00:36:16.327000;2016-02-12T00:36:16.350000;4cc47344-2b8b-40dc-b51e-47915656210b;377.75;0.01;SELL
2016-02-12T00:36:21.820000;2016-02-12T00:36:21.837000;239176f1-cae9-47e0-879f-dc79989ac445;377.72;0.01;SELL
2016-02-12T00:36:21.820000;2016-02-12T00:36:21.867000;f31e7d09-1dbd-4c40-a63f-069d42f6a34e;377.68;0.016;SELL
2016-02-12T00:36:21.820000;2016-02-12T00:36:21.867000;474d2152-eaeb-4cff-a5c0-e4852ad81d23;377.67;0.016;SELL
2016-02-12T00:36:31.947000;2016-02-12T00:36:31.960000;80dc3ff7-cfa0-4198-a6bb-127d9d68418e;377.65;1.90175;BUY
2016-02-12T00:38:03.633000;2016-02-12T00:38:03.647000;b60111af-01c6-49ee-aa5c-b9c65a7169b0;377.65;0.65864;BUY
2016-02-12T00:38:06.307000;2016-02-12T00:38:06.320000;233743d9-a29e-4b27-99fc-cb18faa8f37d;377.65;0.07;BUY
2016-02-12T00:38:32.100000;2016-02-12T00:38:32.117000;60783ed0-7248-4043-a6d1-503c50622914;377.65;1.374;BUY
2016-02-12T00:38:50.947000;2016-02-12T00:38:50.960000;2fcde495-a3e7-436c-a3e9-748b4940bc4f;377.65;0.15;BUY
2016-02-12T00:39:02.140000;2016-02-12T00:39:02.147000;6b1c7e81-8253-4232-99a2-61a5573c2fc9;377.65;2.63751;BUY
2016-02-12T00:39:11.047000;2016-02-12T00:39:11.053000;e8718f63-95ea-439a-8430-5f2f8fc6845e;377.65;0.091607;BUY
2016-02-12T00:39:54.173000;2016-02-12T00:39:54.197000;552d7fc9-a20e-4a97-a9b8-25de78a9fbc2;377.65;0.28;BUY
2016-02-12T00:40:02.283000;2016-02-12T00:40:02.290000;5cefc36e-7d0e-4229-a336-9fbea6ca690a;377.65;0.34566;BUY
2016-02-12T00:40:32.187000;2016-02-12T00:40:32.210000;078495ed-f63c-4c80-8634-fa276165406e;377.65;0.42133;BUY
2016-02-12T00:41:02.233000;2016-02-12T00:41:02.243000;e0e697ca-882b-4b73-b7db-6b0eecbe9097;377.65;0.86612;BUY
2016-02-12T00:41:31.843000;2016-02-12T00:41:31.850000;b4a9f768-a036-48b4-8be4-5a47fa6a2604;377.65;1.51289;BUY
2016-02-12T00:41:50.627000;2016-02-12T00:41:50.647000;f19154a0-4b63-4bb3-935b-3ffb3c4b2967;377.65;0.38779;BUY
2016-02-12T00:41:50.630000;2016-02-12T00:41:50.647000;aeaa417c-88e0-4feb-b38c-a6ce27949440;377.65;0.29469;BUY
2016-02-12T00:41:50.640000;2016-02-12T00:41:50.663000;d2a9f9fd-6e20-4d66-849c-860a94a6e735;377.65;0.392;BUY
2016-02-12T00:42:02.083000;2016-02-12T00:42:02.107000;c17b7ea2-5669-4365-99c9-0df7149067e3;377.64;0.01;SELL
2016-02-12T00:42:02.083000;2016-02-12T00:42:02.123000;6d9791ea-d05b-4452-a7ae-f78bf26dd75f;377.64;0.01;SELL
2016-02-12T00:42:03.247000;2016-02-12T00:42:03.297000;2ec5a2fe-8929-4ec9-bc65-6894858e8991;377.64;1.05267;BUY
2016-02-12T00:42:05.857000;2016-02-12T00:42:05.890000;8b4a98fc-e5be-4a1d-8ee6-fc95f9b75b3e;377.64;1.74433222;BUY
2016-02-12T00:42:06.830000;2016-02-12T00:42:06.857000;ef794bae-cbaa-4081-99b7-67284e12e51d;377.64;1.74433222;BUY
2016-02-12T00:42:07.090000;2016-02-12T00:42:07.123000;b1c0e0ca-3bbd-4bde-8a0b-063708c50a60;377.64;1.74433222;BUY
2016-02-12T00:42:07.347000;2016-02-12T00:42:07.373000;3121c484-deac-44ca-8789-5532405c0434;377.64;1.74433222;BUY
2016-02-12T00:42:08.340000;2016-02-12T00:42:08.373000;92532e44-b078-4757-a7a4-9c1d150c0354;377.64;1.74433222;BUY
2016-02-12T00:42:32.087000;2016-02-12T00:42:32.107000;d7307331-6cfd-45f9-8f73-af558bf0f89f;377.64;0.2056689;BUY
2016-02-12T00:42:32.087000;2016-02-12T00:42:32.123000;77e0286f-c930-4059-a21f-679967604db3;377.64;0.1883811;BUY
2016-02-12T00:43:02.917000;2016-02-12T00:43:02.937000;36539f2f-3073-4b8d-ac76-0452f846c933;377.64;0.15851;BUY
2016-02-12T00:43:34.847000;2016-02-12T00:43:34.873000;5359f351-e212-4289-8fa9-0d129acac7d3;377.64;1.34139;BUY
2016-02-12T00:44:02.457000;2016-02-12T00:44:02.483000;19bee070-2247-4c36-a7dd-4e3e3a0b0ea3;377.64;0.77544;BUY
2016-02-12T00:44:44.380000;2016-02-12T00:44:44.403000;66ea163d-59c7-4715-a6a7-c637673f6b4c;377.64;0.82632;BUY
2016-02-12T00:45:05.080000;2016-02-12T00:45:05.107000;cc385878-310a-4873-8d79-086baa3b76d4;377.64;2.00073;BUY
2016-02-12T00:45:38.670000;2016-02-12T00:45:38.687000;d00b48e9-c4b8-47dd-a5cc-05fd10d1b8b2;377.64;1.86776;BUY
2016-02-12T00:46:17.993000;2016-02-12T00:46:18.013000;fd2e440a-14f2-4b1d-b763-97845b244c29;377.64;0.44854;BUY
2016-02-12T00:46:34.880000;2016-02-12T00:46:34.903000;a9975dde-d615-4c5f-83e7-f7220e8a019a;377.63;0.012;SELL
2016-02-12T00:46:34.880000;2016-02-12T00:46:34.903000;7b38af7c-d3fb-4bb8-b05f-8ec7e222eac4;377.62;0.012;SELL
2016-02-12T00:46:34.883000;2016-02-12T00:46:34.920000;e9f07d27-4884-4090-a838-2d1f3070b640;377.61;0.119;SELL
2016-02-12T00:46:34.883000;2016-02-12T00:46:34.920000;8ef02aca-3966-40b4-80a2-4676d13b5646;377.61;0.52966669;SELL
2016-02-12T00:46:34.883000;2016-02-12T00:46:34.983000;7f157da1-1c47-4cab-886f-68bf385fa8a7;377.6;0.01;SELL
2016-02-12T00:46:34.883000;2016-02-12T00:46:35.000000;0813d2c4-5ae0-4174-9494-6ca0da93aed4;377.6;0.01;SELL
2016-02-12T00:46:34.883000;2016-02-12T00:46:35.000000;73837e19-00af-4911-a544-7e221c13c24c;377.58;0.127;SELL
2016-02-12T00:46:34.883000;2016-02-12T00:46:35.000000;85dfbe34-2852-4519-8dfb-98ba05639ea1;377.58;0.22893331;SELL
2016-02-12T00:47:02.823000;2016-02-12T00:47:02.843000;da6cc657-45bc-45e0-be24-15483a818860;377.63;0.01;SELL
2016-02-12T00:47:17.110000;2016-02-12T00:47:17.123000;c8706771-56e2-4672-baa1-d69fd01296a4;377.64;0.82177;BUY
2016-02-12T00:47:34.537000;2016-02-12T00:47:34.547000;9683a31e-0d82-41e0-9395-6857f3f4e298;377.64;0.39856;BUY
2016-02-12T00:48:04.273000;2016-02-12T00:48:04.280000;ddf45955-a28f-404a-804c-17eeb7dec8b4;377.64;0.24029;BUY
2016-02-12T00:49:10.183000;2016-02-12T00:49:10.203000;8d309356-0891-41a2-9428-b6b29b46db36;377.64;0.5376;BUY
2016-02-12T00:49:36.590000;2016-02-12T00:49:36.593000;d5a993b6-5e5e-4b57-91e6-5c4cfbd106ad;377.64;2.03503;BUY
2016-02-12T00:50:05.757000;2016-02-12T00:50:05.763000;f0ebf3e4-4292-4cb3-bdfb-060f191760f4;377.64;0.04165658;BUY
2016-02-12T00:50:10.287000;2016-02-12T00:50:10.297000;26298a2e-31b3-4c79-a18b-9897c71e337a;377.64;0.58818;BUY
2016-02-12T00:50:16.683000;2016-02-12T00:50:16.687000;9b1c0ee6-01f7-485c-9ad4-5f68c2a6adc5;377.64;0.37;BUY
2016-02-12T00:50:47.397000;2016-02-12T00:50:47.403000;80d53c3c-7069-4f2f-80b5-60a4de64ca60;377.64;1.84732;BUY
2016-02-12T00:51:03.663000;2016-02-12T00:51:03.670000;66e93f84-56e8-4e71-90c8-71ff43b9a9fd;377.64;0.51252232;BUY
2016-02-12T00:51:03.663000;2016-02-12T00:51:03.687000;23e351c5-113c-4718-a4b6-2397d9b37dca;377.64;0.278;BUY
2016-02-12T00:51:03.663000;2016-02-12T00:51:03.687000;963f682a-686f-4890-a290-ae052abe0762;377.64;0.03;BUY
2016-02-12T00:51:03.663000;2016-02-12T00:51:03.687000;9266b060-b058-4004-aa9d-32f593b87354;377.64;10.0;BUY
2016-02-12T00:51:03.663000;2016-02-12T00:51:03.687000;96f07e4c-e16f-476c-8ef9-94a1fa5a74f1;377.68;1.247;BUY
2016-02-12T00:51:03.663000;2016-02-12T00:51:03.780000;571c4594-2e92-4851-ad5c-1d8288658e45;377.68;7.89223;BUY
2016-02-12T00:51:03.663000;2016-02-12T00:51:03.780000;a7df5dbd-5e52-4e35-91eb-68fd0f55873f;377.7;1.23;BUY
2016-02-12T00:51:03.663000;2016-02-12T00:51:03.780000;6883ac94-72e6-4767-b6ba-174dbd8c3607;377.71;0.14;BUY
2016-02-12T00:51:03.663000;2016-02-12T00:51:03.780000;d09c2c1c-1414-4ded-b732-d9275997d208;377.71;1.252;BUY
2016-02-12T00:51:03.663000;2016-02-12T00:51:03.780000;10735d9f-ef39-4516-a3ee-24dfb898679e;377.72;1.25;BUY
2016-02-12T00:51:03.663000;2016-02-12T00:51:03.780000;6145d952-7377-44e6-8b0a-1edfb53bcde7;377.73;1.26;BUY
2016-02-12T00:51:03.663000;2016-02-12T00:51:03.780000;40c664b8-0715-43c7-85f3-b0c3b2609597;377.75;0.01;BUY
2016-02-12T00:51:03.663000;2016-02-12T00:51:03.780000;f19c6153-d340-4e28-a307-f2c018a20420;377.75;1.253;BUY
2016-02-12T00:51:03.663000;2016-02-12T00:51:03.780000;5af988f8-3b3c-4b88-a8dd-aadd6eb338c5;377.77;1.283;BUY
2016-02-12T00:51:03.667000;2016-02-12T00:51:03.780000;41a69df7-81bb-42be-b654-3fd1b9fc722d;377.79;3.49;BUY
2016-02-12T00:51:03.667000;2016-02-12T00:51:03.780000;489108af-c323-4e69-9775-1cff48018996;377.8;1.238;BUY
2016-02-12T00:51:03.667000;2016-02-12T00:51:03.780000;ac7ef09e-e6b3-4c31-9215-f27cccb8ffa0;377.82;4.78;BUY
2016-02-12T00:51:03.667000;2016-02-12T00:51:03.780000;b743de2a-60d2-40be-bda5-2b4dba552e7f;377.83;1.262;BUY
2016-02-12T00:51:03.667000;2016-02-12T00:51:03.780000;78217b28-6cd3-498e-86fc-755331d42579;377.85;0.01;BUY
2016-02-12T00:51:03.667000;2016-02-12T00:51:03.780000;330afe9c-c0f4-4097-9eaa-0cea81c8e9c5;377.85;10.19;BUY
2016-02-12T00:51:03.667000;2016-02-12T00:51:03.780000;22003589-df0e-449e-8df2-e8f45793f602;377.86;1.10728768;BUY
2016-02-12T00:52:13.647000;2016-02-12T00:52:13.653000;f0cce1a3-809a-4643-a5fe-ff223a07e2cf;377.7;2.80271;BUY
2016-02-12T00:52:34.127000;2016-02-12T00:52:34.123000;a7a55cee-e72e-4819-ae03-48fc956133b1;377.7;0.12555;BUY
2016-02-12T00:53:35.210000;2016-02-12T00:53:35.217000;d0429cce-0785-4730-bcd8-5951629ab2f7;377.69;0.01;SELL
2016-02-12T00:53:35.210000;2016-02-12T00:53:35.250000;d3cf7450-dc2a-4f9f-b6bf-0572653e089b;377.69;0.117;SELL
2016-02-12T00:53:35.210000;2016-02-12T00:53:35.280000;d4a437ec-a551-4c20-b9ff-a12214416f28;377.68;0.01;SELL
2016-02-12T00:53:35.210000;2016-02-12T00:53:35.280000;cf3c4149-d737-4e9a-8f19-75601bcdf5a3;377.68;0.00323;SELL
2016-02-12T00:54:05.233000;2016-02-12T00:54:05.233000;403b34d0-e385-4ab0-b079-86086b563a91;377.69;0.01;SELL
2016-02-12T00:54:05.233000;2016-02-12T00:54:05.250000;059a7f8b-3c70-4786-9417-bdf4576cacd8;377.68;0.01821;SELL
2016-02-12T00:54:24.543000;2016-02-12T00:54:24.547000;755db182-77a3-4c77-bd39-c1e2d527398e;377.7;0.37;BUY
2016-02-12T00:54:35.240000;2016-02-12T00:54:35.233000;c95c08d9-9685-4ddf-8be1-0dd84ff4d6fb;377.7;0.8767;BUY
2016-02-12T00:54:49.337000;2016-02-12T00:54:49.343000;673c40d7-74e7-43f2-bdce-6e3f19c03cf1;377.7;0.2493;BUY
2016-02-12T00:54:49.357000;2016-02-12T00:54:49.357000;6e1b382a-0004-4dd4-87f7-2a0b7d2999a2;377.7;0.45675;BUY
2016-02-12T00:55:08.473000;2016-02-12T00:55:08.467000;80f8a0a9-cc0e-4961-b973-795835c01690;377.69;0.01;SELL
2016-02-12T00:55:08.477000;2016-02-12T00:55:08.483000;109bf83e-3a9e-45d6-9433-d0560999cc65;377.68;0.36338;SELL
2016-02-12T00:55:37.750000;2016-02-12T00:55:37.750000;af2b6e1c-9495-4b69-bc7b-f2248f977be0;377.7;0.37097;BUY
2016-02-12T00:56:05.697000;2016-02-12T00:56:05.687000;d43d953b-493d-44c1-b48a-ed2b04c66718;377.7;0.06951;BUY
2016-02-12T00:56:33.673000;2016-02-12T00:56:33.670000;747a187c-aa9a-4261-a85c-2e0c64160d1b;377.7;0.57798;BUY
2016-02-12T00:57:09.207000;2016-02-12T00:57:09.387000;02f1d2c0-1f05-4135-af72-044a155f8287;377.7;0.45127;BUY
2016-02-12T00:57:39.813000;2016-02-12T00:57:39.997000;9a622ade-2193-4052-b67b-d829f3ee518f;377.7;1.26372;BUY
2016-02-12T00:58:14.080000;2016-02-12T00:58:14.260000;4f255dae-9f81-44cb-9cdd-1da43af4fc29;377.7;0.52712;BUY
2016-02-12T00:58:31.897000;2016-02-12T00:58:32.073000;cae62ed7-9007-41b9-b6ee-bfe31f4e72c7;377.69;0.012;SELL
2016-02-12T00:58:35.940000;2016-02-12T00:58:36.120000;6d37cd96-4726-4b99-8005-8de9c7fed63e;377.69;0.36816;BUY
2016-02-12T00:58:50.763000;2016-02-12T00:58:50.933000;239b7834-3899-483f-9c8e-798265701409;377.69;0.06;BUY
2016-02-12T00:59:01.823000;2016-02-12T00:59:01.997000;43aa18b1-e711-4476-a67b-7b28d0df03de;377.69;0.44745;BUY
2016-02-12T00:59:01.850000;2016-02-12T00:59:02.027000;9bb33bc9-85d4-45c7-9d75-500fe0e2fae0;377.69;0.13169;BUY
2016-02-12T00:59:01.953000;2016-02-12T00:59:02.120000;85271edb-f338-4850-81a8-f664a04a5503;377.69;0.03186325;BUY
2016-02-12T00:59:01.960000;2016-02-12T00:59:02.137000;251847a0-7c51-4a93-bae8-ece3e8726416;377.69;0.01813675;BUY
2016-02-12T00:59:23.777000;2016-02-12T00:59:23.950000;d6da1248-7dbd-4b9d-a125-c3dfd6de5a0a;377.69;0.9307;BUY
2016-02-12T00:59:23.780000;2016-02-12T00:59:23.963000;f4056d8f-a6c5-4684-a78f-503c5246444d;377.7;4.19603;BUY
2016-02-12T00:59:36.363000;2016-02-12T00:59:36.543000;aa784221-d05d-43a5-9bd6-e70cf3e567d2;377.69;0.013;SELL
2016-02-12T00:59:36.363000;2016-02-12T00:59:36.557000;4e6c72c1-cc97-4f53-9634-17f9dec239be;377.68;0.14472887;SELL
2016-02-12T00:59:36.363000;2016-02-12T00:59:36.557000;e42f8ce8-ca7d-41a8-8bb7-ec082189bda6;377.67;0.097;SELL
2016-02-12T00:59:36.363000;2016-02-12T00:59:36.557000;581b76f8-f348-4685-9bd9-821783cd1785;377.66;0.01;SELL
2016-02-12T00:59:36.363000;2016-02-12T00:59:36.557000;601660a5-8ae0-41e7-a98f-7df299e322e2;377.66;0.01;SELL
2016-02-12T00:59:36.363000;2016-02-12T00:59:36.620000;e12eb069-5301-41c0-ab1a-9c3cc35d66cb;377.66;0.114;SELL
2016-02-12T00:59:36.367000;2016-02-12T00:59:36.650000;db8bc9b9-7c89-4dfb-922c-3829cc0615ac;377.65;0.126;SELL
2016-02-12T00:59:36.367000;2016-02-12T00:59:36.650000;5b28ab1c-44ba-48f2-9c4b-fe7ee6184416;377.64;0.09;SELL
2016-02-12T00:59:36.367000;2016-02-12T00:59:36.650000;9684c5cf-3da0-4c08-9dad-70d3f6f2d6e0;377.63;0.01;SELL
2016-02-12T00:59:36.367000;2016-02-12T00:59:36.650000;dafa5e1c-9ea9-4a77-ac6a-807de9d676c4;377.62;0.01;SELL
2016-02-12T00:59:36.367000;2016-02-12T00:59:36.650000;54470de6-746e-4016-abf0-3eeef36ad550;377.61;0.01;SELL
2016-02-12T00:59:36.367000;2016-02-12T00:59:36.650000;6cfd12e6-f32f-4697-b743-83a645a44f2e;377.61;0.087;SELL
2016-02-12T00:59:36.367000;2016-02-12T00:59:36.650000;2497f46d-0066-4c7c-b9a5-9dcbbcd65181;377.58;1.51539891;SELL
2016-02-12T00:59:36.367000;2016-02-12T00:59:36.650000;cc14a785-ef03-4543-8539-703565fd8e7c;377.58;0.082;SELL
2016-02-12T00:59:36.367000;2016-02-12T00:59:36.650000;94a0bc27-ac31-41bc-a9ab-b4afd56215c8;377.55;0.102;SELL
2016-02-12T00:59:36.367000;2016-02-12T00:59:36.650000;5eb57652-99e5-49b0-876b-debc5014c73c;377.52;0.086;SELL
2016-02-12T00:59:36.367000;2016-02-12T00:59:36.650000;585cef9f-9cb0-441c-b4d4-2c63a8fdfb1a;377.51;0.01;SELL
2016-02-12T00:59:36.367000;2016-02-12T00:59:36.650000;0193caf2-2534-4540-b190-a0bb73e6f583;377.5;0.0115;SELL
2016-02-12T00:59:36.367000;2016-02-12T00:59:36.650000;bef3cfeb-710c-4d99-90dc-1c895b446b4b;377.49;1.61244222;SELL
2016-02-12T01:00:14.257000;2016-02-12T01:00:14.433000;696f6e51-80c2-47a1-a6b0-46fd2b92b1b9;377.66;0.01;BUY
2016-02-12T01:00:14.257000;2016-02-12T01:00:14.433000;aeb1cdc1-f9b1-4cdd-9234-5605494cbf8b;377.66;0.01;BUY
2016-02-12T01:00:14.257000;2016-02-12T01:00:14.450000;7ac59030-9428-4d90-af59-d3281a893e9c;377.69;0.01;BUY
2016-02-12T01:00:14.257000;2016-02-12T01:00:14.450000;f86e52b5-913a-4b94-b0b9-1cd4237df589;377.7;2.66239;BUY
2016-02-12T01:00:14.257000;2016-02-12T01:00:14.450000;d0d09f8d-053c-4fc3-8a2a-98360bb1e52d;377.75;0.24;BUY
2016-02-12T01:00:14.257000;2016-02-12T01:00:14.450000;8716ada8-ba54-4d1e-b18f-f6e1033cc5db;377.77;1.37225;BUY
2016-02-12T01:00:35.733000;2016-02-12T01:00:35.900000;ec2ef27f-fd6b-4967-9616-52149cc1ef5c;377.77;0.1275;BUY
2016-02-12T01:01:04.597000;2016-02-12T01:01:04.760000;963da65f-b0f0-4eb5-b5cf-6d14c1a35a0d;377.79;0.06;BUY
2016-02-12T01:01:05.103000;2016-02-12T01:01:05.293000;aa0d24ba-1385-441e-8b07-b7ff62975bc8;377.73;0.012;SELL
2016-02-12T01:01:05.103000;2016-02-12T01:01:05.293000;34d65070-a0fe-46e7-b391-055d7369ce8f;377.72;0.012;SELL
2016-02-12T01:01:05.103000;2016-02-12T01:01:05.293000;96dcd661-1b55-4797-bff0-63188b51ea46;377.71;0.012;SELL
2016-02-12T01:01:05.107000;2016-02-12T01:01:05.293000;36163e06-0829-4ab2-b9b3-a671f636f9e8;377.71;0.075;SELL
2016-02-12T01:01:05.107000;2016-02-12T01:01:05.293000;93ab588b-41e8-4a51-97b7-997a5055d729;377.7;0.012;SELL
2016-02-12T01:01:05.107000;2016-02-12T01:01:05.293000;51790c9f-ea01-40d8-847a-619a7df643a1;377.69;0.012;SELL
2016-02-12T01:01:05.107000;2016-02-12T01:01:05.307000;a75d5ca0-0c67-4ced-ace4-4ed7e34358d4;377.69;0.25;SELL
