time_exchange;time_coinpai;guid;price;base_amount;taker_side
2016-01-21T00:00:02.000000;2016-01-21T00:00:02.000000;516e071e-8b11-44ec-b16a-93f02dca8fbe;419.65;0.35802034;UNKNOWN
2016-01-21T00:00:06.000000;2016-01-21T00:00:06.000000;d1619a1a-44b2-4fa4-b75b-50f2112cbea1;419.56;5.9489;UNKNOWN
2016-01-21T00:00:06.000000;2016-01-21T00:00:06.000000;bfd7198c-c8a1-417c-8880-ca2e998d4c06;419.55;3.158939;UNKNOWN
2016-01-21T00:00:06.000000;2016-01-21T00:00:06.000000;b02e03f3-4e2a-4d0c-b14e-f97e5013b4ae;419.7;0.01356651;UNKNOWN
2016-01-21T00:00:06.000000;2016-01-21T00:00:06.000000;531f48e1-27ac-4729-bb21-acd876665216;419.66;0.892161;UNKNOWN
2016-01-21T00:00:38.000000;2016-01-21T00:00:38.000000;a16d66ba-ba87-45e4-a346-29fada4c5ea9;419.7;3.0;UNKNOWN
2016-01-21T00:01:24.000000;2016-01-21T00:01:24.000000;fe226e85-d1f0-489d-bedb-c1da9faa9dfe;419.69;0.149;UNKNOWN
2016-01-21T00:02:03.000000;2016-01-21T00:02:03.000000;4ce70a8a-f3d2-4f26-a8d2-40a6443488ab;419.65;0.118;UNKNOWN
2016-01-21T00:02:03.000000;2016-01-21T00:02:03.000000;980c94a3-ebff-4978-9a13-090271742a7c;419.58;5.8852;UNKNOWN
2016-01-21T00:02:03.000000;2016-01-21T00:02:03.000000;55b79277-0288-4b8b-b32b-de603c591c12;419.57;3.0;UNKNOWN
2016-01-21T00:02:03.000000;2016-01-21T00:02:03.000000;0f61dc72-29f2-4bc6-897a-a70f0a8369b3;419.55;4.55824534;UNKNOWN
2016-01-21T00:02:03.000000;2016-01-21T00:02:03.000000;25165e6e-06d9-4d42-a87c-cb872e5801a5;419.69;2.89242344;UNKNOWN
2016-01-21T00:02:47.000000;2016-01-21T00:02:47.000000;d29b7c27-e7ce-4764-b6a3-91045abe3136;419.55;0.07155288;UNKNOWN
2016-01-21T00:02:51.000000;2016-01-21T00:02:51.000000;70507b17-5bd5-4ccb-90b1-5d1cce559d90;419.67;3.8081;UNKNOWN
2016-01-21T00:02:53.000000;2016-01-21T00:02:53.000000;7e5b2000-f0cd-4475-9851-38d08b579db5;419.66;10.0;UNKNOWN
2016-01-21T00:02:59.000000;2016-01-21T00:02:59.000000;ddce630a-9dab-489c-a6fc-edd506386c7d;419.59;12.0;UNKNOWN
2016-01-21T00:03:05.000000;2016-01-21T00:03:05.000000;abf13e66-6d8b-4e6e-bf69-9c28de1f0fbc;419.7;3.0;UNKNOWN
2016-01-21T00:03:11.000000;2016-01-21T00:03:11.000000;7ca41eee-b780-4b80-b182-a7ed914be390;419.96;0.565;UNKNOWN
2016-01-21T00:03:34.000000;2016-01-21T00:03:34.000000;5742cbae-0f16-4a2d-bb8d-ee7addf5182d;419.73;0.2;UNKNOWN
2016-01-21T00:03:47.000000;2016-01-21T00:03:47.000000;7ecba520-1133-4304-b22c-4e97d98a6992;419.68;0.094;UNKNOWN
2016-01-21T00:03:47.000000;2016-01-21T00:03:47.000000;2aac36f2-a034-499e-9b61-90847b0b81bc;419.58;0.366;UNKNOWN
2016-01-21T00:03:49.000000;2016-01-21T00:03:49.000000;bf889776-4a6d-4c10-bf99-ac54557ba450;419.58;1.0;UNKNOWN
2016-01-21T00:04:05.000000;2016-01-21T00:04:05.000000;3e8844f2-95fd-4a09-b2b3-48d5a1c0df1a;419.61;2.69014429;UNKNOWN
2016-01-21T00:04:13.000000;2016-01-21T00:04:13.000000;fe0165a9-53f5-4a9c-9d69-1956bf59cec4;419.51;0.38;UNKNOWN
2016-01-21T00:04:13.000000;2016-01-21T00:04:13.000000;e5a81d71-f368-4038-b9b7-ed9fecf82255;419.61;6.03603571;UNKNOWN
2016-01-21T00:04:13.000000;2016-01-21T00:04:13.000000;a8253861-c4f2-45b8-a0db-62125e4d9fd2;419.5;2.1186;UNKNOWN
2016-01-21T00:04:23.000000;2016-01-21T00:04:23.000000;bdbcc4ee-6371-4df2-b138-869ca55b3039;419.47;1.5;UNKNOWN
2016-01-21T00:04:30.000000;2016-01-21T00:04:30.000000;d075f3cc-6435-45de-af9a-589de27638c9;419.45;1.6509914;UNKNOWN
2016-01-21T00:04:32.000000;2016-01-21T00:04:32.000000;0ea3058d-23e2-4a2c-833f-40667ad28f7a;419.49;5.0;UNKNOWN
2016-01-21T00:04:37.000000;2016-01-21T00:04:37.000000;7b02117e-d629-4ba1-b7d8-d141d4c7a8d5;419.45;0.33399304;UNKNOWN
2016-01-21T00:04:52.000000;2016-01-21T00:04:52.000000;fd0e3aa1-e23e-4742-b867-c7b2b3ec98d0;419.45;8.01501556;UNKNOWN
2016-01-21T00:05:06.000000;2016-01-21T00:05:06.000000;78100b07-1285-4f5a-b724-f8ec4f71f64e;419.39;48.9555926;UNKNOWN
2016-01-21T00:05:23.000000;2016-01-21T00:05:23.000000;e73868b6-f483-41d5-8f2b-3742a0e253ea;419.41;9.25402;UNKNOWN
2016-01-21T00:05:32.000000;2016-01-21T00:05:32.000000;9291e6c6-9ee2-403b-97dc-079d51d9b75a;418.5;1.0;UNKNOWN
2016-01-21T00:05:32.000000;2016-01-21T00:05:32.000000;da1b5aa2-2127-4fc6-812c-2d6283dcec17;419.11;1.147396;UNKNOWN
2016-01-21T00:05:32.000000;2016-01-21T00:05:32.000000;1d9658af-12de-4412-bd34-024f0fd5dfd7;419.39;0.32;UNKNOWN
2016-01-21T00:05:32.000000;2016-01-21T00:05:32.000000;d5880a7f-1482-4ee0-a74a-9fae28101cad;419.0;4.8;UNKNOWN
2016-01-21T00:05:32.000000;2016-01-21T00:05:32.000000;51019ebd-ada8-461d-b98d-b7093a9dc429;419.0;3.0;UNKNOWN
2016-01-21T00:05:32.000000;2016-01-21T00:05:32.000000;264980f1-b238-429a-a75c-e1f6ffd071bd;419.39;1.0444074;UNKNOWN
2016-01-21T00:05:32.000000;2016-01-21T00:05:32.000000;f16b016d-f2b9-4563-ba10-dc4541a11122;418.5;0.6881966;UNKNOWN
2016-01-21T00:06:01.000000;2016-01-21T00:06:01.000000;95e83ce1-8a58-447a-ad98-7f7fbb5f9a23;419.06;0.96568627;UNKNOWN
2016-01-21T00:06:05.000000;2016-01-21T00:06:05.000000;c538fbe2-7f42-4176-b52a-1401495c9c7a;419.06;0.62420273;UNKNOWN
2016-01-21T00:06:05.000000;2016-01-21T00:06:05.000000;ae6f1f69-b500-412b-bf28-72c9abd2a909;418.19;0.37579727;UNKNOWN
2016-01-21T00:06:15.000000;2016-01-21T00:06:15.000000;dc224de6-d127-47e9-be16-36dc6b5d7242;419.14;0.9692;UNKNOWN
2016-01-21T00:06:26.000000;2016-01-21T00:06:26.000000;9e061b55-efc4-4c53-a5d5-33e870e8d73d;419.12;4.995;UNKNOWN
2016-01-21T00:06:34.000000;2016-01-21T00:06:34.000000;51226c2f-4bdf-40f0-a274-dbd1ca75f8f7;419.12;5.4128;UNKNOWN
2016-01-21T00:06:43.000000;2016-01-21T00:06:43.000000;2be5096c-bee3-4cae-bb9e-53c8e508769b;418.19;1.8;UNKNOWN
2016-01-21T00:06:43.000000;2016-01-21T00:06:43.000000;6739bf7d-1b9a-4f9f-ba60-548eb105465d;418.41;0.2;UNKNOWN
2016-01-21T00:06:48.000000;2016-01-21T00:06:48.000000;168dcc24-a7b9-4cba-b6bd-50c4b97bde65;418.21;0.5;UNKNOWN
2016-01-21T00:06:53.000000;2016-01-21T00:06:53.000000;33e729c4-47d0-46cc-93fe-0bb90b1c56d4;418.21;1.0;UNKNOWN
2016-01-21T00:07:07.000000;2016-01-21T00:07:07.000000;9d3dda74-fea0-4c97-9e67-6c2b5d91177e;418.22;0.08937181;UNKNOWN
2016-01-21T00:07:39.000000;2016-01-21T00:07:39.000000;85423c3b-3cde-43bb-8113-f55f35174c09;418.48;0.5;UNKNOWN
2016-01-21T00:07:39.000000;2016-01-21T00:07:39.000000;c8581374-f4a1-4eef-a9e8-35641d78e165;418.49;3.0;UNKNOWN
2016-01-21T00:07:47.000000;2016-01-21T00:07:47.000000;9c81f9d6-0783-4da7-884f-137889a4b76c;418.51;0.03590305;UNKNOWN
2016-01-21T00:07:51.000000;2016-01-21T00:07:51.000000;629852ae-cfa1-4612-acec-1f61fe899310;418.51;2.0;UNKNOWN
2016-01-21T00:07:56.000000;2016-01-21T00:07:56.000000;b170deb7-b801-42f1-868c-1234e2127cf1;418.59;0.178;UNKNOWN
2016-01-21T00:07:57.000000;2016-01-21T00:07:57.000000;40a8ebfc-c33f-42f6-bd9e-de85a8682ca8;418.33;5.8984;UNKNOWN
2016-01-21T00:07:57.000000;2016-01-21T00:07:57.000000;84022535-c6c5-4559-a4b7-8262c7406f6c;418.32;8.69051695;UNKNOWN
2016-01-21T00:07:57.000000;2016-01-21T00:07:57.000000;0da744dd-650f-4e72-b0ba-6d65d4818c9f;418.32;0.84750305;UNKNOWN
2016-01-21T00:07:57.000000;2016-01-21T00:07:57.000000;1ac6a48a-d88c-488c-95fc-5493c5ac9833;418.51;2.75409695;UNKNOWN
2016-01-21T00:07:57.000000;2016-01-21T00:07:57.000000;b1cb92a0-46d1-4875-9da8-0368b4e9cee4;418.5;0.5;UNKNOWN
2016-01-21T00:07:57.000000;2016-01-21T00:07:57.000000;85ff2fc9-767e-4861-8544-2d3059e33070;418.22;0.02372819;UNKNOWN
2016-01-21T00:07:57.000000;2016-01-21T00:07:57.000000;39fc11fe-aced-49b8-a537-e4f2270c7e6c;418.04;10.29095213;UNKNOWN
2016-01-21T00:07:57.000000;2016-01-21T00:07:57.000000;28dd1542-9c54-4cec-9192-df6f7347922c;418.19;0.52420273;UNKNOWN
2016-01-21T00:07:57.000000;2016-01-21T00:07:57.000000;a62f5f90-ff35-433d-a993-5bd4a6a8c629;418.11;0.4706;UNKNOWN
2016-01-21T00:08:00.000000;2016-01-21T00:08:00.000000;651cc8f9-b045-4759-9a33-fb081be640da;418.59;0.047;UNKNOWN
2016-01-21T00:08:04.000000;2016-01-21T00:08:04.000000;af0ffb56-dde2-45ce-bb75-6f32f919b92b;418.57;0.178;UNKNOWN
2016-01-21T00:08:26.000000;2016-01-21T00:08:26.000000;077462bc-096c-4e84-b188-c786b866aa80;418.22;0.116;UNKNOWN
2016-01-21T00:08:40.000000;2016-01-21T00:08:40.000000;9eceeb4e-da47-4ad7-8474-f5a43845ca80;418.27;0.116;UNKNOWN
2016-01-21T00:08:57.000000;2016-01-21T00:08:57.000000;faaa1211-fd4f-4d51-a18e-a32a43f570f3;418.04;39.70904787;UNKNOWN
2016-01-21T00:08:57.000000;2016-01-21T00:08:57.000000;215a954d-3fcb-44fe-b3a8-2081966d365c;418.05;18.11;UNKNOWN
2016-01-21T00:08:57.000000;2016-01-21T00:08:57.000000;b64f0c92-49f2-42f8-a8fa-15cb7c6b1e66;418.24;5.958;UNKNOWN
2016-01-21T00:08:57.000000;2016-01-21T00:08:57.000000;e99189d9-62ba-4ae4-b203-21d262fcf0cf;418.23;1.89;UNKNOWN
2016-01-21T00:08:57.000000;2016-01-21T00:08:57.000000;3366ec24-af79-4006-b7e1-c932e8f70422;418.22;8.13185;UNKNOWN
2016-01-21T00:08:57.000000;2016-01-21T00:08:57.000000;417dcb18-8916-4cf5-a667-091a2e5a3387;418.01;15.17053235;UNKNOWN
2016-01-21T00:08:57.000000;2016-01-21T00:08:57.000000;9ad5fa88-f908-4778-af62-d1e121e45637;418.59;12.5;UNKNOWN
2016-01-21T00:09:10.000000;2016-01-21T00:09:10.000000;bb782ead-3f91-474f-87e2-16ad9459a385;418.26;0.10957536;UNKNOWN
2016-01-21T00:09:25.000000;2016-01-21T00:09:25.000000;9ffb8e2c-986b-40eb-8c83-fbe075c178f7;418.26;0.02129;UNKNOWN
2016-01-21T00:09:26.000000;2016-01-21T00:09:26.000000;d21b01e9-7920-4c31-a23a-1dc8571f3d29;418.39;0.0204;UNKNOWN
2016-01-21T00:09:34.000000;2016-01-21T00:09:34.000000;4a0d0f45-399a-4439-9352-a962cf188e76;418.26;0.7527914;UNKNOWN
2016-01-21T00:10:03.000000;2016-01-21T00:10:03.000000;dfe6f5b9-82eb-4d2b-94b0-58f438c66204;418.01;9.60103676;UNKNOWN
2016-01-21T00:10:03.000000;2016-01-21T00:10:03.000000;08bb9213-aa23-47f6-a3f2-9eda6edb4f14;418.26;8.17796324;UNKNOWN
2016-01-21T00:10:06.000000;2016-01-21T00:10:06.000000;117e4d8e-9e10-4e1f-8d8d-3e8d2e5337f7;418.29;0.1;UNKNOWN
2016-01-21T00:10:10.000000;2016-01-21T00:10:10.000000;83885eb6-755e-4ca2-8e35-8aea37477434;418.29;2.0;UNKNOWN
2016-01-21T00:10:37.000000;2016-01-21T00:10:37.000000;c5de08f3-c875-4629-be5d-772a4fcd5c2a;418.4;0.01403;UNKNOWN
2016-01-21T00:11:12.000000;2016-01-21T00:11:12.000000;ddd605c2-9cbe-4b7f-8da1-4f62a247fea7;418.4;2.53015874;UNKNOWN
2016-01-21T00:11:45.000000;2016-01-21T00:11:45.000000;6408e04b-a1db-4c6b-a14f-1cd85ffad7e8;418.41;0.01;UNKNOWN
2016-01-21T00:11:47.000000;2016-01-21T00:11:47.000000;ac301528-ee29-4c63-aca6-ddd26f1b7f15;418.41;1.19639635;UNKNOWN
2016-01-21T00:11:58.000000;2016-01-21T00:11:58.000000;4133296f-aa5e-41f7-857a-5924e5394546;418.41;0.5;UNKNOWN
2016-01-21T00:11:58.000000;2016-01-21T00:11:58.000000;d5115f17-fba0-41dc-9a45-b9af195c484a;418.42;0.5;UNKNOWN
2016-01-21T00:12:02.000000;2016-01-21T00:12:02.000000;fc815bc8-130f-4e3d-8c21-55bed31af3ad;418.41;1.0;UNKNOWN
2016-01-21T00:12:06.000000;2016-01-21T00:12:06.000000;b85e3c83-6986-4be3-93ef-30cd46b0d634;418.41;0.52;UNKNOWN
2016-01-21T00:12:18.000000;2016-01-21T00:12:18.000000;a12f26f0-be6f-4312-a585-ffb3d95e89e2;419.37;3.0;UNKNOWN
2016-01-21T00:12:18.000000;2016-01-21T00:12:18.000000;b5de6610-24e6-4e7a-82d8-6e96aa8c435d;419.39;0.0988;UNKNOWN
2016-01-21T00:12:18.000000;2016-01-21T00:12:18.000000;00a522d7-9902-4707-b4a9-a6c05392975f;418.58;1.0;UNKNOWN
2016-01-21T00:12:18.000000;2016-01-21T00:12:18.000000;493e564c-5254-4988-815d-e78ff2ac3f5f;419.41;0.23889725;UNKNOWN
2016-01-21T00:12:18.000000;2016-01-21T00:12:18.000000;3e47ebe0-4fcb-4384-b012-9e673437ea14;419.38;5.9012;UNKNOWN
2016-01-21T00:12:28.000000;2016-01-21T00:12:28.000000;abf7f7b9-8bc3-450f-b274-b7c1eeb7213a;418.53;0.97493357;UNKNOWN
2016-01-21T00:12:38.000000;2016-01-21T00:12:38.000000;f8119d07-0b4a-4250-bb2e-8d00ffda82d7;418.58;0.06;UNKNOWN
2016-01-21T00:12:43.000000;2016-01-21T00:12:43.000000;31eacfd7-13e9-4a18-b17b-e6653056ec4c;418.58;0.178;UNKNOWN
2016-01-21T00:12:47.000000;2016-01-21T00:12:47.000000;2f94e99a-fc62-4296-864a-8db5f38dee76;418.58;0.762;UNKNOWN
2016-01-21T00:12:47.000000;2016-01-21T00:12:47.000000;7a001dbd-ca54-4b20-962d-c7e5dc91c096;418.99;5.3977;UNKNOWN
2016-01-21T00:13:05.000000;2016-01-21T00:13:05.000000;5f94983f-c942-447a-8682-1439abab20dd;418.59;2.42555371;UNKNOWN
2016-01-21T00:13:25.000000;2016-01-21T00:13:25.000000;c28e237f-9492-4d16-bfba-618acc1b2372;418.99;0.1;UNKNOWN
2016-01-21T00:13:53.000000;2016-01-21T00:13:53.000000;4546c1d0-33a9-40d0-9734-ef7483c8cc72;418.89;5.8963;UNKNOWN
2016-01-21T00:13:54.000000;2016-01-21T00:13:54.000000;b0c801ff-1e9b-43be-a9e3-37d7a00237df;418.9;6.14;UNKNOWN
2016-01-21T00:13:55.000000;2016-01-21T00:13:55.000000;8912d16b-5054-4981-8534-c51f932efccb;419.0;0.17394;UNKNOWN
2016-01-21T00:13:55.000000;2016-01-21T00:13:55.000000;8d29d2b2-051f-4728-af00-95ab9a7ddfd1;418.9;1.82606;UNKNOWN
2016-01-21T00:14:05.000000;2016-01-21T00:14:05.000000;f30c1ba0-2c43-45e0-8594-7616cd9c59d0;418.79;0.01975202;UNKNOWN
2016-01-21T00:14:22.000000;2016-01-21T00:14:22.000000;77fad757-c374-4925-852c-8b507cc304d7;419.0;10.0;UNKNOWN
2016-01-21T00:14:37.000000;2016-01-21T00:14:37.000000;365f45a4-3956-4ca6-963b-9fabbec40f98;419.0;0.06;UNKNOWN
2016-01-21T00:14:48.000000;2016-01-21T00:14:48.000000;2db63702-b944-4d02-bec7-2992c8ab0157;419.0;0.0203;UNKNOWN
2016-01-21T00:14:57.000000;2016-01-21T00:14:57.000000;afd5314d-8718-4e12-b0e4-8dfbb518d452;418.92;7.33030347;UNKNOWN
2016-01-21T00:14:59.000000;2016-01-21T00:14:59.000000;b28e3d8f-0269-40ce-a2a3-6228ba2819b9;418.95;16.78244;UNKNOWN
2016-01-21T00:15:18.000000;2016-01-21T00:15:18.000000;ff3462c1-8839-4a09-9085-10756390f8f0;418.76;8.17857547;UNKNOWN
2016-01-21T00:15:18.000000;2016-01-21T00:15:18.000000;9e8b2e4b-fb79-4ed2-9ee5-11487c708b9b;418.77;6.0;UNKNOWN
2016-01-21T00:15:18.000000;2016-01-21T00:15:18.000000;a365a240-2619-4944-b99c-d2ec74ae8b2b;418.87;0.904528;UNKNOWN
2016-01-21T00:15:18.000000;2016-01-21T00:15:18.000000;07d4b5a9-c79a-48da-9441-fbcbfe88ea96;418.92;3.03549653;UNKNOWN
2016-01-21T00:15:18.000000;2016-01-21T00:15:18.000000;389672ed-8ceb-47a1-974d-65ac3d24a478;418.8;5.8814;UNKNOWN
2016-01-21T00:15:42.000000;2016-01-21T00:15:42.000000;1f07dfc5-7a57-466d-9cfd-6a602a9c2d87;418.95;0.05;UNKNOWN
2016-01-21T00:15:54.000000;2016-01-21T00:15:54.000000;a0c102ce-23b1-4f5e-8171-1c60afcf739a;418.95;2.76;UNKNOWN
2016-01-21T00:16:05.000000;2016-01-21T00:16:05.000000;de091a75-7a66-4bb9-89c2-de9dbe79e029;418.95;0.08037099;UNKNOWN
2016-01-21T00:16:17.000000;2016-01-21T00:16:17.000000;20ab81a8-d150-4e19-a28b-c26b6f3fc623;418.94;0.04062115;UNKNOWN
2016-01-21T00:16:47.000000;2016-01-21T00:16:47.000000;04473f5c-7dfe-4ba7-98f2-1774eb9fe78a;418.99;0.02;UNKNOWN
2016-01-21T00:17:05.000000;2016-01-21T00:17:05.000000;4ac13b26-45f8-4300-8b98-d25a27be0ed0;418.98;1.09516548;UNKNOWN
2016-01-21T00:17:26.000000;2016-01-21T00:17:26.000000;045c6232-3eb2-4953-9f4a-470afff8d0ec;419.05;0.25424;UNKNOWN
2016-01-21T00:17:26.000000;2016-01-21T00:17:26.000000;a04a3ce7-0b3f-4968-8790-2a96d1dbd1d9;419.0;9.74576;UNKNOWN
2016-01-21T00:17:44.000000;2016-01-21T00:17:44.000000;a04b3797-0d98-4ce0-969e-b33724f0f622;419.01;10.0;UNKNOWN
2016-01-21T00:17:45.000000;2016-01-21T00:17:45.000000;97d35e8d-8d82-4933-bfd5-948f5c5cb6c4;419.05;0.74576;UNKNOWN
2016-01-21T00:17:47.000000;2016-01-21T00:17:47.000000;aa5e904f-f69c-4f47-a666-c356dd0c4969;419.11;10.0;UNKNOWN
2016-01-21T00:17:48.000000;2016-01-21T00:17:48.000000;6cb2a92d-8635-4401-a371-c18638f16850;419.11;2.99;UNKNOWN
2016-01-21T00:17:48.000000;2016-01-21T00:17:48.000000;57c3ab7b-6567-4ce1-ad0e-bd71282284d9;419.1;7.01;UNKNOWN
2016-01-21T00:17:54.000000;2016-01-21T00:17:54.000000;413132ff-6306-4bbb-a4d7-0c8a5a6b3167;419.03;0.523442;UNKNOWN
2016-01-21T00:17:54.000000;2016-01-21T00:17:54.000000;197e6f2b-18fe-4e08-978c-da013b300c36;419.11;5.879;UNKNOWN
2016-01-21T00:17:54.000000;2016-01-21T00:17:54.000000;4ba2b5f7-1fd1-4018-9d16-3c422e645ed5;419.01;0.8599;UNKNOWN
2016-01-21T00:17:54.000000;2016-01-21T00:17:54.000000;809a819e-393e-4ddf-b9a1-665a688e8165;419.1;2.24424;UNKNOWN
2016-01-21T00:17:58.000000;2016-01-21T00:17:58.000000;c90fc9a2-1f06-4586-82a9-04c768f72239;419.0;0.493418;UNKNOWN
2016-01-21T00:17:59.000000;2016-01-21T00:17:59.000000;9c6f293a-4e02-48fb-b8a4-3166244c8eaa;419.39;0.1;UNKNOWN
2016-01-21T00:18:04.000000;2016-01-21T00:18:04.000000;82caa618-6d94-4e7a-8e1c-ff42d2afa208;419.02;0.938597;UNKNOWN
2016-01-21T00:18:04.000000;2016-01-21T00:18:04.000000;a4c21bb0-7963-4906-825a-2b1002ba68bf;419.03;0.1;UNKNOWN
2016-01-21T00:18:37.000000;2016-01-21T00:18:37.000000;4915bf6e-c95b-414b-824e-5f6f5a574d56;418.94;0.13637885;UNKNOWN
2016-01-21T00:18:37.000000;2016-01-21T00:18:37.000000;2e640365-3e4f-4eee-a25e-76daa6de94e1;419.0;0.177;UNKNOWN
2016-01-21T00:18:38.000000;2016-01-21T00:18:38.000000;6cb5ce1f-5673-4c09-b20a-6f04e516a11e;418.94;0.86362115;UNKNOWN
2016-01-21T00:18:41.000000;2016-01-21T00:18:41.000000;41cdbdba-d583-43c3-b220-c6b20351fed1;419.0;0.177;UNKNOWN
2016-01-21T00:18:47.000000;2016-01-21T00:18:47.000000;ab46e899-67c8-4198-8dca-2f1f1293c414;419.0;0.177;UNKNOWN
2016-01-21T00:18:53.000000;2016-01-21T00:18:53.000000;67c6be84-c88c-4615-9280-a1886e092fc2;419.0;0.177;UNKNOWN
2016-01-21T00:19:07.000000;2016-01-21T00:19:07.000000;e3721518-f14d-49d4-b7cb-408ee46dd324;419.0;0.82;UNKNOWN
2016-01-21T00:19:39.000000;2016-01-21T00:19:39.000000;4b30f873-0c70-4483-91fa-bf207319b00c;419.0;7.433403;UNKNOWN
2016-01-21T00:19:39.000000;2016-01-21T00:19:39.000000;e9890c4d-94eb-4b55-82b2-b8f449cf61f9;419.0;7.12029;UNKNOWN
2016-01-21T00:19:39.000000;2016-01-21T00:19:39.000000;d0209efe-8399-49e3-bd5a-9d2fe3c77dca;419.0;5.446307;UNKNOWN
2016-01-21T00:20:05.000000;2016-01-21T00:20:05.000000;7349e3e2-bc1d-40b9-8dba-6e66448a81fb;418.97;2.8765;UNKNOWN
2016-01-21T00:20:05.000000;2016-01-21T00:20:05.000000;20bc9fe8-02e4-4b4e-af3c-76029a365fde;418.99;0.299;UNKNOWN
2016-01-21T00:20:14.000000;2016-01-21T00:20:14.000000;c5c963d4-4dac-42d6-b20a-ffead7f1cd17;418.99;0.1;UNKNOWN
2016-01-21T00:20:17.000000;2016-01-21T00:20:17.000000;346a9c04-d96f-434f-b9fd-f1f95eb72318;418.99;0.11947399;UNKNOWN
2016-01-21T00:20:24.000000;2016-01-21T00:20:24.000000;f49b14ab-f0ed-44a9-bdcd-8645e600e5a6;419.0;0.177;UNKNOWN
2016-01-21T00:20:30.000000;2016-01-21T00:20:30.000000;df6fade2-138f-4837-8baa-8a2367c6e9d6;419.0;0.177;UNKNOWN
2016-01-21T00:20:34.000000;2016-01-21T00:20:34.000000;7436b683-d1b6-440e-a9da-207119dd6996;419.0;0.177;UNKNOWN
2016-01-21T00:20:38.000000;2016-01-21T00:20:38.000000;764afaba-4d3f-442e-81c4-a4027134f80e;419.0;0.73;UNKNOWN
2016-01-21T00:20:39.000000;2016-01-21T00:20:39.000000;f34c0c79-1ad1-4c37-9fb7-4e69e474f365;419.0;0.04;UNKNOWN
2016-01-21T00:20:40.000000;2016-01-21T00:20:40.000000;9ee04f82-dcab-4f6d-a36a-b3a84af2a665;419.0;18.699;UNKNOWN
2016-01-21T00:20:43.000000;2016-01-21T00:20:43.000000;e902defb-2007-4248-adc8-965e1f426ac4;419.02;0.2;UNKNOWN
2016-01-21T00:20:43.000000;2016-01-21T00:20:43.000000;b74a8aa5-dfeb-415f-8a0a-99768ecc13c4;419.01;6.0;UNKNOWN
2016-01-21T00:20:43.000000;2016-01-21T00:20:43.000000;6aebee7d-8470-4058-85e1-647a2a5f2993;419.01;3.0;UNKNOWN
2016-01-21T00:20:43.000000;2016-01-21T00:20:43.000000;36cbae9d-4748-4da7-90fe-a56c9b1bdf11;419.01;0.5;UNKNOWN
2016-01-21T00:20:43.000000;2016-01-21T00:20:43.000000;2b32e645-ec74-4648-ac70-3271be207f22;419.0;4.85;UNKNOWN
2016-01-21T00:20:43.000000;2016-01-21T00:20:43.000000;d17d0d25-9f16-4b0b-a104-d6681c1e2b1e;419.01;5.45;UNKNOWN
2016-01-21T00:20:46.000000;2016-01-21T00:20:46.000000;4b3a2de6-ae37-4bc7-880b-6780c335843b;419.41;0.07;UNKNOWN
2016-01-21T00:21:05.000000;2016-01-21T00:21:05.000000;ad241ec4-31b2-47ae-a187-cefc6e12b900;419.01;4.06027793;UNKNOWN
2016-01-21T00:21:33.000000;2016-01-21T00:21:33.000000;d7c126cf-bf1a-4465-9037-480b50f6956a;419.0;5.0;UNKNOWN
2016-01-21T00:21:33.000000;2016-01-21T00:21:33.000000;f0ea5182-83dc-4b5b-9dc0-fb211bf20e75;419.0;1.451;UNKNOWN
2016-01-21T00:21:33.000000;2016-01-21T00:21:33.000000;d3170b43-90c6-4c66-b66e-d4eb3c3914f0;419.01;5.9222;UNKNOWN
2016-01-21T00:21:33.000000;2016-01-21T00:21:33.000000;15808df2-7712-4815-8fc2-d8bc7dc08dc4;419.02;1.76;UNKNOWN
2016-01-21T00:21:43.000000;2016-01-21T00:21:43.000000;ea6efe9e-0de7-448c-be4e-7a7abc61ed32;419.3;3.2369;UNKNOWN
2016-01-21T00:21:43.000000;2016-01-21T00:21:43.000000;72c7c9d6-cf6e-445e-bcad-82de6e19f109;419.0;5.8668;UNKNOWN
2016-01-21T00:21:43.000000;2016-01-21T00:21:43.000000;747f4796-5035-4c19-b25e-dd452c874485;419.29;5.8963;UNKNOWN
2016-01-21T00:22:11.000000;2016-01-21T00:22:11.000000;d655ad24-c171-4622-bfaf-9850a66c1f69;419.0;1.4268;UNKNOWN
2016-01-21T00:22:12.000000;2016-01-21T00:22:12.000000;ca53fc58-fd8c-453a-bfa2-8649079facba;418.96;0.01;UNKNOWN
2016-01-21T00:23:46.000000;2016-01-21T00:23:46.000000;38988fa3-ec51-431c-8095-b1c823c6e285;419.0;3.4447;UNKNOWN
2016-01-21T00:24:05.000000;2016-01-21T00:24:05.000000;5c721c9c-08e4-49af-a9c1-04576dfb808b;418.99;0.36;UNKNOWN
2016-01-21T00:24:05.000000;2016-01-21T00:24:05.000000;6ead66f9-96ce-4518-83fd-902d979e0788;418.98;0.37;UNKNOWN
2016-01-21T00:24:05.000000;2016-01-21T00:24:05.000000;55ef0bcb-8d91-4ba0-930c-5e75a0dd729c;418.99;0.37;UNKNOWN
2016-01-21T00:24:05.000000;2016-01-21T00:24:05.000000;af31bb15-45dc-4377-b160-6bc4227a4a35;418.99;0.435938;UNKNOWN
2016-01-21T00:24:05.000000;2016-01-21T00:24:05.000000;6788b8f5-89b5-47f2-8c2a-433ccee319c5;418.99;0.01;UNKNOWN
2016-01-21T00:24:05.000000;2016-01-21T00:24:05.000000;112ca548-831d-4402-a61d-15089e5d6877;418.99;0.37;UNKNOWN
2016-01-21T00:24:05.000000;2016-01-21T00:24:05.000000;012b51d2-1324-4329-95a4-acc52d2a56ec;418.98;0.884062;UNKNOWN
2016-01-21T00:24:23.000000;2016-01-21T00:24:23.000000;129aad65-478c-4746-8f20-f468975e49fe;419.0;2.86;UNKNOWN
2016-01-21T00:24:29.000000;2016-01-21T00:24:29.000000;0346c717-1d00-4b31-9391-6ef6ae7c5e20;419.29;2.7315;UNKNOWN
2016-01-21T00:24:29.000000;2016-01-21T00:24:29.000000;51665e54-9f11-4198-909b-9133e690f765;419.0;2.2685;UNKNOWN
2016-01-21T00:24:33.000000;2016-01-21T00:24:33.000000;ddb08f6b-9e86-44bd-95db-4f5cb513d704;418.98;2.0;UNKNOWN
2016-01-21T00:24:37.000000;2016-01-21T00:24:37.000000;c9c28181-05af-429d-a5ee-53162757c523;418.98;5.0;UNKNOWN
2016-01-21T00:24:44.000000;2016-01-21T00:24:44.000000;f433b15f-a7bc-4051-8b18-b73a7835b4bd;418.98;5.0;UNKNOWN
2016-01-21T00:25:04.000000;2016-01-21T00:25:04.000000;5de9a5e7-9665-4e52-82a8-3212fcdee70b;419.3;2.0;UNKNOWN
2016-01-21T00:25:04.000000;2016-01-21T00:25:04.000000;ac81d772-18d8-4f33-a7c8-0169b7e34514;418.98;3.0;UNKNOWN
2016-01-21T00:25:06.000000;2016-01-21T00:25:06.000000;81d3b39b-e5fe-4e47-91f3-20a0c399b0db;418.97;0.37;UNKNOWN
2016-01-21T00:25:06.000000;2016-01-21T00:25:06.000000;f84c42f1-8c74-49c4-b75d-fa2f3d2756f7;418.97;4.18610837;UNKNOWN
2016-01-21T00:25:06.000000;2016-01-21T00:25:06.000000;247d4040-1604-45f7-b88b-5e0e0fa42f42;418.97;0.37;UNKNOWN
2016-01-21T00:25:11.000000;2016-01-21T00:25:11.000000;e94d243b-cea8-42ff-94cb-264032891c9d;419.29;3.0;UNKNOWN
2016-01-21T00:25:11.000000;2016-01-21T00:25:11.000000;d1833385-1724-4f46-9607-0c8fd85f02ca;419.3;1.5;UNKNOWN
2016-01-21T00:25:11.000000;2016-01-21T00:25:11.000000;2ad05146-bcc5-4934-89e5-dc1bdcd32e57;419.29;0.5;UNKNOWN
2016-01-21T00:25:57.000000;2016-01-21T00:25:57.000000;90ebcac2-ce17-436d-bb22-9ffac1325700;419.01;0.1433517;UNKNOWN
2016-01-21T00:26:10.000000;2016-01-21T00:26:10.000000;ef53b552-73de-47af-8d74-590461793bcf;419.26;0.12;UNKNOWN
2016-01-21T00:26:17.000000;2016-01-21T00:26:17.000000;a1336340-98a4-49e3-be30-fa4c5beb2514;418.98;0.04793978;UNKNOWN
2016-01-21T00:26:39.000000;2016-01-21T00:26:39.000000;6f693ad7-d6ea-4073-9918-8a86ffe3a8d2;419.28;1.12005;UNKNOWN
2016-01-21T00:26:51.000000;2016-01-21T00:26:51.000000;eaf51abd-b831-4751-b433-6c6cea21eeca;419.29;5.9337;UNKNOWN
2016-01-21T00:26:51.000000;2016-01-21T00:26:51.000000;ca0f56fa-2b41-455a-9318-ec10bb072674;419.3;4.0663;UNKNOWN
2016-01-21T00:27:05.000000;2016-01-21T00:27:05.000000;a852b9e8-1327-4818-9a3a-698d16aca73e;418.99;1.12;UNKNOWN
2016-01-21T00:27:05.000000;2016-01-21T00:27:05.000000;b1880b39-8249-4fdd-bd00-d94057797fc6;418.96;1.17283978;UNKNOWN
2016-01-21T00:27:05.000000;2016-01-21T00:27:05.000000;ec5b9735-bafa-4445-b2e5-961558220161;418.98;0.02206022;UNKNOWN
2016-01-21T00:27:05.000000;2016-01-21T00:27:05.000000;ad92907d-de6a-42aa-a622-cfec0942bd3a;418.98;0.025;UNKNOWN
2016-01-21T00:27:05.000000;2016-01-21T00:27:05.000000;ccb12236-fafc-4523-a2ee-827c4fdc2378;419.0;5.9301;UNKNOWN
2016-01-21T00:27:57.000000;2016-01-21T00:27:57.000000;cd743bab-a696-4591-bac5-20edaf247aff;418.97;0.56146084;UNKNOWN
2016-01-21T00:28:05.000000;2016-01-21T00:28:05.000000;e741e742-6880-4575-924d-09f95c244f7f;418.97;1.16893238;UNKNOWN
2016-01-21T00:28:06.000000;2016-01-21T00:28:06.000000;95e89267-f082-4c06-9d62-1d436359bc2b;418.97;4.18480678;UNKNOWN
2016-01-21T00:28:06.000000;2016-01-21T00:28:06.000000;31c815f1-f526-4572-af61-a886c8800cd6;418.96;0.43119322;UNKNOWN
2016-01-21T00:28:11.000000;2016-01-21T00:28:11.000000;57a68ee0-e7c8-450d-a172-d5717329074c;419.22;1.2;UNKNOWN
2016-01-21T00:29:05.000000;2016-01-21T00:29:05.000000;44f0b804-e18a-4553-8669-4be805ea769b;418.97;3.45173216;UNKNOWN
2016-01-21T00:29:05.000000;2016-01-21T00:29:05.000000;e3704824-3971-4b51-b8f3-a6fd27d46783;418.97;1.2;UNKNOWN
2016-01-21T00:29:10.000000;2016-01-21T00:29:10.000000;78139e13-36a4-47f1-b110-31aecc115501;418.96;3.22126785;UNKNOWN
2016-01-21T00:29:20.000000;2016-01-21T00:29:20.000000;40983f68-f6f8-400a-8b7f-ea2b91c20047;418.85;0.07;UNKNOWN
2016-01-21T00:29:20.000000;2016-01-21T00:29:20.000000;81d15b71-dfb6-45d4-b75e-3e867ecdd56b;418.77;3.23;UNKNOWN
2016-01-21T00:29:26.000000;2016-01-21T00:29:26.000000;325fe97f-cfc8-4491-bbd0-096fef94a132;418.95;0.5;UNKNOWN
2016-01-21T00:29:27.000000;2016-01-21T00:29:27.000000;35e7599f-1bc8-4f43-9fd9-effeb10b999b;418.76;10.0;UNKNOWN
2016-01-21T00:29:29.000000;2016-01-21T00:29:29.000000;7a97b7b3-4939-4de0-a95e-06e0bf603935;418.95;0.263838;UNKNOWN
2016-01-21T00:29:29.000000;2016-01-21T00:29:29.000000;5e65e37f-b7f0-48a7-a96a-2ed7d2ce0411;418.95;0.5;UNKNOWN
2016-01-21T00:29:42.000000;2016-01-21T00:29:42.000000;bb3f84d8-c661-4082-9d54-446f8e8d6ca1;418.94;3.0;UNKNOWN
2016-01-21T00:29:42.000000;2016-01-21T00:29:42.000000;281c1f79-9890-49ee-b334-4bac84de349c;418.95;4.2;UNKNOWN
2016-01-21T00:29:42.000000;2016-01-21T00:29:42.000000;cd184303-39e0-48a3-aa2f-8b58b8d7c746;418.93;0.5;UNKNOWN
2016-01-21T00:29:57.000000;2016-01-21T00:29:57.000000;348a81a4-ff56-4e06-8762-49d279dabf93;418.76;6.5;UNKNOWN
2016-01-21T00:30:22.000000;2016-01-21T00:30:22.000000;250f9edf-c63e-4190-8ebf-e5287352ff6d;418.95;3.0;UNKNOWN
2016-01-21T00:30:29.000000;2016-01-21T00:30:29.000000;cba333fd-210c-46ac-aa3b-714ec89abbab;418.95;1.0;UNKNOWN
2016-01-21T00:30:32.000000;2016-01-21T00:30:32.000000;30e810a4-f028-4a25-a48f-18bf6ea6873a;418.95;0.5061095;UNKNOWN
2016-01-21T00:30:35.000000;2016-01-21T00:30:35.000000;b5d25dfc-3a8f-4e81-a0d6-703fddf09eca;418.95;0.0801;UNKNOWN
2016-01-21T00:30:55.000000;2016-01-21T00:30:55.000000;cefda984-2091-4bbf-806d-f12450406af6;418.95;2.7537905;UNKNOWN
2016-01-21T00:31:05.000000;2016-01-21T00:31:05.000000;a399134f-4b96-44ab-823d-fbddd48053ba;418.76;0.15;UNKNOWN
2016-01-21T00:31:06.000000;2016-01-21T00:31:06.000000;bc910d92-c9d4-46cd-964a-fb32b7edb37a;418.76;2.192;UNKNOWN
2016-01-21T00:31:54.000000;2016-01-21T00:31:54.000000;fcecf367-e181-44e1-9062-0e100fd66fe9;418.76;0.0184;UNKNOWN
2016-01-21T00:31:59.000000;2016-01-21T00:31:59.000000;0decc912-c1f0-49d7-880d-053741483406;418.76;0.0182;UNKNOWN
2016-01-21T00:32:03.000000;2016-01-21T00:32:03.000000;54067e15-63e4-4f3b-aded-222956da8f83;418.77;0.01;UNKNOWN
2016-01-21T00:32:05.000000;2016-01-21T00:32:05.000000;37214114-e3ec-4c78-a495-ab206f833788;418.77;2.14;UNKNOWN
2016-01-21T00:32:39.000000;2016-01-21T00:32:39.000000;64af9780-4d81-4339-b203-5e3f7bd553db;419.48;0.02;UNKNOWN
2016-01-21T00:32:39.000000;2016-01-21T00:32:39.000000;186c3267-9c8c-4318-aebf-43842c32413f;420.0;1.0;UNKNOWN
2016-01-21T00:32:39.000000;2016-01-21T00:32:39.000000;a4cc3309-a29e-49d1-9c50-43c1c584354c;419.92;9.4965;UNKNOWN
2016-01-21T00:32:39.000000;2016-01-21T00:32:39.000000;7c5f39e4-5bf0-4e82-bfa6-e744ef6d3673;419.99;2.02;UNKNOWN
2016-01-21T00:32:39.000000;2016-01-21T00:32:39.000000;de5328d1-9e43-412c-8d99-052899bf0576;420.64;6.93486902;UNKNOWN
2016-01-21T00:32:39.000000;2016-01-21T00:32:39.000000;80e28435-ad23-4ebc-913c-3218f06d420d;420.58;12.5;UNKNOWN
2016-01-21T00:32:39.000000;2016-01-21T00:32:39.000000;0b3abf19-e0d5-4f7a-9cf8-4d6589247500;419.95;20.0;UNKNOWN
2016-01-21T00:32:39.000000;2016-01-21T00:32:39.000000;af76c708-6377-4b7b-9505-ce35a7c5b983;420.46;10.0;UNKNOWN
2016-01-21T00:32:39.000000;2016-01-21T00:32:39.000000;0c84ef70-1658-4908-a408-aae6386e55a6;419.5;11.46536429;UNKNOWN
2016-01-21T00:32:39.000000;2016-01-21T00:32:39.000000;6d87f489-f99f-4335-9191-7c195c71ee8d;419.93;12.0;UNKNOWN
2016-01-21T00:32:39.000000;2016-01-21T00:32:39.000000;f16c3d27-5025-4772-9ea1-2816dae8ba08;419.94;1.02;UNKNOWN
2016-01-21T00:32:39.000000;2016-01-21T00:32:39.000000;628086c3-30e1-4efd-ac7a-58f1452624e3;420.46;22.3797;UNKNOWN
2016-01-21T00:32:39.000000;2016-01-21T00:32:39.000000;f52f7db5-00c7-460d-b89a-c71ba184e054;419.29;6.0;UNKNOWN
2016-01-21T00:32:39.000000;2016-01-21T00:32:39.000000;875c6ffe-4cd8-4968-ae1b-e719da6a1124;418.95;1.0;UNKNOWN
2016-01-21T00:32:39.000000;2016-01-21T00:32:39.000000;bce6c627-91c5-4e78-9b0c-23f8f14a04ac;419.43;11.98498444;UNKNOWN
2016-01-21T00:32:39.000000;2016-01-21T00:32:39.000000;cc5a2e2e-095d-448a-86f8-a8346ba98dfe;419.94;18.0;UNKNOWN
2016-01-21T00:32:39.000000;2016-01-21T00:32:39.000000;94a38e33-795a-49db-9406-5bbd4587f171;419.91;4.8467;UNKNOWN
2016-01-21T00:32:39.000000;2016-01-21T00:32:39.000000;67119b67-304f-405c-b736-5c6886e35eb7;418.95;2.2462095;UNKNOWN
2016-01-21T00:32:39.000000;2016-01-21T00:32:39.000000;809fd850-36fd-4ec9-97be-21eb5f7d67c1;419.3;9.1968;UNKNOWN
2016-01-21T00:32:39.000000;2016-01-21T00:32:39.000000;57a46ecf-f7f5-491b-84ac-9160eebe26cd;419.5;1.5;UNKNOWN
2016-01-21T00:32:39.000000;2016-01-21T00:32:39.000000;f5903db9-402f-421e-9fdf-c9035024f3b4;419.41;10.43708275;UNKNOWN
2016-01-21T00:32:39.000000;2016-01-21T00:32:39.000000;ba03ad0e-42d3-4cf6-87b8-cfa13df41fa9;418.94;5.9541;UNKNOWN
2016-01-21T00:32:39.000000;2016-01-21T00:32:39.000000;605b2926-c7d8-4a44-bbb0-23dcd77b59f1;419.3;0.025;UNKNOWN
2016-01-21T00:32:44.000000;2016-01-21T00:32:44.000000;dce6ac10-0683-45a5-9217-129860b9ff97;419.9;1.0;UNKNOWN
2016-01-21T00:32:59.000000;2016-01-21T00:32:59.000000;1c1570ca-fa3a-412d-9b5e-65febcd25d3a;420.47;0.5;UNKNOWN
2016-01-21T00:32:59.000000;2016-01-21T00:32:59.000000;f646fe46-450e-493d-a060-6d77cf336c4f;420.47;0.5;UNKNOWN
2016-01-21T00:32:59.000000;2016-01-21T00:32:59.000000;c3cf91f2-8b58-4522-b0bf-83ac8269a211;420.46;0.37;UNKNOWN
2016-01-21T00:32:59.000000;2016-01-21T00:32:59.000000;a3e57180-6ae6-46f1-956d-201bfbd5b9ab;420.47;0.5;UNKNOWN
2016-01-21T00:32:59.000000;2016-01-21T00:32:59.000000;050324df-f63f-4e33-9a73-72b9083275db;420.48;0.13;UNKNOWN
2016-01-21T00:33:02.000000;2016-01-21T00:33:02.000000;b6406bae-e14d-4ae7-b2a9-f07ab43f8407;419.1;0.01;UNKNOWN
2016-01-21T00:33:02.000000;2016-01-21T00:33:02.000000;5062d119-44ce-44b1-84d2-4c91bdbad046;419.2;0.81;UNKNOWN
2016-01-21T00:33:05.000000;2016-01-21T00:33:05.000000;8237ad6f-1d16-4328-9156-16a823e92a3c;420.43;0.01470685;UNKNOWN
2016-01-21T00:33:27.000000;2016-01-21T00:33:27.000000;ce1d3a74-65fb-48bf-bfbc-4ce34fcaf324;420.39;5.0;UNKNOWN
2016-01-21T00:33:27.000000;2016-01-21T00:33:27.000000;aa48293f-dc05-4aa8-80fa-abca27a7d581;420.39;2.0;UNKNOWN
2016-01-21T00:33:28.000000;2016-01-21T00:33:28.000000;8fa37903-fcfb-40cc-b1e7-783df0d7b649;420.39;4.234;UNKNOWN
2016-01-21T00:33:31.000000;2016-01-21T00:33:31.000000;d88b8ecd-1d3a-497a-84b7-9d713d4b849c;420.39;0.3;UNKNOWN
2016-01-21T00:33:37.000000;2016-01-21T00:33:37.000000;98e41653-c256-4751-8899-fadfbfc57e05;419.62;0.03107511;UNKNOWN
2016-01-21T00:33:41.000000;2016-01-21T00:33:41.000000;5f765c74-3370-4e6e-ac31-fadfcd3775ac;420.35;0.12977935;UNKNOWN
2016-01-21T00:33:57.000000;2016-01-21T00:33:57.000000;1a0ef0ad-6739-4e32-8cf4-d97ab1db5eb6;420.39;0.3;UNKNOWN
2016-01-21T00:34:05.000000;2016-01-21T00:34:05.000000;b7ecd25a-e6bf-4651-a279-2cb9902c3843;419.78;4.0;UNKNOWN
2016-01-21T00:34:16.000000;2016-01-21T00:34:16.000000;525242b1-6b82-4817-a921-6641fb317ab7;420.21;5.0;UNKNOWN
2016-01-21T00:34:21.000000;2016-01-21T00:34:21.000000;e3af25f0-0a41-44dd-9786-917b29b6ba89;420.21;1.0;UNKNOWN
2016-01-21T00:34:36.000000;2016-01-21T00:34:36.000000;8d0324d8-5f2d-4e46-b6c5-915d4c8d6deb;420.22;0.11305722;UNKNOWN
2016-01-21T00:34:36.000000;2016-01-21T00:34:36.000000;74be6712-5d2d-42ae-8ef1-5eb370f6ee42;420.39;3.18794278;UNKNOWN
2016-01-21T00:34:37.000000;2016-01-21T00:34:37.000000;ec9391a8-ff56-4466-897e-c0d9d15e60d2;420.21;0.249699;UNKNOWN
2016-01-21T00:34:37.000000;2016-01-21T00:34:37.000000;7d275abb-2cc2-4325-986e-23e7ff35470c;420.39;10.04110191;UNKNOWN
2016-01-21T00:34:37.000000;2016-01-21T00:34:37.000000;f654a679-757a-431f-aa7e-a49affde5f1e;420.49;9.95889809;UNKNOWN
2016-01-21T00:34:48.000000;2016-01-21T00:34:48.000000;44c37d07-023e-48ed-b1a7-9fd31d39254f;420.25;0.53331726;UNKNOWN
2016-01-21T00:34:48.000000;2016-01-21T00:34:48.000000;e561c062-1560-4d3d-b67e-460063fe6397;420.25;0.5;UNKNOWN
2016-01-21T00:35:03.000000;2016-01-21T00:35:03.000000;63be9438-01b2-4b22-b66c-6db86f7a19f7;420.47;0.01;UNKNOWN
2016-01-21T00:35:20.000000;2016-01-21T00:35:20.000000;1c684387-a6d0-4929-97b8-3a06d9c571da;420.47;5.8779;UNKNOWN
2016-01-21T00:35:20.000000;2016-01-21T00:35:20.000000;809a6dff-635f-46b4-8f2a-094ffcd33e3c;420.48;2.65176965;UNKNOWN
2016-01-21T00:35:37.000000;2016-01-21T00:35:37.000000;6edcc4cb-a94e-4bad-9673-0ad29a064a7d;420.43;0.322168;UNKNOWN
2016-01-21T00:35:43.000000;2016-01-21T00:35:43.000000;3eac19f6-2476-4ae7-aeda-ba467a425edf;420.43;0.88;UNKNOWN
2016-01-21T00:35:45.000000;2016-01-21T00:35:45.000000;c0b33d1e-79c9-4ce1-afb3-6985c0049b4d;420.4;1.01;UNKNOWN
2016-01-21T00:36:02.000000;2016-01-21T00:36:02.000000;a99ed082-1ba9-4a68-9d1e-e9d128ca1470;420.45;1.21021737;UNKNOWN
2016-01-21T00:36:02.000000;2016-01-21T00:36:02.000000;4fae3a52-3d91-489b-9887-519a970d6444;420.44;5.8963;UNKNOWN
2016-01-21T00:36:02.000000;2016-01-21T00:36:02.000000;7a03af61-c741-4620-9f18-55516e4c375e;420.44;2.7;UNKNOWN
2016-01-21T00:36:18.000000;2016-01-21T00:36:18.000000;75ca8c59-6c7f-492d-adbb-17dbb523ea5c;420.43;1.002;UNKNOWN
2016-01-21T00:36:47.000000;2016-01-21T00:36:47.000000;0aadf601-f7bf-4659-bc9f-993bd3f8e894;420.22;5.9263;UNKNOWN
2016-01-21T00:36:47.000000;2016-01-21T00:36:47.000000;2064bf11-0d5a-44de-aaf4-49e91bfd4259;420.21;3.250301;UNKNOWN
2016-01-21T00:36:47.000000;2016-01-21T00:36:47.000000;511aa2f5-f45f-404d-81d0-bfa936a5baa0;420.24;0.5;UNKNOWN
2016-01-21T00:36:47.000000;2016-01-21T00:36:47.000000;b3a07403-1de6-4454-94b3-79317c52b44c;420.23;3.0;UNKNOWN
2016-01-21T00:36:47.000000;2016-01-21T00:36:47.000000;957eb1a5-ae1c-4d68-bf99-d001e8dceb90;420.43;0.000463;UNKNOWN
2016-01-21T00:36:47.000000;2016-01-21T00:36:47.000000;158a38b9-6ae1-452b-bc17-988685749b5d;420.2;5.0;UNKNOWN
2016-01-21T00:36:48.000000;2016-01-21T00:36:48.000000;8b3a1792-febc-4de9-aa4e-85360591767f;420.0;1.0;UNKNOWN
2016-01-21T00:36:54.000000;2016-01-21T00:36:54.000000;31dfd5dc-fb4c-4da1-b631-3fa04c1b9708;420.0;1.0;UNKNOWN
2016-01-21T00:37:33.000000;2016-01-21T00:37:33.000000;65ccf007-82a5-49ea-b211-ecc7a0eac085;420.0;0.322936;UNKNOWN
2016-01-21T00:37:33.000000;2016-01-21T00:37:33.000000;ef6deeda-785e-4ea9-941a-d4bc42e60cbd;420.0;14.677064;UNKNOWN
2016-01-21T00:39:05.000000;2016-01-21T00:39:05.000000;0c0126eb-2c9a-4152-a8f5-86847c6f4de4;419.85;4.4458;UNKNOWN
2016-01-21T00:39:29.000000;2016-01-21T00:39:29.000000;31cb0394-0123-44e8-8daa-d68ac2b7378c;420.0;0.2;UNKNOWN
2016-01-21T00:39:34.000000;2016-01-21T00:39:34.000000;9d1e87c1-706e-4aaf-b0d6-3e8c6f45f6ce;419.85;0.32;UNKNOWN
2016-01-21T00:40:02.000000;2016-01-21T00:40:02.000000;cbcba386-875e-495f-8634-23264d4d1d6d;420.0;0.075;UNKNOWN
2016-01-21T00:41:04.000000;2016-01-21T00:41:04.000000;c951fe83-fef6-47c1-9bad-a5189904dd42;419.94;1.0;UNKNOWN
2016-01-21T00:41:06.000000;2016-01-21T00:41:06.000000;36026348-beb7-4998-96af-c87d6c883513;419.94;1.0;UNKNOWN
2016-01-21T00:41:09.000000;2016-01-21T00:41:09.000000;eada4820-082b-44c2-a44e-9bf046abc50f;419.94;1.0;UNKNOWN
2016-01-21T00:41:18.000000;2016-01-21T00:41:18.000000;1528f7ab-aeea-4028-b8c7-a83564620d99;419.99;1.0;UNKNOWN
2016-01-21T00:41:30.000000;2016-01-21T00:41:30.000000;0750ef0a-8249-46fc-9344-ec945e42d293;420.0;1.0;UNKNOWN
2016-01-21T00:41:33.000000;2016-01-21T00:41:33.000000;acd74712-3344-4d3d-99c7-bf81054e6255;420.0;1.0;UNKNOWN
2016-01-21T00:41:43.000000;2016-01-21T00:41:43.000000;30d7bc9c-7fe2-4cd2-b735-6aa67091b318;419.72;2.3970261;UNKNOWN
2016-01-21T00:41:46.000000;2016-01-21T00:41:46.000000;41262b81-c9cf-40d0-ab44-18cbadd27ce7;420.0;3.047936;UNKNOWN
2016-01-21T00:41:47.000000;2016-01-21T00:41:47.000000;9e5d2614-da87-4929-b641-14c271a34045;420.0;5.9349;UNKNOWN
2016-01-21T00:41:50.000000;2016-01-21T00:41:50.000000;3fe07fe6-0943-43a8-ad89-2d1dc404f086;420.0;0.0641;UNKNOWN
2016-01-21T00:41:51.000000;2016-01-21T00:41:51.000000;1e64cb36-f216-43a0-8779-53ff3decf2d8;420.0;20.0;UNKNOWN
2016-01-21T00:41:52.000000;2016-01-21T00:41:52.000000;f529b6df-9beb-4c5e-be3a-5a5c5baeb7cc;420.0;10.953064;UNKNOWN
2016-01-21T00:41:53.000000;2016-01-21T00:41:53.000000;85f31657-7d21-4a72-adcd-1c507bed077c;420.0;5.9143;UNKNOWN
2016-01-21T00:42:07.000000;2016-01-21T00:42:07.000000;4c83b99b-db5a-4df2-b185-e918a2faf58c;419.7;0.07154606;UNKNOWN
2016-01-21T00:42:20.000000;2016-01-21T00:42:20.000000;d97aafca-0cb9-4287-ad46-9947578b2587;419.78;11.83;UNKNOWN
2016-01-21T00:42:22.000000;2016-01-21T00:42:22.000000;04e581e9-b8c0-469a-adbc-795326c81237;419.69;6.0;UNKNOWN
2016-01-21T00:42:22.000000;2016-01-21T00:42:22.000000;cebb8370-4c68-4fd2-a230-b74c8be94dd5;419.31;0.77873215;UNKNOWN
2016-01-21T00:42:29.000000;2016-01-21T00:42:29.000000;d004aaec-3924-4298-b991-19a097c89cb1;419.31;0.1;UNKNOWN
2016-01-21T00:42:42.000000;2016-01-21T00:42:42.000000;e4614a39-4167-4bbe-8a7a-b92385e80932;420.0;1.0;UNKNOWN
2016-01-21T00:42:45.000000;2016-01-21T00:42:45.000000;0015af93-1780-4cc4-9930-43f803420a8a;420.0;0.736593;UNKNOWN
2016-01-21T00:43:54.000000;2016-01-21T00:43:54.000000;ef29ecc3-577c-4f66-b375-df012bd99da5;419.32;1.0;UNKNOWN
2016-01-21T00:44:08.000000;2016-01-21T00:44:08.000000;d0879235-8483-4c33-a01f-69d1614bb146;419.32;0.82;UNKNOWN
2016-01-21T00:44:21.000000;2016-01-21T00:44:21.000000;1d9876fa-7018-4a5d-a133-5d287abb96e4;419.94;0.01;UNKNOWN
2016-01-21T00:45:05.000000;2016-01-21T00:45:05.000000;c7558e65-97ef-4641-b50d-fc686e897528;419.32;2.92246863;UNKNOWN
2016-01-21T00:45:06.000000;2016-01-21T00:45:06.000000;dcbb32f5-1b60-4c0f-8d95-409928451c7f;419.32;0.21895893;UNKNOWN
2016-01-21T00:45:07.000000;2016-01-21T00:45:07.000000;500a8227-a1a6-4f70-a16d-3c1798194013;419.31;0.11573538;UNKNOWN
2016-01-21T00:45:07.000000;2016-01-21T00:45:07.000000;2191c6e1-cfab-49f2-85c4-4ddd2232f8a2;419.32;0.92937244;UNKNOWN
2016-01-21T00:45:07.000000;2016-01-21T00:45:07.000000;1df94a08-d487-4776-9000-0083fc666ff2;419.31;2.10703831;UNKNOWN
2016-01-21T00:45:12.000000;2016-01-21T00:45:12.000000;98a6007a-2499-4f66-aa6a-da4223cb06fe;419.69;5.8901;UNKNOWN
2016-01-21T00:45:12.000000;2016-01-21T00:45:12.000000;142141fd-1134-48ca-91d9-ccb0df4faf83;419.68;3.0;UNKNOWN
2016-01-21T00:45:16.000000;2016-01-21T00:45:16.000000;7a66cc7f-d779-4b9b-a6bc-cf0a2ccc883b;419.32;5.9384;UNKNOWN
2016-01-21T00:45:16.000000;2016-01-21T00:45:16.000000;5a95758d-0034-4398-91f4-281ffa54043a;419.69;1.1099;UNKNOWN
2016-01-21T00:45:16.000000;2016-01-21T00:45:16.000000;c2d4c2a6-3c0c-400a-b463-8c46eab2c39a;419.0;0.05447369;UNKNOWN
2016-01-21T00:45:16.000000;2016-01-21T00:45:16.000000;14094240-f74f-43a8-972e-96e05de013f7;419.31;7.77722631;UNKNOWN
2016-01-21T00:45:16.000000;2016-01-21T00:45:16.000000;23480880-e8c2-442a-b742-6bf25a897ef1;419.0;0.12;UNKNOWN
2016-01-21T00:45:19.000000;2016-01-21T00:45:19.000000;c0f9afdc-75b6-49d2-a679-b552b992457e;419.0;1.906147;UNKNOWN
2016-01-21T00:45:19.000000;2016-01-21T00:45:19.000000;1076cc5e-4127-418c-9ac0-b071afee2068;419.04;1.093853;UNKNOWN
2016-01-21T00:45:31.000000;2016-01-21T00:45:31.000000;a55630c2-db25-4c99-acbd-1011215191fc;419.0;3.20027931;UNKNOWN
2016-01-21T00:45:31.000000;2016-01-21T00:45:31.000000;d29b1f41-1315-4b9b-90cb-cf318428daaa;418.84;0.07;UNKNOWN
2016-01-21T00:45:31.000000;2016-01-21T00:45:31.000000;abaadd55-54a3-4612-82c2-cf64a8522cba;418.7;0.2;UNKNOWN
2016-01-21T00:45:31.000000;2016-01-21T00:45:31.000000;e4964ff0-05b8-4879-a75c-c85a9716044f;418.53;2.87103316;UNKNOWN
2016-01-21T00:45:31.000000;2016-01-21T00:45:31.000000;e0a679ed-7e6e-420e-af7c-944579e035ed;418.76;30.0;UNKNOWN
2016-01-21T00:45:31.000000;2016-01-21T00:45:31.000000;e3e396c5-d429-48e8-8411-3eb6a86e59c1;418.76;2.94282453;UNKNOWN
2016-01-21T00:45:31.000000;2016-01-21T00:45:31.000000;5aa9cc82-e434-4df8-9750-2291425bbe51;418.85;0.715863;UNKNOWN
2016-01-21T00:45:36.000000;2016-01-21T00:45:36.000000;8753fc67-8cb7-4558-beb3-f1a9d1a6bffa;418.54;3.0;UNKNOWN
2016-01-21T00:46:01.000000;2016-01-21T00:46:01.000000;6110c624-7cb2-4d5f-b56b-4a20c45eea3c;418.54;1.0;UNKNOWN
2016-01-21T00:46:06.000000;2016-01-21T00:46:06.000000;01fb22ea-7934-4d02-9869-e53bcbbc1482;418.54;1.3925094;UNKNOWN
2016-01-21T00:46:34.000000;2016-01-21T00:46:34.000000;f00c9b06-85da-48c3-8026-ad359584ce5d;418.29;5.85724929;UNKNOWN
2016-01-21T00:46:34.000000;2016-01-21T00:46:34.000000;66c538e1-544c-4a60-8f6f-9af0bd535dab;418.53;12.12896684;UNKNOWN
2016-01-21T00:47:06.000000;2016-01-21T00:47:06.000000;1cab002d-bf65-4b9d-843c-288e2b811b0b;418.71;3.36940482;UNKNOWN
2016-01-21T00:47:12.000000;2016-01-21T00:47:12.000000;97444c11-8bf8-41d6-8134-8d9c79c31152;418.99;5.0;UNKNOWN
2016-01-21T00:48:03.000000;2016-01-21T00:48:03.000000;f1620ca6-7c69-4fb2-b6e2-270665b2e70d;419.0;0.025;UNKNOWN
2016-01-21T00:48:05.000000;2016-01-21T00:48:05.000000;c5683dcb-cef8-4244-9752-eb7c6008962b;418.72;2.92465753;UNKNOWN
2016-01-21T00:48:05.000000;2016-01-21T00:48:05.000000;d86899e0-486c-4496-9aa0-574952bab931;418.72;0.5;UNKNOWN
2016-01-21T00:48:10.000000;2016-01-21T00:48:10.000000;42435fef-5ffd-4fe3-a3d1-14d67f94fa76;419.0;0.025;UNKNOWN
2016-01-21T00:48:19.000000;2016-01-21T00:48:19.000000;e746b503-a08f-42e7-ae50-0e96133d4c8f;418.99;0.166;UNKNOWN
2016-01-21T00:48:23.000000;2016-01-21T00:48:23.000000;6ff58898-5c20-4745-82ea-6f8097e80f35;418.99;5.7387;UNKNOWN
2016-01-21T00:48:27.000000;2016-01-21T00:48:27.000000;a41fc743-a415-4d52-addb-ddb8799fbe75;418.72;1.46295054;UNKNOWN
2016-01-21T00:48:27.000000;2016-01-21T00:48:27.000000;e8983ff8-bec6-49ce-9984-ce12f359bb54;418.73;0.07;UNKNOWN
2016-01-21T00:48:27.000000;2016-01-21T00:48:27.000000;1870652c-4956-461f-9939-47607ffa870b;418.72;0.5;UNKNOWN
2016-01-21T00:48:46.000000;2016-01-21T00:48:46.000000;fe507e44-182c-4073-9250-167a2a201abb;418.31;0.2037;UNKNOWN
2016-01-21T00:48:46.000000;2016-01-21T00:48:46.000000;b4c8e744-d275-4c09-8c92-d9f572a3facf;418.33;0.37;UNKNOWN
2016-01-21T00:48:46.000000;2016-01-21T00:48:46.000000;c218e0db-d669-4005-bf00-0969714f4718;418.32;5.9263;UNKNOWN
2016-01-21T00:48:46.000000;2016-01-21T00:48:46.000000;f67bc2ec-4b9e-4ec6-adc8-db6e5e2e19c2;418.32;0.5;UNKNOWN
2016-01-21T00:48:46.000000;2016-01-21T00:48:46.000000;64c173f9-ee99-44d2-acc2-5071be90ab49;418.31;3.0;UNKNOWN
2016-01-21T00:48:52.000000;2016-01-21T00:48:52.000000;a716fb91-74db-4151-ab70-22eb5d8dffed;418.99;0.814;UNKNOWN
2016-01-21T00:48:55.000000;2016-01-21T00:48:55.000000;ce208b45-46b4-48eb-94fb-5c73c72d5afe;418.38;0.5;UNKNOWN
2016-01-21T00:48:55.000000;2016-01-21T00:48:55.000000;f275ca03-246f-4e71-ae6a-4d31f5f40868;418.37;0.5;UNKNOWN
2016-01-21T00:49:05.000000;2016-01-21T00:49:05.000000;3a720bc8-8f7a-4cf0-a36b-c82c4f6b6f91;418.38;0.4274;UNKNOWN
2016-01-21T00:49:17.000000;2016-01-21T00:49:17.000000;983483d8-aaed-4518-ab1e-c621792622fe;418.7;4.1938;UNKNOWN
2016-01-21T00:49:17.000000;2016-01-21T00:49:17.000000;e71b351f-22e7-4946-ab80-9885c34dc1a4;418.7;0.04773832;UNKNOWN
2016-01-21T00:49:22.000000;2016-01-21T00:49:22.000000;3a3c6c9d-966b-440f-b7c9-125041edd5bc;418.99;5.0;UNKNOWN
2016-01-21T00:49:26.000000;2016-01-21T00:49:26.000000;28fa3ba4-4ffc-4559-b7e3-e9527e37182c;419.0;0.536;UNKNOWN
2016-01-21T00:50:02.000000;2016-01-21T00:50:02.000000;d2bffa64-eb59-4962-9b5a-63c44ecac437;418.99;0.795;UNKNOWN
2016-01-21T00:50:06.000000;2016-01-21T00:50:06.000000;c849472f-8d42-4296-b8db-b0fcd1466f02;418.99;0.31476149;UNKNOWN
2016-01-21T00:50:37.000000;2016-01-21T00:50:37.000000;b6cd0b16-8d24-4ad4-8cce-9eebce34790c;418.98;0.747;UNKNOWN
2016-01-21T00:50:52.000000;2016-01-21T00:50:52.000000;2a831be0-e32c-4125-bfe7-ab6a0aa8f110;418.98;5.0;UNKNOWN
2016-01-21T00:51:22.000000;2016-01-21T00:51:22.000000;68f4fdc7-5502-4d4f-b8f6-c76b86a4e856;418.98;1.072714;UNKNOWN
2016-01-21T00:51:36.000000;2016-01-21T00:51:36.000000;5a9703fb-83f3-47fa-b1f2-a4b26e0847c5;418.99;27.7;UNKNOWN
2016-01-21T00:51:47.000000;2016-01-21T00:51:47.000000;670d2f5e-8a4e-41eb-b624-d4e5fdb947a4;418.99;1.02;UNKNOWN
2016-01-21T00:51:49.000000;2016-01-21T00:51:49.000000;10766a5f-7e6c-48a5-9d44-48d6548ce020;418.99;10.03;UNKNOWN
2016-01-21T00:51:49.000000;2016-01-21T00:51:49.000000;aebd4efa-e4c9-4704-8f7f-ffbe303f456e;418.99;1.0;UNKNOWN
2016-01-21T00:52:05.000000;2016-01-21T00:52:05.000000;bb281434-780c-4712-8d42-5ab394c31bdf;418.99;10.75846168;UNKNOWN
2016-01-21T00:52:05.000000;2016-01-21T00:52:05.000000;07f61138-89bd-414b-91d3-53708ceed7eb;418.98;0.0194;UNKNOWN
2016-01-21T00:52:20.000000;2016-01-21T00:52:20.000000;cf29cd9b-12a3-4920-a884-b889a8203678;418.99;0.271;UNKNOWN
2016-01-21T00:52:31.000000;2016-01-21T00:52:31.000000;e55ea081-e015-4842-8dcc-c77866094d15;418.99;20.0;UNKNOWN
2016-01-21T00:52:54.000000;2016-01-21T00:52:54.000000;12e24cc2-67b1-43e2-b924-275d8c8d47f3;418.99;0.341;UNKNOWN
2016-01-21T00:53:05.000000;2016-01-21T00:53:05.000000;0dcc5e52-ca1d-4457-8d79-7e310b83f581;418.97;2.92809692;UNKNOWN
2016-01-21T00:53:28.000000;2016-01-21T00:53:28.000000;8c59ee50-cadf-417d-a95e-b9d2f950e8c8;418.99;1.614;UNKNOWN
2016-01-21T00:54:02.000000;2016-01-21T00:54:02.000000;0ff6396e-6da8-4d2a-b88a-38d39f9eb3d6;418.99;0.988;UNKNOWN
2016-01-21T00:54:05.000000;2016-01-21T00:54:05.000000;6068f026-4584-4d8e-a1ef-46662495806b;418.97;2.3;UNKNOWN
2016-01-21T00:54:36.000000;2016-01-21T00:54:36.000000;fa29bbd9-cd97-4c57-8728-63bf09cf42e8;419.0;0.20378263;UNKNOWN
2016-01-21T00:54:36.000000;2016-01-21T00:54:36.000000;fa074828-eea5-4993-8ef8-effd70084905;419.0;0.22544054;UNKNOWN
2016-01-21T00:54:36.000000;2016-01-21T00:54:36.000000;f139366e-b395-47f5-b24e-292d28f85e39;418.99;0.16777683;UNKNOWN
2016-01-21T00:54:54.000000;2016-01-21T00:54:54.000000;2a587de3-e7b1-480a-957e-2606840fa08c;419.0;0.1;UNKNOWN
2016-01-21T00:54:56.000000;2016-01-21T00:54:56.000000;d5278542-2c88-48fe-895c-09f961f2e069;419.0;0.1369;UNKNOWN
2016-01-21T00:54:57.000000;2016-01-21T00:54:57.000000;9ec03597-a0be-4f73-bb22-9752489531f1;418.9;0.1166;UNKNOWN
2016-01-21T00:54:57.000000;2016-01-21T00:54:57.000000;db86c619-b31d-4e01-9b48-bebfecdef6fd;418.37;0.3134;UNKNOWN
2016-01-21T00:54:57.000000;2016-01-21T00:54:57.000000;4267d07d-e71a-4cec-ad83-e0c504100bd9;418.99;1.57;UNKNOWN
2016-01-21T00:54:57.000000;2016-01-21T00:54:57.000000;549b4f45-b68b-4744-8a4b-f414f78e00c6;418.99;8.0;UNKNOWN
2016-01-21T00:55:00.000000;2016-01-21T00:55:00.000000;37566163-4009-4389-9540-cd157de57468;419.0;2.0;UNKNOWN
2016-01-21T00:55:11.000000;2016-01-21T00:55:11.000000;9925898e-21fe-47b4-8fe9-502379c55dd6;419.0;1.12;UNKNOWN
2016-01-21T00:55:45.000000;2016-01-21T00:55:45.000000;b89706a2-d478-488a-8d04-8e94c22515d8;419.0;0.792;UNKNOWN
2016-01-21T00:56:04.000000;2016-01-21T00:56:04.000000;b2949d4c-44a9-402e-99a0-6da7b6b3cb3d;418.61;0.1;UNKNOWN
2016-01-21T00:56:05.000000;2016-01-21T00:56:05.000000;a05363ad-609f-49fc-bc8a-61c0c65213c5;418.61;0.12084542;UNKNOWN
2016-01-21T00:56:06.000000;2016-01-21T00:56:06.000000;79221b59-74a4-4997-ba01-6bd9d9bd6ee4;418.61;1.50211;UNKNOWN
2016-01-21T00:56:23.000000;2016-01-21T00:56:23.000000;49c01bc2-117d-412a-a99e-2ea3f83266fd;419.0;0.815;UNKNOWN
2016-01-21T00:56:27.000000;2016-01-21T00:56:27.000000;50337887-8081-45cf-8284-d8037376256c;418.53;0.025;UNKNOWN
2016-01-21T00:56:27.000000;2016-01-21T00:56:27.000000;8832ed87-4a4e-4b18-aaaf-0fd6b4597bde;418.75;5.9499;UNKNOWN
2016-01-21T00:56:27.000000;2016-01-21T00:56:27.000000;a0745827-a01e-4503-81b1-16c6826727d3;418.54;6.0;UNKNOWN
2016-01-21T00:56:27.000000;2016-01-21T00:56:27.000000;691c2873-1d3f-45f0-944d-d93a7abfe090;418.53;10.0;UNKNOWN
2016-01-21T00:56:27.000000;2016-01-21T00:56:27.000000;ad9afd3c-23ac-47a8-b872-1308c5e2bc41;418.05;1.0;UNKNOWN
2016-01-21T00:56:27.000000;2016-01-21T00:56:27.000000;905d6fd5-4f9d-4233-83d8-c823a97eeca7;418.88;0.731184;UNKNOWN
2016-01-21T00:56:27.000000;2016-01-21T00:56:27.000000;1e30b778-3ade-4b5f-a580-5ede2337e7cc;418.29;1.14275071;UNKNOWN
2016-01-21T00:56:27.000000;2016-01-21T00:56:27.000000;326c89b3-3906-4abc-b822-dd29ac29cd2a;418.05;0.07;UNKNOWN
2016-01-21T00:56:27.000000;2016-01-21T00:56:27.000000;33e48e58-20e7-48b2-9ffd-a5ee2eb979cb;418.01;11.65994483;UNKNOWN
2016-01-21T00:56:27.000000;2016-01-21T00:56:27.000000;614779c3-9e0d-4738-9d6a-5bcce9f8f20c;418.37;0.1866;UNKNOWN
2016-01-21T00:56:27.000000;2016-01-21T00:56:27.000000;66077b7f-1e4a-4c0e-9f8b-828735f12a47;418.02;1.01;UNKNOWN
2016-01-21T00:56:27.000000;2016-01-21T00:56:27.000000;3c28359b-11fc-4501-890b-4bdd1ddd188c;418.22;18.0;UNKNOWN
2016-01-21T00:56:27.000000;2016-01-21T00:56:27.000000;68a1ddf9-bbd7-4aa0-9413-3957876dcfc6;418.21;21.8972;UNKNOWN
2016-01-21T00:56:27.000000;2016-01-21T00:56:27.000000;3f81ee38-56d0-4d9e-98be-7d37e1799da8;418.06;1.5036;UNKNOWN
2016-01-21T00:56:27.000000;2016-01-21T00:56:27.000000;5933487b-509d-47d5-b66a-f9f18a6f937b;418.23;12.0;UNKNOWN
2016-01-21T00:56:27.000000;2016-01-21T00:56:27.000000;4f0801b1-3f03-4fe5-8a28-dbcb3ed082b1;418.07;12.5;UNKNOWN
2016-01-21T00:56:27.000000;2016-01-21T00:56:27.000000;35c2dc21-1ebd-4708-829c-bdcfd08c18db;418.41;0.07;UNKNOWN
2016-01-21T00:56:57.000000;2016-01-21T00:56:57.000000;7422bf38-fda8-4c4c-8a13-975b7a1a03c6;418.9;0.478339;UNKNOWN
2016-01-21T00:57:10.000000;2016-01-21T00:57:10.000000;c37b51e2-0bdc-4b7e-b5c5-b087aeb22452;418.12;4.96974;UNKNOWN
2016-01-21T00:57:10.000000;2016-01-21T00:57:10.000000;d09f5cd8-04eb-4594-8a7c-6e2f26802e5c;418.9;0.03026;UNKNOWN
2016-01-21T00:57:18.000000;2016-01-21T00:57:18.000000;ae03d886-10ad-402e-a38c-29ef390dfc71;418.03;0.1;UNKNOWN
2016-01-21T00:57:19.000000;2016-01-21T00:57:19.000000;545cda4d-bd8c-4431-92a8-3345d6dbbac6;418.03;0.01;UNKNOWN
2016-01-21T00:57:19.000000;2016-01-21T00:57:19.000000;981b314d-3cf9-449e-aaa2-acc8243edd23;418.03;0.11;UNKNOWN
2016-01-21T00:57:40.000000;2016-01-21T00:57:40.000000;944a8eb4-4014-4903-8087-6094793fc264;418.03;0.01;UNKNOWN
2016-01-21T00:58:37.000000;2016-01-21T00:58:37.000000;3ba37211-8577-48b5-8b2c-c3f986b14c8d;418.97;0.5;UNKNOWN
2016-01-21T00:58:37.000000;2016-01-21T00:58:37.000000;f3aee1a6-5c3e-48ec-bbc5-f46379627bc7;419.15;3.0;UNKNOWN
2016-01-21T00:58:37.000000;2016-01-21T00:58:37.000000;ea177c50-52c7-48cf-b289-dd02f0a4d039;418.96;0.64;UNKNOWN
2016-01-21T00:58:37.000000;2016-01-21T00:58:37.000000;1d992e82-c0c9-4e8a-affa-c6bb32ea56cb;419.0;1.06065946;UNKNOWN
2016-01-21T00:58:37.000000;2016-01-21T00:58:37.000000;a7e4f0bb-78e5-49b1-8489-cde5c50bdb06;419.16;2.20434054;UNKNOWN
2016-01-21T00:59:07.000000;2016-01-21T00:59:07.000000;d7473c75-9581-4d43-8ca2-81677c762e18;418.1;0.113192;UNKNOWN
2016-01-21T00:59:11.000000;2016-01-21T00:59:11.000000;a5addbb6-95a4-44ed-a459-1bece9fd4eee;419.13;0.779;UNKNOWN
2016-01-21T00:59:11.000000;2016-01-21T00:59:11.000000;c9280a9e-983e-43c8-a784-e402ac179e48;418.99;0.5;UNKNOWN
2016-01-21T00:59:44.000000;2016-01-21T00:59:44.000000;be095ac5-7ce4-4d8b-9003-227ce38479fb;418.98;1.147;UNKNOWN
2016-01-21T00:59:45.000000;2016-01-21T00:59:45.000000;b61b6564-73f7-4c00-9cf7-d618419cde42;418.98;0.680028;UNKNOWN
2016-01-21T00:59:53.000000;2016-01-21T00:59:53.000000;8b6d11e3-e103-4b82-a521-d5d2ec58837b;418.96;0.3;UNKNOWN
2016-01-21T01:00:02.000000;2016-01-21T01:00:02.000000;1aa6c54b-4a25-4365-9cfa-f77a8c011d32;419.58;17.87443019;UNKNOWN
2016-01-21T01:00:02.000000;2016-01-21T01:00:02.000000;cd173945-6b64-49ed-972f-0e8612218ced;419.58;1.04401788;UNKNOWN
2016-01-21T01:00:03.000000;2016-01-21T01:00:03.000000;ca3224a8-a65f-4e16-a082-df2933e10c1f;419.58;0.14155193;UNKNOWN
2016-01-21T01:00:03.000000;2016-01-21T01:00:03.000000;41db5775-9d4a-45a7-b2cf-cdf993e1fa98;419.59;0.22454564;UNKNOWN
2016-01-21T01:00:05.000000;2016-01-21T01:00:05.000000;8ab2923d-efd3-4511-be16-2d1720a15813;418.96;5.00160418;UNKNOWN
2016-01-21T01:00:20.000000;2016-01-21T01:00:20.000000;5890471d-7f41-4431-a751-073a6d7460a7;419.51;1.356;UNKNOWN
2016-01-21T01:00:31.000000;2016-01-21T01:00:31.000000;99e458ab-a97a-49d3-b74f-d4a813883845;419.0;5.0;UNKNOWN
2016-01-21T01:00:31.000000;2016-01-21T01:00:31.000000;912a23a0-0bb8-403a-baf1-07fcb18c211a;418.38;2.428102;UNKNOWN
2016-01-21T01:00:31.000000;2016-01-21T01:00:31.000000;bb6858d1-037a-40dd-93f5-07c3c92b8ca5;418.71;12.0516;UNKNOWN
2016-01-21T01:00:31.000000;2016-01-21T01:00:31.000000;629b5165-56d8-4629-9e05-debf0770051f;418.39;9.54;UNKNOWN
2016-01-21T01:00:31.000000;2016-01-21T01:00:31.000000;f40407a9-ac5d-41fb-b64c-87229327d879;419.03;5.9541;UNKNOWN
2016-01-21T01:00:31.000000;2016-01-21T01:00:31.000000;0521a5d8-d057-4922-b602-69009e74f301;418.95;1.026198;UNKNOWN
2016-01-21T01:00:36.000000;2016-01-21T01:00:36.000000;af48cd21-be57-4a86-a12c-6a553e2c795f;418.02;16.27;UNKNOWN
2016-01-21T01:00:36.000000;2016-01-21T01:00:36.000000;d5b89f4d-557e-461c-8325-3a0b5aaf556f;418.06;1.03;UNKNOWN
2016-01-21T01:00:36.000000;2016-01-21T01:00:36.000000;2278bdaf-efe3-4841-ad20-4a9bac8b79d2;418.03;0.223;UNKNOWN
2016-01-21T01:00:36.000000;2016-01-21T01:00:36.000000;42a0b206-0984-4889-8608-37941fa97126;418.01;11.2268;UNKNOWN
2016-01-21T01:00:36.000000;2016-01-21T01:00:36.000000;6435d19f-1254-440e-afeb-a85692aa82a0;418.1;2.69;UNKNOWN
2016-01-21T01:00:36.000000;2016-01-21T01:00:36.000000;b8f63dd9-1a59-4988-981a-ab3a1b37c228;418.11;19.13;UNKNOWN
2016-01-21T01:00:36.000000;2016-01-21T01:00:36.000000;00ae3d53-b636-4dd3-a88d-ef58ce03f52f;418.03;0.212;UNKNOWN
2016-01-21T01:00:36.000000;2016-01-21T01:00:36.000000;e382b251-4a37-4c7d-b8c0-0b74461af72a;418.09;5.9052;UNKNOWN
2016-01-21T01:00:36.000000;2016-01-21T01:00:36.000000;fbb130f7-9b79-401e-b383-7bc3376cfc2c;418.03;0.222;UNKNOWN
2016-01-21T01:00:36.000000;2016-01-21T01:00:36.000000;1eb94ea0-eaf8-4814-9eaf-e4261b61b116;418.03;0.221;UNKNOWN
2016-01-21T01:00:36.000000;2016-01-21T01:00:36.000000;c6a2b661-2701-43c3-8f79-bf0b603c8eaa;418.1;0.88;UNKNOWN
2016-01-21T01:00:36.000000;2016-01-21T01:00:36.000000;38cd3690-05ed-4dae-ac5b-04463969b9c6;418.03;0.22;UNKNOWN
2016-01-21T01:00:42.000000;2016-01-21T01:00:42.000000;6c52f701-647d-4249-8835-b30a0ff9847b;418.15;0.37;UNKNOWN
2016-01-21T01:00:42.000000;2016-01-21T01:00:42.000000;8091a1a7-abce-4afd-8250-2975c71a2ad2;418.08;1.34935062;UNKNOWN
2016-01-21T01:00:54.000000;2016-01-21T01:00:54.000000;a5512bfc-10f9-4051-8ee8-4746ca50e483;419.32;1.046;UNKNOWN
2016-01-21T01:00:55.000000;2016-01-21T01:00:55.000000;0547231d-87e9-4b0d-bacc-75d78e95df3f;419.31;10.0;UNKNOWN
2016-01-21T01:01:28.000000;2016-01-21T01:01:28.000000;e425686e-a9f1-4f10-a84e-a75ccba09bf2;419.07;0.575;UNKNOWN
2016-01-21T01:01:28.000000;2016-01-21T01:01:28.000000;ecb6765d-ac9f-47bb-88bb-a2b521e0e531;419.06;0.5;UNKNOWN
2016-01-21T01:01:53.000000;2016-01-21T01:01:53.000000;8386110e-aacb-432f-b7a2-9abaca1e705c;418.09;0.3;UNKNOWN
2016-01-21T01:02:02.000000;2016-01-21T01:02:02.000000;f881849a-bdda-4155-8e73-d6ae15597ed0;418.93;0.505;UNKNOWN
2016-01-21T01:02:07.000000;2016-01-21T01:02:07.000000;85630377-64c2-4d76-8d19-225f48120ae9;418.14;1.6681;UNKNOWN
2016-01-21T01:02:11.000000;2016-01-21T01:02:11.000000;2c73323d-daa3-4622-b55a-26c12e689a2d;418.1;0.37;UNKNOWN
2016-01-21T01:02:11.000000;2016-01-21T01:02:11.000000;55efee41-0251-49d7-b2cc-e740921a4dd8;418.02;0.3603935;UNKNOWN
2016-01-21T01:02:37.000000;2016-01-21T01:02:37.000000;ac28f8db-c0c5-4fde-8e61-cfeb855ce506;418.84;0.05;UNKNOWN
2016-01-21T01:03:11.000000;2016-01-21T01:03:11.000000;c8c80e01-034f-4216-b3fc-12533fd3c346;418.71;0.122;UNKNOWN
2016-01-21T01:03:45.000000;2016-01-21T01:03:45.000000;d487297d-677a-4fa0-889d-2fc382c76cfb;418.86;0.093;UNKNOWN
2016-01-21T01:04:00.000000;2016-01-21T01:04:00.000000;9bbe2269-d4f1-4ccf-872a-15c5a6446f60;418.64;0.2205;UNKNOWN
2016-01-21T01:04:00.000000;2016-01-21T01:04:00.000000;2c70137b-7f17-44dd-a3f9-5a42f452359e;418.2;1.7795;UNKNOWN
2016-01-21T01:04:17.000000;2016-01-21T01:04:17.000000;0c0543c4-027a-45d2-b5e8-2b7675abfa65;418.21;0.1;UNKNOWN
2016-01-21T01:04:19.000000;2016-01-21T01:04:19.000000;86b37629-fef1-45f4-afdc-9c247566ea58;419.15;0.972;UNKNOWN
2016-01-21T01:05:05.000000;2016-01-21T01:05:05.000000;2978d19b-c7a1-44d7-80fd-e800fa5bf242;418.29;1.17308159;UNKNOWN
2016-01-21T01:05:15.000000;2016-01-21T01:05:15.000000;38faa03d-9969-4ba2-bbe1-0091fbdd9f44;418.35;5.0;UNKNOWN
2016-01-21T01:05:51.000000;2016-01-21T01:05:51.000000;e60b87e7-9078-45f4-adb2-4339369bf253;418.75;2.5;UNKNOWN
2016-01-21T01:05:52.000000;2016-01-21T01:05:52.000000;1960f527-bb9e-4c87-aaeb-8942281bd37a;418.73;1.037461;UNKNOWN
2016-01-21T01:06:02.000000;2016-01-21T01:06:02.000000;2b9d0bd3-e5e3-476e-a1e9-1c518f18ae2c;419.42;1.358;UNKNOWN
2016-01-21T01:06:30.000000;2016-01-21T01:06:30.000000;3df82c38-aede-43b0-8a6f-c328c847a02b;418.73;2.0;UNKNOWN
2016-01-21T01:06:36.000000;2016-01-21T01:06:36.000000;3a195fc7-5d49-4bf0-8649-85f2be937f89;418.98;0.154;UNKNOWN
2016-01-21T01:06:36.000000;2016-01-21T01:06:36.000000;4cd370b1-eb19-4485-afe6-448c7d722e3e;418.98;0.84;UNKNOWN
2016-01-21T01:06:57.000000;2016-01-21T01:06:57.000000;243f7c04-69b5-4672-8eaf-30f648e061b0;418.22;1.04;UNKNOWN
2016-01-21T01:06:57.000000;2016-01-21T01:06:57.000000;4d7d1d0c-37b3-4a9b-a9c1-7c8a2ef64173;418.21;0.86;UNKNOWN
2016-01-21T01:07:05.000000;2016-01-21T01:07:05.000000;fdeafcc4-a3c0-4b5f-8a39-726922611b65;418.21;3.48785757;UNKNOWN
2016-01-21T01:07:11.000000;2016-01-21T01:07:11.000000;9defbf28-d149-4850-b9ce-08a27350ef3d;418.76;1.157;UNKNOWN
2016-01-21T01:07:12.000000;2016-01-21T01:07:12.000000;315ef9f6-de26-40da-b37b-525ac964865f;418.21;0.01;UNKNOWN
2016-01-21T01:07:15.000000;2016-01-21T01:07:15.000000;6ec00e7e-cd0f-4136-b3c6-6dc5bcec96f9;418.21;0.01;UNKNOWN
2016-01-21T01:07:18.000000;2016-01-21T01:07:18.000000;9ca22def-f3f9-4021-8d15-ca3248651b87;418.21;0.01;UNKNOWN
2016-01-21T01:07:24.000000;2016-01-21T01:07:24.000000;d4aa4218-90b6-4bc4-a6fb-a5a17498ab32;418.21;0.01;UNKNOWN
2016-01-21T01:07:45.000000;2016-01-21T01:07:45.000000;66e2b1f8-0771-4894-8a63-c764cede18a1;418.58;1.638;UNKNOWN
2016-01-21T01:08:24.000000;2016-01-21T01:08:24.000000;8d11a67e-c942-4d23-b90f-c13dc75a70a4;418.92;0.313;UNKNOWN
2016-01-21T01:08:34.000000;2016-01-21T01:08:34.000000;0f9d0a48-8876-4f63-948f-fc666e179f42;418.35;0.5;UNKNOWN
2016-01-21T01:08:51.000000;2016-01-21T01:08:51.000000;e55f7959-ef39-4f88-a6a4-a945fb976a88;419.46;5.9126;UNKNOWN
2016-01-21T01:08:51.000000;2016-01-21T01:08:51.000000;42d2a839-48f0-4d8f-942d-4ec479448147;419.0;0.03;UNKNOWN
2016-01-21T01:08:51.000000;2016-01-21T01:08:51.000000;ec062c39-e2d1-4e01-9e79-f323f4bcaa2b;419.48;6.74271483;UNKNOWN
2016-01-21T01:08:51.000000;2016-01-21T01:08:51.000000;286f2001-5692-44e0-bebe-d9bc015c1e0f;418.86;0.2;UNKNOWN
2016-01-21T01:09:06.000000;2016-01-21T01:09:06.000000;4a1f72be-9231-40cc-8621-1dcb995da626;419.46;0.022113;UNKNOWN
2016-01-21T01:09:06.000000;2016-01-21T01:09:06.000000;629ed051-562a-4ee7-abbf-2c2eb8173ad4;419.47;0.977887;UNKNOWN
2016-01-21T01:09:14.000000;2016-01-21T01:09:14.000000;f6fcf179-1477-4adc-9870-bd612b357326;419.48;3.0;UNKNOWN
2016-01-21T01:09:17.000000;2016-01-21T01:09:17.000000;645125b6-c310-491f-97c9-8ed76f181472;419.5;20.0;UNKNOWN
2016-01-21T01:09:17.000000;2016-01-21T01:09:17.000000;f5d03bc3-159d-4ca6-a94d-3842bd221644;420.0;5.363957;UNKNOWN
2016-01-21T01:09:17.000000;2016-01-21T01:09:17.000000;f5b3faa2-9fa2-45ef-bc02-f574c5004335;420.0;1.396043;UNKNOWN
2016-01-21T01:09:17.000000;2016-01-21T01:09:17.000000;8b21e29e-fd40-4814-8bdd-eaf91cf4cd22;419.53;0.2;UNKNOWN
2016-01-21T01:09:17.000000;2016-01-21T01:09:17.000000;90408b04-dd4b-45fe-befa-841b3cb7f8aa;419.48;13.04;UNKNOWN
2016-01-21T01:09:31.000000;2016-01-21T01:09:31.000000;3ae254c7-4180-4dea-a6ac-e51de4615cd0;420.0;19.863957;UNKNOWN
2016-01-21T01:09:31.000000;2016-01-21T01:09:31.000000;be0f0347-0be0-4d2b-8fd8-6dd9f8c601e4;420.0;0.5;UNKNOWN
2016-01-21T01:09:31.000000;2016-01-21T01:09:31.000000;cfc38e2f-a403-4aa9-8f66-cb138ed49f3b;420.0;4.636043;UNKNOWN
2016-01-21T01:09:32.000000;2016-01-21T01:09:32.000000;bea46f17-0a8c-4d2c-876b-cb9e06f02484;420.0;0.136043;UNKNOWN
2016-01-21T01:09:32.000000;2016-01-21T01:09:32.000000;71b2207f-cf42-4755-81f6-0da5b8c6bc65;420.4;1.24776056;UNKNOWN
2016-01-21T01:09:48.000000;2016-01-21T01:09:48.000000;9ff34688-4a8b-4ba2-88b5-2857b0750d56;420.43;2.8;UNKNOWN
2016-01-21T01:09:48.000000;2016-01-21T01:09:48.000000;405ad36e-973d-40b5-b043-255bcdcff685;420.3;0.2;UNKNOWN
2016-01-21T01:10:00.000000;2016-01-21T01:10:00.000000;546718f1-f22a-4c5b-9776-4a4f44d34e77;420.43;3.0;UNKNOWN
2016-01-21T01:10:41.000000;2016-01-21T01:10:41.000000;415af723-11c4-4a83-8b73-3dab54cb6c3d;420.43;0.023;UNKNOWN
2016-01-21T01:10:52.000000;2016-01-21T01:10:52.000000;2f1a81cf-35bd-48e9-bd2d-ad5c31c3905d;420.49;3.8435;UNKNOWN
2016-01-21T01:10:52.000000;2016-01-21T01:10:52.000000;9d11eb3c-c8b9-4ce9-af46-4fcd228a7de7;420.43;0.2;UNKNOWN
2016-01-21T01:10:52.000000;2016-01-21T01:10:52.000000;74e2957a-1e50-4bc8-bc69-8145967e8844;420.43;4.177;UNKNOWN
2016-01-21T01:10:53.000000;2016-01-21T01:10:53.000000;0c98d6a5-968a-405c-844b-2787cd5a065d;420.49;1.9578;UNKNOWN
2016-01-21T01:10:53.000000;2016-01-21T01:10:53.000000;e0ce38b2-61e2-4a75-97bb-3719154159ff;420.49;3.0;UNKNOWN
2016-01-21T01:10:58.000000;2016-01-21T01:10:58.000000;503296f0-109b-4671-b565-87d3173c036e;420.49;1.23980191;UNKNOWN
2016-01-21T01:10:58.000000;2016-01-21T01:10:58.000000;e0b624be-9d22-44f8-b119-5688105b703d;420.66;0.2875122;UNKNOWN
2016-01-21T01:10:58.000000;2016-01-21T01:10:58.000000;8b975ab2-c209-4a04-96d2-c825ca4c6e02;420.49;0.2;UNKNOWN
2016-01-21T01:10:58.000000;2016-01-21T01:10:58.000000;db8f7c60-40df-438a-b257-a57cdc987327;420.99;1.27268589;UNKNOWN
2016-01-21T01:11:10.000000;2016-01-21T01:11:10.000000;9cb21960-397d-4f52-a672-739c190130ae;422.55;1.50792592;UNKNOWN
2016-01-21T01:11:10.000000;2016-01-21T01:11:10.000000;4b2f3099-1714-4284-851b-056541eea481;422.55;4.66;UNKNOWN
2016-01-21T01:11:10.000000;2016-01-21T01:11:10.000000;c42b30e2-ce03-441c-ad34-59fbf5b376dd;420.99;2.0;UNKNOWN
2016-01-21T01:11:10.000000;2016-01-21T01:11:10.000000;a5f3de06-126f-4e63-8450-5fad0f5399bb;422.25;0.05;UNKNOWN
2016-01-21T01:11:10.000000;2016-01-21T01:11:10.000000;78ec5538-ecb7-498e-ab07-4920ebae879c;422.09;2.02;UNKNOWN
2016-01-21T01:11:10.000000;2016-01-21T01:11:10.000000;98899c21-a9f4-431c-a42e-fdb6209fad4a;421.42;0.05;UNKNOWN
2016-01-21T01:11:10.000000;2016-01-21T01:11:10.000000;fa597c7d-5ebc-4e88-b668-4e1ed3381a0c;421.4;0.05;UNKNOWN
2016-01-21T01:11:10.000000;2016-01-21T01:11:10.000000;53aabb3e-7b96-4d30-8994-4c07393bdd06;421.4;0.2972025;UNKNOWN
2016-01-21T01:11:10.000000;2016-01-21T01:11:10.000000;a34d9415-09cc-4f54-863b-cb817f794640;420.99;16.72731411;UNKNOWN
2016-01-21T01:11:10.000000;2016-01-21T01:11:10.000000;d0d987f8-dd32-4d08-809f-75e58b947c75;422.02;0.25;UNKNOWN
2016-01-21T01:11:10.000000;2016-01-21T01:11:10.000000;4f3d384a-f2ba-46cd-ad46-1ea1aa924a45;422.3;0.23897437;UNKNOWN
2016-01-21T01:11:17.000000;2016-01-21T01:11:17.000000;231c8a20-365e-44d0-839b-b491b6878b2c;420.99;0.2;UNKNOWN
2016-01-21T01:11:17.000000;2016-01-21T01:11:17.000000;63beaa10-0c62-4f2f-8c3c-9803e3fa4c10;421.62;0.39592084;UNKNOWN
2016-01-21T01:11:17.000000;2016-01-21T01:11:17.000000;65b95752-42a2-43e3-a392-8a0ee9b51b9d;420.98;2.40407916;UNKNOWN
2016-01-21T01:11:27.000000;2016-01-21T01:11:27.000000;b2ddffb9-a916-4813-a1d4-e12506ab3bc5;421.97;0.5;UNKNOWN
2016-01-21T01:11:27.000000;2016-01-21T01:11:27.000000;a5da3fb7-4487-4785-8075-475cbf8df9c6;422.0;0.5;UNKNOWN
2016-01-21T01:11:29.000000;2016-01-21T01:11:29.000000;85599eb5-37a7-48bd-a2d7-5b76c761903b;422.67;3.0;UNKNOWN
2016-01-21T01:11:29.000000;2016-01-21T01:11:29.000000;42bf4ae3-952e-4326-ad77-612071dcd8f5;422.66;18.0;UNKNOWN
2016-01-21T01:11:29.000000;2016-01-21T01:11:29.000000;ba9269aa-6f9c-4469-a93f-36564e04190f;421.98;0.5;UNKNOWN
2016-01-21T01:11:29.000000;2016-01-21T01:11:29.000000;15d55be6-949f-477f-9861-4cbd939c209a;421.98;0.5;UNKNOWN
2016-01-21T01:11:29.000000;2016-01-21T01:11:29.000000;7495714d-8ee7-4170-b983-b3e4eb3cc8c3;422.66;3.0;UNKNOWN
2016-01-21T01:11:31.000000;2016-01-21T01:11:31.000000;2938223f-6514-46d1-8eb9-eda07b497f77;422.53;1.0;UNKNOWN
2016-01-21T01:11:33.000000;2016-01-21T01:11:33.000000;6e398ded-1d09-4a12-b1d9-4e0cc5b2b9ba;422.53;0.02936712;UNKNOWN
2016-01-21T01:11:35.000000;2016-01-21T01:11:35.000000;fce05727-221e-44bb-8244-7efb29ec618c;422.53;2.75098523;UNKNOWN
2016-01-21T01:11:35.000000;2016-01-21T01:11:35.000000;0fbfebfa-7601-4c41-b5e3-cfef3cb92204;422.53;0.24901477;UNKNOWN
2016-01-21T01:11:35.000000;2016-01-21T01:11:35.000000;c587adf0-7c07-4742-94c2-63f0ce1dbd67;422.53;0.47063288;UNKNOWN
2016-01-21T01:11:35.000000;2016-01-21T01:11:35.000000;ae5c0efa-813c-4080-8319-26e075feac90;422.54;0.24901477;UNKNOWN
2016-01-21T01:11:38.000000;2016-01-21T01:11:38.000000;13cb33be-4602-410b-b0c7-f9e31aae6699;422.51;5.0;UNKNOWN
2016-01-21T01:11:40.000000;2016-01-21T01:11:40.000000;eb5bbf9d-7183-4ba8-ae9b-cbdcb4ede10d;422.6;0.2;UNKNOWN
2016-01-21T01:11:41.000000;2016-01-21T01:11:41.000000;36275853-3a56-4c2e-9d31-670af2864638;422.6;5.6842;UNKNOWN
2016-01-21T01:11:43.000000;2016-01-21T01:11:43.000000;71be7bae-59b2-4c85-a39c-5ab61c28b04c;423.04;0.92889477;UNKNOWN
2016-01-21T01:11:43.000000;2016-01-21T01:11:43.000000;119fc0b4-a5ee-433d-aff1-5b0142b9c97d;422.66;5.7489;UNKNOWN
2016-01-21T01:11:43.000000;2016-01-21T01:11:43.000000;6f6da492-97cc-49e4-b444-92c870ad0900;422.7;0.4843;UNKNOWN
2016-01-21T01:11:43.000000;2016-01-21T01:11:43.000000;38ce31eb-7fdb-47ef-b2a5-4c4836873316;423.03;2.02;UNKNOWN
2016-01-21T01:11:43.000000;2016-01-21T01:11:43.000000;35e3ccd3-d10f-44b5-96c6-b11eda0ab8c8;422.97;0.02;UNKNOWN
2016-01-21T01:11:43.000000;2016-01-21T01:11:43.000000;f299bc9b-e30f-4681-8f5d-7863d4704dac;422.65;3.0;UNKNOWN
2016-01-21T01:11:43.000000;2016-01-21T01:11:43.000000;cff19628-15af-4e14-88b9-59c2170e33cb;423.23;12.29790523;UNKNOWN
2016-01-21T01:11:43.000000;2016-01-21T01:11:43.000000;4af4d43d-5107-49c1-8af3-79f79be027b4;422.65;0.1;UNKNOWN
2016-01-21T01:11:43.000000;2016-01-21T01:11:43.000000;8bf683e1-e81f-4987-8334-b3386ec3044b;422.65;0.5;UNKNOWN
2016-01-21T01:11:44.000000;2016-01-21T01:11:44.000000;041261a2-56c4-4b5c-9cf0-6df28c9de33f;422.65;0.4;UNKNOWN
2016-01-21T01:11:45.000000;2016-01-21T01:11:45.000000;2c0264bc-db06-4699-8b44-4ab70950fd6b;423.0;0.2;UNKNOWN
2016-01-21T01:11:51.000000;2016-01-21T01:11:51.000000;63efe4ea-0069-457d-a045-bbee6e09e358;423.01;5.8735;UNKNOWN
2016-01-21T01:11:52.000000;2016-01-21T01:11:52.000000;dee15499-933c-46c6-877d-4713bf84a850;423.0;5.0;UNKNOWN
2016-01-21T01:11:53.000000;2016-01-21T01:11:53.000000;fc4207c1-8787-4355-8ecd-e1638f052f8e;423.01;0.01;UNKNOWN
2016-01-21T01:11:53.000000;2016-01-21T01:11:53.000000;354a0e69-e919-4c4d-8a93-7a254dc1e33d;423.01;25.0;UNKNOWN
2016-01-21T01:11:56.000000;2016-01-21T01:11:56.000000;73c03d73-a8a2-44ab-8d43-d5eea2bcfdbd;423.0;0.5;UNKNOWN
2016-01-21T01:11:57.000000;2016-01-21T01:11:57.000000;1adb37a1-c40f-44c3-80ca-bc178535e486;423.01;0.337;UNKNOWN
2016-01-21T01:11:57.000000;2016-01-21T01:11:57.000000;0965ce95-2f10-4ef2-859c-7cf8fa84a358;423.0;0.5;UNKNOWN
2016-01-21T01:11:57.000000;2016-01-21T01:11:57.000000;c56bb83b-869b-4b09-8f85-87ab2c1b9c36;423.0;0.5;UNKNOWN
2016-01-21T01:11:58.000000;2016-01-21T01:11:58.000000;f8f6e2ac-d282-4453-90bd-f8093af6300f;422.98;0.2;UNKNOWN
2016-01-21T01:11:59.000000;2016-01-21T01:11:59.000000;92fbc5f6-2bb7-4fa6-9b52-6ef0bae2666b;423.0;0.288;UNKNOWN
2016-01-21T01:11:59.000000;2016-01-21T01:11:59.000000;a26faa02-86d8-4919-b9d4-bd5c465b1f25;423.0;0.5;UNKNOWN
2016-01-21T01:11:59.000000;2016-01-21T01:11:59.000000;83b49e24-8d91-45df-8a36-271334aab570;423.0;0.5;UNKNOWN
2016-01-21T01:11:59.000000;2016-01-21T01:11:59.000000;2de3c426-4643-4559-9f79-b5e92a3a3066;422.99;0.37;UNKNOWN
2016-01-21T01:11:59.000000;2016-01-21T01:11:59.000000;478f26a0-a8f4-420c-9a9c-60cce48c0e83;423.01;0.342;UNKNOWN
2016-01-21T01:12:01.000000;2016-01-21T01:12:01.000000;62cc9546-927b-4453-8b37-c2b791aed294;423.2;0.5;UNKNOWN
2016-01-21T01:12:01.000000;2016-01-21T01:12:01.000000;7cc97b93-6c88-4562-a4fa-031ae68cfab7;423.2;0.212;UNKNOWN
2016-01-21T01:12:01.000000;2016-01-21T01:12:01.000000;9cd542b0-cb47-4f8f-9e35-cdad06dfe267;423.26;3.548;UNKNOWN
2016-01-21T01:12:01.000000;2016-01-21T01:12:01.000000;b918adc3-0c5c-4f9f-996b-49d599c07a71;423.01;0.37;UNKNOWN
2016-01-21T01:12:01.000000;2016-01-21T01:12:01.000000;a44c0120-6601-4b0e-82e7-d0aeb7d10663;422.99;0.37;UNKNOWN
2016-01-21T01:12:02.000000;2016-01-21T01:12:02.000000;ddfab79e-5958-4472-a5d2-ff23ba8296cd;423.26;1.8;UNKNOWN
2016-01-21T01:12:02.000000;2016-01-21T01:12:02.000000;adc0d63b-3161-46f7-8d4b-e6726b336aec;423.0;0.2;UNKNOWN
2016-01-21T01:12:06.000000;2016-01-21T01:12:06.000000;3aaa35eb-191b-4945-9d75-a3aa5fb9336e;423.59;0.05;UNKNOWN
2016-01-21T01:12:06.000000;2016-01-21T01:12:06.000000;94bf146e-2132-4352-b714-1bfcb6030aaf;423.01;0.2;UNKNOWN
2016-01-21T01:12:06.000000;2016-01-21T01:12:06.000000;d140e860-7d14-42cd-8471-46341026a14c;423.48;3.0;UNKNOWN
2016-01-21T01:12:06.000000;2016-01-21T01:12:06.000000;fa2912bf-a0c0-43d0-833b-26a993e45aef;423.59;14.8299653;UNKNOWN
2016-01-21T01:12:06.000000;2016-01-21T01:12:06.000000;28d96526-65d5-4cc8-9fa3-e509626a2c12;422.99;0.37;UNKNOWN
2016-01-21T01:12:06.000000;2016-01-21T01:12:06.000000;4045e4cf-df55-4c6e-90f6-caa89a20edc6;423.59;0.05;UNKNOWN
2016-01-21T01:12:06.000000;2016-01-21T01:12:06.000000;004d5a6b-0472-4c1f-8afa-0308a68bdf18;423.48;6.0;UNKNOWN
2016-01-21T01:12:06.000000;2016-01-21T01:12:06.000000;ebbf5e63-3dd6-48be-bbe3-b65b75387574;423.4;0.4800347;UNKNOWN
2016-01-21T01:12:06.000000;2016-01-21T01:12:06.000000;e6e9cefa-a43d-4685-9fd9-87c4f9c47603;423.5;0.02;UNKNOWN
2016-01-21T01:12:08.000000;2016-01-21T01:12:08.000000;0e06d367-fe3d-4e3d-9978-d20341f4b677;423.02;5.4128;UNKNOWN
2016-01-21T01:12:09.000000;2016-01-21T01:12:09.000000;36231da1-0139-4d50-91c2-23f12ad27aa1;423.48;9.29;UNKNOWN
2016-01-21T01:12:09.000000;2016-01-21T01:12:09.000000;e26e4694-f6c8-4751-a9e1-4eaf37a7264d;423.83;50.0;UNKNOWN
2016-01-21T01:12:09.000000;2016-01-21T01:12:09.000000;a32f931c-9193-4de2-abf7-ae91864521fe;423.78;0.05;UNKNOWN
2016-01-21T01:12:09.000000;2016-01-21T01:12:09.000000;bf73e692-5158-450a-b291-89aed2cf4b2e;424.07;8.9728;UNKNOWN
2016-01-21T01:12:09.000000;2016-01-21T01:12:09.000000;f4380958-9e8e-415a-940b-466493c2b243;423.99;1.0;UNKNOWN
2016-01-21T01:12:09.000000;2016-01-21T01:12:09.000000;6e6011bb-9a57-4db9-8494-b9dd05985f23;424.0;0.3;UNKNOWN
2016-01-21T01:12:09.000000;2016-01-21T01:12:09.000000;62a27d9a-a1e0-4550-944c-6c934b7d2889;423.79;9.56;UNKNOWN
2016-01-21T01:12:09.000000;2016-01-21T01:12:09.000000;e66cad06-ab39-4745-85f0-74315120f80b;424.0;0.56;UNKNOWN
2016-01-21T01:12:09.000000;2016-01-21T01:12:09.000000;53a31cb7-213a-4e55-b091-15378af9e7bc;423.78;1.16;UNKNOWN
2016-01-21T01:12:09.000000;2016-01-21T01:12:09.000000;9f77c941-5eb7-46ed-81ce-cf8c6547791c;423.76;10.0;UNKNOWN
2016-01-21T01:12:09.000000;2016-01-21T01:12:09.000000;297eebf9-ef1e-4d9d-a4b4-aeb4811a138d;424.06;2.02;UNKNOWN
2016-01-21T01:12:09.000000;2016-01-21T01:12:09.000000;7f2b973d-f1f2-461e-a722-919a65493222;423.02;7.0872;UNKNOWN
2016-01-21T01:12:15.000000;2016-01-21T01:12:15.000000;9a3f9057-6c03-438d-b5a2-0b54d782a729;423.79;0.13;UNKNOWN
2016-01-21T01:12:15.000000;2016-01-21T01:12:15.000000;e7265ae3-eb7a-4a1d-a441-eba6ccb57e59;423.0;0.17;UNKNOWN
2016-01-21T01:12:15.000000;2016-01-21T01:12:15.000000;d994e3c2-a908-49ba-aff3-76d7db432aeb;423.79;0.08;UNKNOWN
2016-01-21T01:12:15.000000;2016-01-21T01:12:15.000000;6576f801-dd9f-48fc-b4c4-af643d664f16;423.79;0.12;UNKNOWN
2016-01-21T01:12:18.000000;2016-01-21T01:12:18.000000;300a35d8-77b6-45f1-861a-d147149b81ac;423.78;0.05;UNKNOWN
2016-01-21T01:12:18.000000;2016-01-21T01:12:18.000000;a866b35f-ca72-4285-aea1-4ae805e7fec8;424.05;2.587;UNKNOWN
2016-01-21T01:12:18.000000;2016-01-21T01:12:18.000000;39fee094-f6ce-40ae-93f3-e7e223727c03;423.79;1.63;UNKNOWN
2016-01-21T01:12:18.000000;2016-01-21T01:12:18.000000;d8c987b4-33ce-4562-b9e7-73c78ed3443d;423.0;0.2;UNKNOWN
2016-01-21T01:12:18.000000;2016-01-21T01:12:18.000000;e225c86f-010b-4e8f-9d7f-b4d31f5c126c;423.78;5.783;UNKNOWN
2016-01-21T01:12:20.000000;2016-01-21T01:12:20.000000;c0b07ce6-fd1b-4398-af54-f3eb0d78a488;424.06;5.0;UNKNOWN
2016-01-21T01:12:22.000000;2016-01-21T01:12:22.000000;953ee8d1-c9ae-4c18-8f39-de3a6ec7fc4b;423.9;0.07;UNKNOWN
2016-01-21T01:12:22.000000;2016-01-21T01:12:22.000000;f2ba58f4-4578-4b7b-b740-83c9d6886918;424.07;9.93;UNKNOWN
2016-01-21T01:12:25.000000;2016-01-21T01:12:25.000000;cdaf2ccd-9b44-4a5a-b2c6-b807e67ba226;424.07;21.0972;UNKNOWN
2016-01-21T01:12:25.000000;2016-01-21T01:12:25.000000;ce576200-0a31-43c6-aa70-9af95d80fe0b;424.06;14.15;UNKNOWN
2016-01-21T01:12:25.000000;2016-01-21T01:12:25.000000;88110c0f-ad52-40aa-9acb-775a5fc557ed;424.51;26.2961;UNKNOWN
2016-01-21T01:12:25.000000;2016-01-21T01:12:25.000000;b643736d-ea28-4b24-8160-0f33e444aa46;424.46;0.05;UNKNOWN
2016-01-21T01:12:25.000000;2016-01-21T01:12:25.000000;59a7e1c4-e3a4-418e-ba54-6fa59f230817;424.15;24.5404;UNKNOWN
2016-01-21T01:12:25.000000;2016-01-21T01:12:25.000000;3df73041-9663-4a02-b00c-7b2cac4f3670;424.14;0.1;UNKNOWN
2016-01-21T01:12:25.000000;2016-01-21T01:12:25.000000;5ab3a17f-c84f-4fc1-b942-be33e97d09f0;424.56;3.8663;UNKNOWN
2016-01-21T01:12:33.000000;2016-01-21T01:12:33.000000;11ecd7fa-e99b-4c1c-9429-7fbba93d3f26;424.05;0.05;UNKNOWN
2016-01-21T01:12:33.000000;2016-01-21T01:12:33.000000;1e19d0c5-8041-4dbe-9c4e-88882ddaca46;423.58;0.2;UNKNOWN
2016-01-21T01:12:34.000000;2016-01-21T01:12:34.000000;33b25e61-06b7-4e02-a80d-e12082b3228d;424.05;0.25;UNKNOWN
2016-01-21T01:12:37.000000;2016-01-21T01:12:37.000000;06d582e8-0298-4036-ae67-fd851252c912;422.82;0.04294586;UNKNOWN
2016-01-21T01:12:38.000000;2016-01-21T01:12:38.000000;6a1f835e-b781-4ba2-a77a-de90120cf06c;424.04;0.05;UNKNOWN
2016-01-21T01:12:38.000000;2016-01-21T01:12:38.000000;292e0df6-3524-4759-9f26-fa27d29d6110;423.58;0.2;UNKNOWN
2016-01-21T01:12:42.000000;2016-01-21T01:12:42.000000;fd1b5701-f127-42f4-8b6a-9a48e35ef6e4;423.57;0.25;UNKNOWN
2016-01-21T01:12:44.000000;2016-01-21T01:12:44.000000;d3e8c61b-1f6c-4b93-a6c2-4789033d65d8;423.57;0.2;UNKNOWN
2016-01-21T01:12:44.000000;2016-01-21T01:12:44.000000;47a29873-d162-431b-b8c3-6963c9d1089c;423.57;0.05;UNKNOWN
2016-01-21T01:12:44.000000;2016-01-21T01:12:44.000000;37329ec9-6672-467b-826f-f59aa466fbfb;423.57;0.2;UNKNOWN
2016-01-21T01:12:47.000000;2016-01-21T01:12:47.000000;ee2f2600-228f-4709-b68c-d1774c47b832;424.23;0.25;UNKNOWN
2016-01-21T01:12:47.000000;2016-01-21T01:12:47.000000;1a48b062-5714-4355-bee9-fde0a898740b;424.22;22.0364;UNKNOWN
2016-01-21T01:12:47.000000;2016-01-21T01:12:47.000000;66623489-da9b-455c-9824-f80b5d4a9292;424.09;1.17;UNKNOWN
2016-01-21T01:12:47.000000;2016-01-21T01:12:47.000000;4263037e-33b1-48db-a3a6-c100760abd8d;424.06;0.88245003;UNKNOWN
2016-01-21T01:12:47.000000;2016-01-21T01:12:47.000000;02ed13d4-3520-4b08-a17f-6e1857a298c4;424.1;10.0;UNKNOWN
2016-01-21T01:12:47.000000;2016-01-21T01:12:47.000000;e84ef67a-5185-4492-98bd-7b30ae40ea25;424.03;0.5;UNKNOWN
2016-01-21T01:12:47.000000;2016-01-21T01:12:47.000000;3f258f71-a9ca-4716-8422-aaf08227c861;424.03;0.228;UNKNOWN
2016-01-21T01:12:47.000000;2016-01-21T01:12:47.000000;3acb2f61-1261-4268-8133-0cd8e8176b23;424.23;6.52114997;UNKNOWN
2016-01-21T01:12:47.000000;2016-01-21T01:12:47.000000;09d850d0-51bb-4cca-8d61-838c302c18c0;424.03;0.022;UNKNOWN
2016-01-21T01:12:47.000000;2016-01-21T01:12:47.000000;c1321d0d-2d6f-4ca3-a977-1247d7b4c1bd;424.04;8.64;UNKNOWN
2016-01-21T01:12:48.000000;2016-01-21T01:12:48.000000;e4954231-b1c4-4750-8338-60e5dbfbb241;423.78;0.1;UNKNOWN
2016-01-21T01:12:49.000000;2016-01-21T01:12:49.000000;7e124fd3-ffbf-400a-ae02-9c6c2667eae5;422.91;0.1;UNKNOWN
2016-01-21T01:12:50.000000;2016-01-21T01:12:50.000000;b236cadc-5389-4492-986b-585d217864a9;422.73;1.160829;UNKNOWN
2016-01-21T01:12:50.000000;2016-01-21T01:12:50.000000;722734dc-2a1c-46e3-afa5-6d6aea0c45a5;422.7;2.5;UNKNOWN
2016-01-21T01:12:50.000000;2016-01-21T01:12:50.000000;2cb521ce-7855-42be-97bb-d491649ea4cb;422.59;18.40229858;UNKNOWN
2016-01-21T01:12:50.000000;2016-01-21T01:12:50.000000;b9b9e600-363a-4017-86f0-c02e87210346;422.89;0.38;UNKNOWN
2016-01-21T01:12:50.000000;2016-01-21T01:12:50.000000;629fd4d8-c882-4713-8016-58066b969142;422.9;5.8174;UNKNOWN
2016-01-21T01:12:50.000000;2016-01-21T01:12:50.000000;2c081d48-e322-402c-8a8b-fc3a74431a24;422.84;0.2;UNKNOWN
2016-01-21T01:12:50.000000;2016-01-21T01:12:50.000000;4fe837d6-4e28-428f-89e7-e8a128731b2b;422.89;0.05;UNKNOWN
2016-01-21T01:12:50.000000;2016-01-21T01:12:50.000000;a297a188-c01f-42de-966a-b53dcf7ee9a6;422.89;0.2;UNKNOWN
2016-01-21T01:12:55.000000;2016-01-21T01:12:55.000000;6fe2d7ed-21e7-4a68-9baa-5d6a956c8801;424.03;0.2;UNKNOWN
2016-01-21T01:12:55.000000;2016-01-21T01:12:55.000000;04343156-c6c6-4618-b8e3-9d6e2b988bf8;424.0;0.05;UNKNOWN
2016-01-21T01:12:55.000000;2016-01-21T01:12:55.000000;ffc9c298-0b27-4719-babf-36c88c70be80;423.6;0.1;UNKNOWN
2016-01-21T01:12:55.000000;2016-01-21T01:12:55.000000;9e61a2ce-739b-4aec-b72f-91c5112e1bdc;424.01;0.1;UNKNOWN
2016-01-21T01:13:01.000000;2016-01-21T01:13:01.000000;3935940d-e80b-4dbb-9b4f-be71d80a9658;423.6;0.1;UNKNOWN
2016-01-21T01:13:03.000000;2016-01-21T01:13:03.000000;3ff6279d-ed4c-4618-aaac-107978bef05e;424.56;0.07;UNKNOWN
2016-01-21T01:13:03.000000;2016-01-21T01:13:03.000000;c3425444-4baf-41a7-9510-60fe82429347;424.22;24.1274;UNKNOWN
2016-01-21T01:13:03.000000;2016-01-21T01:13:03.000000;a957e7c1-b4b7-40d8-bdc4-22e370af29fa;424.44;4.71;UNKNOWN
2016-01-21T01:13:03.000000;2016-01-21T01:13:03.000000;59a674c8-bb36-4a3f-9f83-2f2efab439eb;424.0;0.2;UNKNOWN
2016-01-21T01:13:03.000000;2016-01-21T01:13:03.000000;d9908adf-92ee-41fb-9aa1-7b270ba507e2;424.0;0.23;UNKNOWN
2016-01-21T01:13:03.000000;2016-01-21T01:13:03.000000;ddbcf7f8-1658-44ee-965d-bcbe0b91e36d;424.0;0.07;UNKNOWN
2016-01-21T01:13:03.000000;2016-01-21T01:13:03.000000;c7ecd905-19a3-469d-b6cd-fc1d5120ffba;424.22;20.79;UNKNOWN
2016-01-21T01:13:03.000000;2016-01-21T01:13:03.000000;c4423c2a-1f2a-4ef0-a10f-ad888334ddb9;424.56;2.8026;UNKNOWN
2016-01-21T01:13:03.000000;2016-01-21T01:13:03.000000;247d6036-3674-4919-8797-c27eca28d471;424.26;0.2;UNKNOWN
2016-01-21T01:13:03.000000;2016-01-21T01:13:03.000000;0eb076f0-5feb-4efe-95fc-fbb8f0fe5442;424.0;0.3;UNKNOWN
2016-01-21T01:13:05.000000;2016-01-21T01:13:05.000000;f10885c7-b2c4-447b-adfa-e0391f01e389;424.01;0.2;UNKNOWN
2016-01-21T01:13:06.000000;2016-01-21T01:13:06.000000;92999dcd-699e-46d1-a05c-a37acc1a1541;424.01;3.59459;UNKNOWN
2016-01-21T01:13:06.000000;2016-01-21T01:13:06.000000;d7a3ec2c-e2a6-4901-a600-80f622b016a3;424.01;0.4295555;UNKNOWN
2016-01-21T01:13:06.000000;2016-01-21T01:13:06.000000;fda343ef-7bd5-4cd7-aaaa-2c12b00f13c4;424.01;0.01258369;UNKNOWN
2016-01-21T01:13:07.000000;2016-01-21T01:13:07.000000;a994f2bc-f927-49d6-b4ec-2d294742df4c;423.6;0.03;UNKNOWN
2016-01-21T01:13:07.000000;2016-01-21T01:13:07.000000;077c34a6-a558-48a4-89d5-6a94055c96e9;422.93;1.57162618;UNKNOWN
2016-01-21T01:13:07.000000;2016-01-21T01:13:07.000000;be9cd2cf-67ad-4d7a-bd0c-8adfb5632e3c;424.01;4.59837382;UNKNOWN
2016-01-21T01:13:07.000000;2016-01-21T01:13:07.000000;32edf75f-ee2c-484b-b896-0088cabed4dc;424.01;1.16489699;UNKNOWN
2016-01-21T01:13:09.000000;2016-01-21T01:13:09.000000;1f74eff3-a15b-4e15-9828-5e42a9e6ba40;422.93;0.04;UNKNOWN
2016-01-21T01:13:12.000000;2016-01-21T01:13:12.000000;10e38b64-42bf-4896-a596-295b3daf8f22;424.2;0.17;UNKNOWN
2016-01-21T01:13:12.000000;2016-01-21T01:13:12.000000;4c2ea423-b6ae-4dad-b2ea-6b1f3af748f6;424.22;16.1874;UNKNOWN
2016-01-21T01:13:13.000000;2016-01-21T01:13:13.000000;42798115-0c48-4047-ade3-c8622f68d781;423.54;0.03176144;UNKNOWN
2016-01-21T01:13:15.000000;2016-01-21T01:13:15.000000;35efa123-f9e0-459a-92dc-10b00e49d39c;422.93;0.03176144;UNKNOWN
2016-01-21T01:13:15.000000;2016-01-21T01:13:15.000000;0c55735e-06b7-4de6-8662-7bb8c24ac865;423.54;2.96823856;UNKNOWN
2016-01-21T01:13:16.000000;2016-01-21T01:13:16.000000;b5a13957-432d-4684-b6a0-cd4c4376ca3b;424.21;0.1;UNKNOWN
2016-01-21T01:13:18.000000;2016-01-21T01:13:18.000000;ad611f67-a7b4-472f-bbc6-1ead8b32db64;422.59;2.85777507;UNKNOWN
2016-01-21T01:13:18.000000;2016-01-21T01:13:18.000000;358571c7-3644-4356-9c00-868a871f977e;423.54;0.2;UNKNOWN
2016-01-21T01:13:18.000000;2016-01-21T01:13:18.000000;9069997b-37bd-4bdd-942a-c445077080a4;422.92;1.213737;UNKNOWN
2016-01-21T01:13:18.000000;2016-01-21T01:13:18.000000;dc2b4b46-6312-42ad-8e4d-2a9ff1250e46;422.76;6.0;UNKNOWN
2016-01-21T01:13:18.000000;2016-01-21T01:13:18.000000;e804e162-7e26-436e-97d0-77534f71370c;423.56;5.8159;UNKNOWN
2016-01-21T01:13:23.000000;2016-01-21T01:13:23.000000;75b3fa53-db45-443b-9878-df2b77e7c9a9;422.59;6.50362493;UNKNOWN
2016-01-21T01:13:25.000000;2016-01-21T01:13:25.000000;38295a83-e531-4eeb-819c-5514c7d3ba32;423.5;0.0147;UNKNOWN
2016-01-21T01:13:30.000000;2016-01-21T01:13:30.000000;7ac15605-29e2-4128-bc83-fc21d5ff7495;423.49;0.92889477;UNKNOWN
2016-01-21T01:13:42.000000;2016-01-21T01:13:42.000000;43dffb24-b875-4dac-8a0c-50c1cb544015;423.47;0.1;UNKNOWN
2016-01-21T01:13:43.000000;2016-01-21T01:13:43.000000;c7ecc881-31f3-47b4-8496-b2ee0803630b;423.47;0.17;UNKNOWN
2016-01-21T01:13:43.000000;2016-01-21T01:13:43.000000;1f87c5d4-7eb5-473d-81fd-d1cdbf5ba161;423.47;5.8092;UNKNOWN
2016-01-21T01:13:43.000000;2016-01-21T01:13:43.000000;cb3c950b-9d17-4d57-a3a8-4cb58b305547;423.47;0.2;UNKNOWN
2016-01-21T01:13:43.000000;2016-01-21T01:13:43.000000;9f13e19d-ef88-4156-b935-036aaf90b004;423.46;0.5;UNKNOWN
2016-01-21T01:13:43.000000;2016-01-21T01:13:43.000000;1731bd03-1304-44a8-bff5-1ea02e3a1c96;423.48;0.3208;UNKNOWN
2016-01-21T01:13:43.000000;2016-01-21T01:13:43.000000;e1077e9e-74f7-424a-8eb9-ab3f11dd91d0;423.46;3.0;UNKNOWN
2016-01-21T01:13:55.000000;2016-01-21T01:13:55.000000;55e72b52-5843-4493-b32a-0f91f94d21df;423.47;0.161;UNKNOWN
2016-01-21T01:13:55.000000;2016-01-21T01:13:55.000000;77803732-234c-4fc8-b8ce-fd74aa2e05d7;423.47;0.045;UNKNOWN
2016-01-21T01:13:55.000000;2016-01-21T01:13:55.000000;7e99a7f2-6910-4d85-8a08-40a19308b094;423.83;0.424;UNKNOWN
2016-01-21T01:13:55.000000;2016-01-21T01:13:55.000000;5a65d77b-ff2c-49cb-9492-2d97fbc76018;423.86;1.199;UNKNOWN
2016-01-21T01:13:55.000000;2016-01-21T01:13:55.000000;c5c54e2f-86a1-4b86-bfd7-656d3d219b59;423.47;0.146;UNKNOWN
2016-01-21T01:13:56.000000;2016-01-21T01:13:56.000000;fd22a6eb-30c1-4e47-89fb-7a447e62b877;423.46;0.177;UNKNOWN
2016-01-21T01:13:56.000000;2016-01-21T01:13:56.000000;d2cc6791-58cb-44c2-a0e1-db47394bb3e0;422.61;0.1;UNKNOWN
2016-01-21T01:13:57.000000;2016-01-21T01:13:57.000000;e5529121-3f48-4487-8fe7-4bc6616750c8;422.61;0.01397;UNKNOWN
2016-01-21T01:14:01.000000;2016-01-21T01:14:01.000000;21d5534e-4050-4996-ad94-1e26ed2ccc87;422.61;1.09403428;UNKNOWN
2016-01-21T01:14:05.000000;2016-01-21T01:14:05.000000;6e76d931-4907-4efa-926a-ecd1f265c77e;423.4;0.177;UNKNOWN
2016-01-21T01:14:05.000000;2016-01-21T01:14:05.000000;2cf9f28b-047c-4ed8-b502-37eda313da47;423.4;0.2;UNKNOWN
2016-01-21T01:14:05.000000;2016-01-21T01:14:05.000000;29a9de67-92cf-4f5b-8177-4eebb70166da;422.62;1.0;UNKNOWN
2016-01-21T01:14:09.000000;2016-01-21T01:14:09.000000;e851c80b-1159-4b85-acdd-ff542c72a101;423.48;0.04177922;UNKNOWN
2016-01-21T01:14:09.000000;2016-01-21T01:14:09.000000;a42675d7-a09f-42db-944a-61a45ac20f85;423.48;0.5;UNKNOWN
2016-01-21T01:14:09.000000;2016-01-21T01:14:09.000000;4a09b409-5c12-4d3f-b544-3faa45240800;423.48;0.478;UNKNOWN
2016-01-21T01:14:10.000000;2016-01-21T01:14:10.000000;021aa673-dee9-4531-b42a-a658e004a6f7;423.47;0.073;UNKNOWN
2016-01-21T01:14:10.000000;2016-01-21T01:14:10.000000;614675b8-db3f-43de-9e05-40946b87be85;423.0;0.46135429;UNKNOWN
2016-01-21T01:14:10.000000;2016-01-21T01:14:10.000000;62ab9986-844a-4777-9fce-d38f643ad0c8;423.48;0.36564571;UNKNOWN
2016-01-21T01:14:15.000000;2016-01-21T01:14:15.000000;828471c3-7761-4c69-a1f3-57e380c07641;423.49;0.06441949;UNKNOWN
2016-01-21T01:14:18.000000;2016-01-21T01:14:18.000000;16525e6b-e938-4347-ad05-728e5b160f42;423.49;0.13558051;UNKNOWN
2016-01-21T01:14:18.000000;2016-01-21T01:14:18.000000;1e34d3a4-7a8a-4051-93fc-9720d4c0c72d;423.4;0.06441949;UNKNOWN
2016-01-21T01:14:19.000000;2016-01-21T01:14:19.000000;e7005c17-53cd-48d6-af44-af82fa9cfe87;423.01;0.21771949;UNKNOWN
2016-01-21T01:14:19.000000;2016-01-21T01:14:19.000000;716ce9e8-281e-444c-9522-2bcf75b5beaa;423.5;5.78228051;UNKNOWN
2016-01-21T01:14:26.000000;2016-01-21T01:14:26.000000;ab02d554-f2e8-4f0c-8551-1f5d9cadaa4e;422.53;0.05;UNKNOWN
2016-01-21T01:14:26.000000;2016-01-21T01:14:26.000000;904cdafa-772a-421f-8343-a77720f0c2a5;423.0;1.21214191;UNKNOWN
2016-01-21T01:14:26.000000;2016-01-21T01:14:26.000000;ea681ef3-c2bf-4a54-8f47-5c5513f88d56;422.58;0.05;UNKNOWN
2016-01-21T01:14:26.000000;2016-01-21T01:14:26.000000;b1aba50e-a58b-47b3-ab29-1355935b1750;423.0;8.3265038;UNKNOWN
2016-01-21T01:14:26.000000;2016-01-21T01:14:26.000000;63d89e47-c985-4729-b6bf-8e76de8cc01d;422.5;0.0734962;UNKNOWN
2016-01-21T01:14:26.000000;2016-01-21T01:14:26.000000;53d5d5d5-a15b-491c-8f6f-8a7da1d9e832;422.52;1.0;UNKNOWN
2016-01-21T01:14:33.000000;2016-01-21T01:14:33.000000;030d3fa5-6ced-4056-b29f-5758a2121b3a;422.5;4.9265038;UNKNOWN
2016-01-21T01:14:33.000000;2016-01-21T01:14:33.000000;c7ac5570-978e-47e1-a8f8-dad434a07ba9;422.0;2.0;UNKNOWN
2016-01-21T01:14:33.000000;2016-01-21T01:14:33.000000;ae9c73f0-4be6-40bc-b473-019351b32df6;422.99;0.2;UNKNOWN
2016-01-21T01:14:33.000000;2016-01-21T01:14:33.000000;d957efcb-9db0-4f43-9186-b16ff64496b8;422.0;2.3734962;UNKNOWN
2016-01-21T01:14:34.000000;2016-01-21T01:14:34.000000;9c99e76b-5cdf-4a6a-b038-e4e5475c65ca;422.0;0.07130687;UNKNOWN
2016-01-21T01:14:37.000000;2016-01-21T01:14:37.000000;2ad870cf-5e1c-42f0-b27e-f6a93e05e312;423.4;0.1;UNKNOWN
2016-01-21T01:14:37.000000;2016-01-21T01:14:37.000000;9e0a3bb3-70ff-4e7a-abaf-9ace8caf1998;422.01;0.04225113;UNKNOWN
2016-01-21T01:14:40.000000;2016-01-21T01:14:40.000000;e33a5807-528e-4141-b267-cb6e0a7e7c6a;422.01;0.1;UNKNOWN
2016-01-21T01:14:50.000000;2016-01-21T01:14:50.000000;7b626f51-9f8a-4614-bfd6-29b3162704ad;422.02;0.04935938;UNKNOWN
2016-01-21T01:14:56.000000;2016-01-21T01:14:56.000000;3029384e-7aef-4f5d-8c70-5208046198cd;422.04;1.0;UNKNOWN
2016-01-21T01:15:07.000000;2016-01-21T01:15:07.000000;22bc6855-4f40-44be-bffa-e73c52b5281e;422.04;2.40839347;UNKNOWN
2016-01-21T01:15:11.000000;2016-01-21T01:15:11.000000;0887ccc0-dc07-4c7a-82de-5775252e7217;422.04;0.04167777;UNKNOWN
2016-01-21T01:15:17.000000;2016-01-21T01:15:17.000000;11736383-4d53-4159-a89e-765da6b42ae2;422.95;1.0;UNKNOWN
2016-01-21T01:15:17.000000;2016-01-21T01:15:17.000000;5397843f-990b-44b3-a784-9e57f0ee8ff3;422.99;23.0;UNKNOWN
2016-01-21T01:15:18.000000;2016-01-21T01:15:18.000000;9cbb8cb0-4d32-456b-a60a-268cef123e9d;423.0;0.1731;UNKNOWN
2016-01-21T01:15:18.000000;2016-01-21T01:15:18.000000;f7206cf7-7c90-4018-bf51-b47ad12047a4;422.99;0.39;UNKNOWN
2016-01-21T01:15:18.000000;2016-01-21T01:15:18.000000;e9bc0977-5483-4671-ade9-bd1638584683;422.99;0.3669;UNKNOWN
2016-01-21T01:15:18.000000;2016-01-21T01:15:18.000000;8d670f16-37bd-4953-9589-f84c6a8deae1;422.99;0.37;UNKNOWN
2016-01-21T01:15:18.000000;2016-01-21T01:15:18.000000;8d4ad85e-dede-46da-95f3-d0f3154c31b5;422.99;0.5;UNKNOWN
2016-01-21T01:15:18.000000;2016-01-21T01:15:18.000000;4a897983-2e77-4768-b765-2a21be1b20b2;422.99;0.2;UNKNOWN
2016-01-21T01:15:23.000000;2016-01-21T01:15:23.000000;7ac4149b-771a-4769-926d-177a8a56a661;422.04;0.09231009;UNKNOWN
2016-01-21T01:15:37.000000;2016-01-21T01:15:37.000000;9fce0846-a79a-4db5-b5b7-a39d04d3671c;422.08;0.05;UNKNOWN
2016-01-21T01:15:42.000000;2016-01-21T01:15:42.000000;74b7ca36-ee0c-4217-883c-7390fc89778f;422.12;0.08424659;UNKNOWN
2016-01-21T01:16:22.000000;2016-01-21T01:16:22.000000;56dad1d1-b8c3-4d92-926a-3b6064ea54ad;422.25;6.017;UNKNOWN
2016-01-21T01:16:24.000000;2016-01-21T01:16:24.000000;3adaedf0-41a0-47a8-a7d6-4b2788d81e4c;422.23;0.5;UNKNOWN
2016-01-21T01:16:24.000000;2016-01-21T01:16:24.000000;89b7ee0f-d6f2-48e8-816f-fc52ba662465;422.24;4.5;UNKNOWN
2016-01-21T01:16:25.000000;2016-01-21T01:16:25.000000;ce94d857-2be0-4f52-bf3d-3a777e931395;422.06;1.92865886;UNKNOWN
2016-01-21T01:16:25.000000;2016-01-21T01:16:25.000000;1819b750-5cd9-4613-8fc6-424dbf3a7094;422.07;0.5;UNKNOWN
2016-01-21T01:16:44.000000;2016-01-21T01:16:44.000000;401871b1-ea19-4b84-8f30-6b2b2ff2cabc;422.22;0.2;UNKNOWN
2016-01-21T01:16:44.000000;2016-01-21T01:16:44.000000;14141d55-f2ca-4ee9-86a7-0fc102fb1a3b;422.22;0.5;UNKNOWN
2016-01-21T01:16:47.000000;2016-01-21T01:16:47.000000;47cbbd31-6896-4ad1-8fb5-4c86e66a48c7;422.23;0.062;UNKNOWN
2016-01-21T01:17:07.000000;2016-01-21T01:17:07.000000;79b3f9e4-f094-41cc-947b-443b92eb5c5e;422.25;0.22;UNKNOWN
2016-01-21T01:17:07.000000;2016-01-21T01:17:07.000000;3a489e52-45f6-4b84-a854-6ab978118f85;422.23;0.030051;UNKNOWN
2016-01-21T01:17:07.000000;2016-01-21T01:17:07.000000;d02804fc-7f7a-4e77-a536-02b7e521af18;422.23;3.67;UNKNOWN
2016-01-21T01:17:08.000000;2016-01-21T01:17:08.000000;bef5ed73-b4a7-418c-8c06-afdebc999e9a;422.23;4.36761167;UNKNOWN
2016-01-21T01:17:20.000000;2016-01-21T01:17:20.000000;f5ae5f29-6255-4b26-bb16-cb726ad901fa;422.27;0.03843972;UNKNOWN
2016-01-21T01:17:20.000000;2016-01-21T01:17:20.000000;0704cd85-c1d3-4b81-b2e3-4824601b1620;422.25;0.96156028;UNKNOWN
2016-01-21T01:17:27.000000;2016-01-21T01:17:27.000000;5aa7cecb-9c56-4487-a067-8cee80b1b0f8;422.23;0.05916081;UNKNOWN
2016-01-21T01:17:40.000000;2016-01-21T01:17:40.000000;0751adf2-34fe-44f4-b694-1801a7b6f2b1;422.27;0.03303296;UNKNOWN
2016-01-21T01:17:44.000000;2016-01-21T01:17:44.000000;ef65bc74-1a1a-4e1f-b615-5f49a3c5e780;422.27;0.27;UNKNOWN
2016-01-21T01:17:52.000000;2016-01-21T01:17:52.000000;8a2d9ac2-b997-4f96-9a9b-7248c287c3bb;422.27;0.05;UNKNOWN
2016-01-21T01:18:03.000000;2016-01-21T01:18:03.000000;27ba297f-5018-4a4c-bee7-2cabb8800b1a;422.28;0.03283944;UNKNOWN
2016-01-21T01:18:06.000000;2016-01-21T01:18:06.000000;603fa7de-3e98-458a-ad0f-14d1b28315f1;422.27;0.06178785;UNKNOWN
2016-01-21T01:18:30.000000;2016-01-21T01:18:30.000000;be2f60e9-4450-4c9e-b4e6-f080932f9dfd;422.32;0.06856469;UNKNOWN
2016-01-21T01:18:50.000000;2016-01-21T01:18:50.000000;ecdcfe2c-bee6-4e38-adf0-585ee8cfdd1a;422.32;0.03808586;UNKNOWN
2016-01-21T01:18:51.000000;2016-01-21T01:18:51.000000;bb768383-a5ab-44df-88c7-8088289d064f;422.32;0.03572;UNKNOWN
2016-01-21T01:19:05.000000;2016-01-21T01:19:05.000000;4aced972-44dd-46a3-9e7f-2f61e077af32;422.32;2.19;UNKNOWN
2016-01-21T01:19:12.000000;2016-01-21T01:19:12.000000;c85ad2ec-54bb-4b0f-ae98-c8272222f8f3;422.32;0.04;UNKNOWN
2016-01-21T01:19:27.000000;2016-01-21T01:19:27.000000;ecf11594-96e2-4c43-ae52-c342bfdf6f4b;422.31;2.3;UNKNOWN
2016-01-21T01:19:27.000000;2016-01-21T01:19:27.000000;e37154fb-0d61-49e9-b5a8-86ba7d2486eb;422.32;0.16;UNKNOWN
2016-01-21T01:19:31.000000;2016-01-21T01:19:31.000000;1c01289c-365b-4c28-bd71-fccfa9f877f7;422.46;0.02129;UNKNOWN
2016-01-21T01:19:34.000000;2016-01-21T01:19:34.000000;877e0ee9-40fc-4053-845f-24b3ef178097;422.46;0.5;UNKNOWN
2016-01-21T01:19:34.000000;2016-01-21T01:19:34.000000;1a146a7d-4e18-4e8e-8164-bee9be9a9072;422.44;5.8537;UNKNOWN
2016-01-21T01:19:34.000000;2016-01-21T01:19:34.000000;a2d4f012-8ae4-4e07-9ded-90a897dd9b5a;422.46;0.04471;UNKNOWN
2016-01-21T01:19:34.000000;2016-01-21T01:19:34.000000;43b6500c-8daa-4a57-9727-d57247bf591a;422.46;0.303;UNKNOWN
2016-01-21T01:19:34.000000;2016-01-21T01:19:34.000000;d7d77b6e-579f-4127-b062-b4d6b945dbab;422.45;0.5;UNKNOWN
2016-01-21T01:19:34.000000;2016-01-21T01:19:34.000000;5d7d0516-8c25-4169-a34f-5e7275d962e9;422.45;0.5;UNKNOWN
2016-01-21T01:19:34.000000;2016-01-21T01:19:34.000000;b4ee97f5-3441-4992-aeb6-a5dfd94097ff;422.45;0.131;UNKNOWN
2016-01-21T01:19:43.000000;2016-01-21T01:19:43.000000;6677b149-7168-4a6b-a5a9-d346dfbb0b57;422.52;0.15;UNKNOWN
2016-01-21T01:20:05.000000;2016-01-21T01:20:05.000000;03ee3448-3a02-4b93-84c4-adcdcad3820f;422.95;1.0;UNKNOWN
2016-01-21T01:20:05.000000;2016-01-21T01:20:05.000000;ae70b17a-cd1a-4c4a-b268-acbedc420183;422.9;1.0;UNKNOWN
2016-01-21T01:20:05.000000;2016-01-21T01:20:05.000000;7205970c-5cfe-49be-adc8-206675ea9d2b;423.0;10.6408;UNKNOWN
2016-01-21T01:20:05.000000;2016-01-21T01:20:05.000000;0bd07526-d9ad-4425-a527-46516c74bef6;422.54;0.5;UNKNOWN
2016-01-21T01:20:05.000000;2016-01-21T01:20:05.000000;6fd46cba-11d6-47a5-9fdb-d97900751dd5;422.54;0.5;UNKNOWN
2016-01-21T01:20:05.000000;2016-01-21T01:20:05.000000;cb514c9e-a2f8-4e12-87f7-fe40eab5d3d8;422.55;0.2;UNKNOWN
2016-01-21T01:20:05.000000;2016-01-21T01:20:05.000000;7dbc8833-ef36-4ae9-8cfb-92ec8c4e982e;422.54;0.253;UNKNOWN
2016-01-21T01:20:05.000000;2016-01-21T01:20:05.000000;91e81905-03c1-4c04-874b-0cfc89666c24;422.89;5.9062;UNKNOWN
2016-01-21T01:20:44.000000;2016-01-21T01:20:44.000000;d523f9ab-94eb-42c6-aa91-5bb175de13d8;422.75;0.1153334;UNKNOWN
2016-01-21T01:20:46.000000;2016-01-21T01:20:46.000000;d34949f7-e8be-4a8b-a76c-f700e605f85a;422.85;1.11;UNKNOWN
2016-01-21T01:20:47.000000;2016-01-21T01:20:47.000000;8e94e219-ebaa-42f4-a111-30d020da2043;422.9;1.0;UNKNOWN
2016-01-21T01:20:47.000000;2016-01-21T01:20:47.000000;9ff30d4a-6b87-4b14-83c1-ab45f5ddca16;423.0;9.0;UNKNOWN
2016-01-21T01:20:57.000000;2016-01-21T01:20:57.000000;911b003d-3d38-4884-90ed-053018a1f287;423.67;0.3996;UNKNOWN
2016-01-21T01:20:57.000000;2016-01-21T01:20:57.000000;2f8d6e02-d72d-49ee-bc6f-63ee16ca380b;423.8;0.31528051;UNKNOWN
2016-01-21T01:20:57.000000;2016-01-21T01:20:57.000000;b0df7b4a-9ba3-4ed6-8579-09105282019a;423.79;0.21771949;UNKNOWN
2016-01-21T01:20:57.000000;2016-01-21T01:20:57.000000;5c6be2ba-80bb-4135-b269-29df9f252a79;423.8;1.252493;UNKNOWN
2016-01-21T01:20:57.000000;2016-01-21T01:20:57.000000;ce414271-44c2-4be0-9301-a55cc87d1b3a;423.27;0.016007;UNKNOWN
2016-01-21T01:20:57.000000;2016-01-21T01:20:57.000000;25e8b899-b9dd-4c92-895c-a97be0622a11;423.0;7.4761;UNKNOWN
2016-01-21T01:20:57.000000;2016-01-21T01:20:57.000000;5934304c-2fd4-4250-b523-a122ea0fc911;423.0;2.71;UNKNOWN
2016-01-21T01:20:57.000000;2016-01-21T01:20:57.000000;df8657e5-4e4f-4d5a-a813-9dc5d79cb733;423.33;10.0;UNKNOWN
2016-01-21T01:20:57.000000;2016-01-21T01:20:57.000000;82c3741e-bdbe-4de3-bd18-c952834ccf52;423.32;5.8558;UNKNOWN
2016-01-21T01:21:04.000000;2016-01-21T01:21:04.000000;358e121c-07d9-460a-869b-fdaab63cb9a2;423.04;0.01048;UNKNOWN
2016-01-21T01:21:05.000000;2016-01-21T01:21:05.000000;ee6ff8e2-1478-4ee6-a1f4-bf5a8c0a4aea;423.05;0.0636027;UNKNOWN
2016-01-21T01:21:05.000000;2016-01-21T01:21:05.000000;266148fd-37bf-4b75-b021-aa55ba6d7926;423.06;2.54729047;UNKNOWN
2016-01-21T01:21:07.000000;2016-01-21T01:21:07.000000;1d212b0e-805d-4af9-8f10-ae0f1176dd24;423.77;0.01601;UNKNOWN
2016-01-21T01:21:10.000000;2016-01-21T01:21:10.000000;73912f0c-b4d5-4dd0-a704-fa1d2229e46c;423.79;0.022143;UNKNOWN
2016-01-21T01:21:27.000000;2016-01-21T01:21:27.000000;3e737a80-24ae-475a-83d2-e5c36b053b4a;423.78;0.37;UNKNOWN
2016-01-21T01:21:27.000000;2016-01-21T01:21:27.000000;1562396a-b7be-49f6-9211-02bd3871a900;423.78;0.247;UNKNOWN
2016-01-21T01:21:27.000000;2016-01-21T01:21:27.000000;a233b406-c1b6-42cc-b042-24899aaf5ee6;423.78;0.37;UNKNOWN
2016-01-21T01:21:27.000000;2016-01-21T01:21:27.000000;e263e016-cdd9-42be-b102-0ef313da2894;423.8;14.43222649;UNKNOWN
2016-01-21T01:21:27.000000;2016-01-21T01:21:27.000000;9e83162e-23e6-45a6-8c06-b588ab780592;423.78;5.8529;UNKNOWN
2016-01-21T01:21:27.000000;2016-01-21T01:21:27.000000;dec8af55-8b94-4600-9230-f2dcbe8b1189;423.78;0.369;UNKNOWN
2016-01-21T01:21:29.000000;2016-01-21T01:21:29.000000;b260db1c-fb18-4dfb-a76a-12fb0c40501f;423.8;2.0;UNKNOWN
2016-01-21T01:21:33.000000;2016-01-21T01:21:33.000000;4be33747-9f5f-4279-8bc0-55ccaf7b356f;423.81;0.10199264;UNKNOWN
2016-01-21T01:21:45.000000;2016-01-21T01:21:45.000000;395e021f-f969-4a89-afe5-2defb7d4e5cf;424.23;3.0;UNKNOWN
2016-01-21T01:21:55.000000;2016-01-21T01:21:55.000000;afa3315a-ac20-42fa-80b1-6260613abcf0;424.07;0.01048;UNKNOWN
2016-01-21T01:21:57.000000;2016-01-21T01:21:57.000000;516c73fd-a942-43a3-a333-0faf02dee448;424.19;4.75;UNKNOWN
2016-01-21T01:21:57.000000;2016-01-21T01:21:57.000000;f3b7f0d8-ceb5-4738-97c6-c80b9d39e6ab;424.18;0.25;UNKNOWN
2016-01-21T01:21:57.000000;2016-01-21T01:21:57.000000;230cf41d-06de-4ea9-bce4-2927322e3c2b;423.81;0.01397;UNKNOWN
2016-01-21T01:22:03.000000;2016-01-21T01:22:03.000000;1a8f2e97-5107-4b78-94c4-17b28ad460ec;423.8;18.701951;UNKNOWN
2016-01-21T01:22:03.000000;2016-01-21T01:22:03.000000;df36fe9a-abea-48d0-944a-567ad4af161b;424.1;0.480349;UNKNOWN
2016-01-21T01:22:03.000000;2016-01-21T01:22:03.000000;57bdc12e-e8e9-4be1-882e-0416b576caa6;423.85;5.8177;UNKNOWN
2016-01-21T01:22:11.000000;2016-01-21T01:22:11.000000;2381d345-f394-4847-a601-32043f6f7b19;424.17;0.19;UNKNOWN
2016-01-21T01:22:18.000000;2016-01-21T01:22:18.000000;607e9223-0d9b-466d-9fdd-5fb7c662c623;424.16;0.031;UNKNOWN
2016-01-21T01:22:18.000000;2016-01-21T01:22:18.000000;c0920344-8737-4005-a17b-ec5cdf501c8c;424.16;0.1;UNKNOWN
2016-01-21T01:22:18.000000;2016-01-21T01:22:18.000000;6a3c5bf8-c818-4220-ab16-5ae779c29553;424.16;0.293;UNKNOWN
2016-01-21T01:22:21.000000;2016-01-21T01:22:21.000000;b4b00bc6-4915-4f89-9865-52209caa443c;424.15;0.209;UNKNOWN
2016-01-21T01:22:30.000000;2016-01-21T01:22:30.000000;f52b678b-b9ff-477d-ae8e-353cd24c34c1;424.15;0.5;UNKNOWN
2016-01-21T01:22:34.000000;2016-01-21T01:22:34.000000;93cd2531-dc35-4133-a155-7bd28b45e871;423.83;0.251527;UNKNOWN
2016-01-21T01:22:34.000000;2016-01-21T01:22:34.000000;5a609247-0252-45ff-84e7-78a89ec61fbe;424.15;0.277473;UNKNOWN
2016-01-21T01:22:35.000000;2016-01-21T01:22:35.000000;876e96a0-343f-4156-9616-b956f8afd3f0;423.83;0.18128046;UNKNOWN
2016-01-21T01:22:39.000000;2016-01-21T01:22:39.000000;fffbef7c-f359-4b1e-bce7-c60668ec21b7;423.81;0.0119576;UNKNOWN
2016-01-21T01:22:43.000000;2016-01-21T01:22:43.000000;662a2cc3-3665-4db7-b591-5e6e88031bf4;423.81;0.0917506;UNKNOWN
2016-01-21T01:22:43.000000;2016-01-21T01:22:43.000000;d8c8fd7a-799f-48fa-abd6-76568e96b974;424.13;0.262;UNKNOWN
2016-01-21T01:22:44.000000;2016-01-21T01:22:44.000000;5d43e715-c769-411f-b67b-4d9f076e67f8;423.81;0.01397;UNKNOWN
2016-01-21T01:22:47.000000;2016-01-21T01:22:47.000000;39dd95c0-d558-4aa3-86ec-f8d0e0f83db9;423.81;0.0601064;UNKNOWN
2016-01-21T01:22:51.000000;2016-01-21T01:22:51.000000;760f5ccc-bc9b-4119-bae8-712c7a70bafc;423.81;0.12543094;UNKNOWN
2016-01-21T01:22:54.000000;2016-01-21T01:22:54.000000;690afc37-7fa9-4648-9d00-766e57f1cebe;423.81;0.06522891;UNKNOWN
2016-01-21T01:22:56.000000;2016-01-21T01:22:56.000000;21a3cb4d-509f-45c9-bd9f-48852c755f59;423.81;1.02;UNKNOWN
2016-01-21T01:22:59.000000;2016-01-21T01:22:59.000000;8131880e-87d4-4a1b-8af9-c5696361820a;423.8;0.29644445;UNKNOWN
2016-01-21T01:22:59.000000;2016-01-21T01:22:59.000000;5d19e2a0-d990-4612-8649-73b0eb9d77ae;423.81;4.44355555;UNKNOWN
2016-01-21T01:23:02.000000;2016-01-21T01:23:02.000000;f0989426-a013-4519-9a72-bf7acefb1a84;423.8;0.14688549;UNKNOWN
2016-01-21T01:23:03.000000;2016-01-21T01:23:03.000000;c5a32d01-659a-4cd9-8a1a-8bcb50ea84ea;423.8;0.01178244;UNKNOWN
2016-01-21T01:23:05.000000;2016-01-21T01:23:05.000000;0c530034-23de-40b6-b09d-390c117ddf10;423.8;3.55;UNKNOWN
2016-01-21T01:23:06.000000;2016-01-21T01:23:06.000000;bb18c87b-b7c4-4eca-9ab9-81cd335dc20a;423.8;3.0;UNKNOWN
2016-01-21T01:23:07.000000;2016-01-21T01:23:07.000000;ec69d38c-f966-4952-aace-f21e50f9db28;423.8;0.09285653;UNKNOWN
2016-01-21T01:23:17.000000;2016-01-21T01:23:17.000000;cd34351f-7057-4657-a218-b8b5c57b76ad;423.8;0.1427;UNKNOWN
2016-01-21T01:23:25.000000;2016-01-21T01:23:25.000000;5ae96149-cf88-4d37-8d3e-e13de4c0d8d4;423.8;0.0404072;UNKNOWN
2016-01-21T01:23:30.000000;2016-01-21T01:23:30.000000;5ca17dec-1bdb-41b9-9a15-2de5c2d15431;423.8;0.08325427;UNKNOWN
