time_exchange;time_coinpai;guid;price;base_amount;taker_side
2016-01-21T00:00:02.887000;2016-01-21T00:00:02.910000;82b09973-1786-4894-9292-021e37ec056e;418.89;0.223;BUY
2016-01-21T00:00:02.887000;2016-01-21T00:00:02.927000;f780225d-da72-47dd-82ae-10f6a2dce1d1;418.89;0.277;BUY
2016-01-21T00:00:03.047000;2016-01-21T00:00:03.067000;005d3033-208a-499c-ae6c-1965313db4da;418.89;0.022;BUY
2016-01-21T00:00:03.047000;2016-01-21T00:00:03.083000;23acc8cb-ea1c-4b7f-b9b9-dc564883493a;418.89;0.07238;BUY
2016-01-21T00:00:31.673000;2016-01-21T00:00:31.693000;1085dfdd-a0d5-4a0d-8d8d-7fdeb0988a4d;418.89;0.14962;BUY
2016-01-21T00:00:31.673000;2016-01-21T00:00:31.710000;5a44fdd9-0cd8-411c-8964-830399a11872;418.89;0.222;BUY
2016-01-21T00:00:31.673000;2016-01-21T00:00:31.710000;0e75b33a-827d-4e04-9eb5-ba6963d6bd64;418.89;0.221;BUY
2016-01-21T00:00:31.673000;2016-01-21T00:00:31.723000;f3cb9822-a6b7-43fe-8702-6965396bf985;418.89;0.222;BUY
2016-01-21T00:00:31.673000;2016-01-21T00:00:31.723000;646764ee-b91b-4e43-a159-32ef0ac5affd;418.89;0.223;BUY
2016-01-21T00:00:31.673000;2016-01-21T00:00:31.723000;bf06b4a8-9176-4c6e-9944-56b46c6b189a;418.89;0.223;BUY
2016-01-21T00:00:31.673000;2016-01-21T00:00:31.723000;f32906ba-c6b4-4c07-98e9-d8a4d5b54c36;418.89;0.222;BUY
2016-01-21T00:00:31.673000;2016-01-21T00:00:31.740000;82501ef3-3f9e-4557-9f11-e707bc45af6c;418.89;0.222;BUY
2016-01-21T00:00:31.673000;2016-01-21T00:00:31.740000;c35d300d-85cb-42cd-bd7c-ffbc0d763970;418.89;0.221;BUY
2016-01-21T00:00:31.673000;2016-01-21T00:00:31.740000;d8de417a-6782-4e0e-8468-e50498dd7926;418.89;0.23;BUY
2016-01-21T00:00:31.673000;2016-01-21T00:00:31.740000;a3dc57c0-b5c9-40ce-a6a1-8693f4d5724d;418.89;0.22;BUY
2016-01-21T00:00:31.673000;2016-01-21T00:00:31.757000;704dc5c6-7f34-454b-8e10-7ea2168fb91a;418.89;0.02968;BUY
2016-01-21T00:00:31.673000;2016-01-21T00:00:31.757000;c96d0254-1cee-4b8d-b441-11e1b078e970;418.97;0.01;BUY
2016-01-21T00:00:31.673000;2016-01-21T00:00:31.757000;9b398b74-e37f-4604-8171-5353d7932972;418.98;0.01;BUY
2016-01-21T00:00:31.673000;2016-01-21T00:00:31.757000;2669e25a-b512-4d5c-bd57-0e32f129db5d;419.0;0.01;BUY
2016-01-21T00:00:31.673000;2016-01-21T00:00:31.757000;c9318227-2748-46ca-8fa2-a02a0a541423;419.0;0.05;BUY
2016-01-21T00:00:31.677000;2016-01-21T00:00:31.787000;7d32bbf2-cb94-4b6c-9b30-7d61796c54aa;419.01;0.01;BUY
2016-01-21T00:00:31.677000;2016-01-21T00:00:31.803000;c068cd88-4683-4ba8-a1df-228506d9a4ab;419.08;0.577;BUY
2016-01-21T00:00:31.677000;2016-01-21T00:00:31.803000;ed17dce8-c6e4-4bdd-b7b4-36c4642eb95d;419.18;0.01;BUY
2016-01-21T00:00:31.677000;2016-01-21T00:00:31.803000;cebe6388-3a2e-41e4-b805-51c7bd69b60d;419.18;0.02964;BUY
2016-01-21T00:00:31.677000;2016-01-21T00:00:31.803000;b16838ff-0215-4a79-ae9e-1a7afde7be22;419.22;2.80827;BUY
2016-01-21T00:00:57.787000;2016-01-21T00:00:57.803000;915ea38d-c6a2-4296-88ca-318b7f13d8e3;418.89;0.02965;SELL
2016-01-21T00:00:57.787000;2016-01-21T00:00:57.817000;b63f0075-bf8f-427a-807e-d36824f66bdb;418.72;0.66633;SELL
2016-01-21T00:00:57.823000;2016-01-21T00:00:57.850000;b5452f48-43d5-44a9-b09b-64e0fdff3c70;418.72;0.35360291;SELL
2016-01-21T00:01:02.383000;2016-01-21T00:01:02.397000;2d631191-150f-475f-8ca3-91593863799a;418.9;1.43413;BUY
2016-01-21T00:01:31.117000;2016-01-21T00:01:31.147000;b0a7eccc-3810-4e8f-8412-94b1b837d4e7;418.78;2.76;SELL
2016-01-21T00:01:31.117000;2016-01-21T00:01:31.160000;c642f5d6-5ffa-4c7c-aca2-b0a0dad39dab;418.77;1.842;SELL
2016-01-21T00:01:31.117000;2016-01-21T00:01:31.160000;39dbb660-0e57-4b39-8948-ef8fabefcb62;418.77;3.24;SELL
2016-01-21T00:01:31.117000;2016-01-21T00:01:31.160000;888911e5-c405-4baf-b4a5-411c361863e3;418.76;0.44;SELL
2016-01-21T00:01:31.117000;2016-01-21T00:01:31.177000;413f177c-6826-4567-92af-a8a0f6ece736;418.76;3.97644;SELL
2016-01-21T00:01:31.943000;2016-01-21T00:01:31.960000;5949c82d-a0bd-4cab-9675-bdc5953cbcdc;418.97;0.11996;BUY
2016-01-21T00:01:44.390000;2016-01-21T00:01:44.427000;80f9500f-0330-4e85-99d5-556fa697ba95;418.79;1.747;SELL
2016-01-21T00:01:44.393000;2016-01-21T00:01:44.427000;a0fd9600-228b-4f4e-9a54-1dcbb5ecb3ef;418.78;1.253;SELL
2016-01-21T00:02:02.133000;2016-01-21T00:02:02.160000;c2c9e634-d773-47fc-a52e-3452d063c110;418.94;0.985;BUY
2016-01-21T00:02:02.133000;2016-01-21T00:02:02.177000;f1cc8bbd-dff1-4acd-8427-608985fe0660;418.96;1.04;BUY
2016-01-21T00:02:02.133000;2016-01-21T00:02:02.177000;58ad10e6-a183-4612-a51a-f26551fe3727;418.96;0.43;BUY
2016-01-21T00:02:02.133000;2016-01-21T00:02:02.177000;912344d8-bb3a-4e88-abe4-06f4bda3b3ae;418.96;8.27843;BUY
2016-01-21T00:02:02.133000;2016-01-21T00:02:02.177000;8b5b5a1a-9d46-47f4-9c90-ce8a14ba76db;418.97;0.35556;BUY
2016-01-21T00:02:29.257000;2016-01-21T00:02:29.270000;70837fdc-af10-4f99-8964-ab0ae7c67037;418.99;0.16;SELL
2016-01-21T00:02:31.933000;2016-01-21T00:02:31.960000;c5e20a4f-394d-4aa4-a63a-46882f31e471;418.99;1.99;SELL
2016-01-21T00:02:31.937000;2016-01-21T00:02:31.973000;547ed8f1-3a39-4352-9a7d-f5902fc81aba;418.97;2.16;SELL
2016-01-21T00:02:31.937000;2016-01-21T00:02:31.973000;d78afa9d-dc6a-4210-9455-d2a21b360d32;418.96;16.26041;SELL
2016-01-21T00:03:04.633000;2016-01-21T00:03:04.647000;f3992f4f-d3b6-4ea4-8ba8-ef96109bbcd4;419.01;0.8372;BUY
2016-01-21T00:03:30.363000;2016-01-21T00:03:30.380000;e2c5a68a-faf0-4f87-a02d-b68123419bbe;418.96;7.87259;SELL
2016-01-21T00:03:38.970000;2016-01-21T00:03:38.990000;26f068d8-f359-4337-bdea-2e9fbec8eee5;418.97;1.79;SELL
2016-01-21T00:03:38.970000;2016-01-21T00:03:39.007000;698f0045-780d-4ab4-b546-dce74e2e6676;418.96;0.29;SELL
2016-01-21T00:03:38.970000;2016-01-21T00:03:39.020000;0ee87010-c386-451d-a419-264a863ad536;418.96;1.41684;SELL
2016-01-21T00:04:01.947000;2016-01-21T00:04:01.960000;c36891b1-3f4b-495a-8dd4-2971addd49d4;418.99;0.899;BUY
2016-01-21T00:04:01.947000;2016-01-21T00:04:01.973000;bc6f4c1e-bdfd-4a86-82c3-f4c4fe8a8064;419.0;0.60905;BUY
2016-01-21T00:04:32.177000;2016-01-21T00:04:32.193000;4a40a697-2088-4763-b24b-53e44a55e0ec;418.99;4.492;SELL
2016-01-21T00:04:42.213000;2016-01-21T00:04:42.223000;2b766f63-d4ca-48a2-8896-f3bfc1df5ce3;418.99;4.41614846;SELL
2016-01-21T00:05:02.427000;2016-01-21T00:05:02.443000;9863a20c-1ca0-4d0d-a0fc-c49c32584712;419.0;0.152;BUY
2016-01-21T00:05:02.427000;2016-01-21T00:05:02.460000;bf9390de-0590-4bf3-8524-d34d82db9027;419.0;0.31;BUY
2016-01-21T00:05:02.427000;2016-01-21T00:05:02.460000;a07845b4-dd84-40bc-bf04-e538f2cdbe9d;419.0;0.39632;BUY
2016-01-21T00:05:31.947000;2016-01-21T00:05:31.960000;4e3fc1a1-a0cf-48c8-870c-4ba9bd4b7672;419.0;9.13252;BUY
2016-01-21T00:06:01.940000;2016-01-21T00:06:01.980000;b62014ec-bc92-4e28-a2db-736202056c28;418.99;8.69877;SELL
2016-01-21T00:06:27.513000;2016-01-21T00:06:27.557000;6727294f-2838-4d88-b3e8-7f8c3dd0a561;418.99;0.2;SELL
2016-01-21T00:06:27.513000;2016-01-21T00:06:27.573000;e0200036-4171-40b5-810d-62dfb71f4184;418.99;9.8;SELL
2016-01-21T00:06:31.417000;2016-01-21T00:06:31.463000;89717e61-a1fc-4cf8-90a9-039b39e6cd55;418.99;0.4899;SELL
2016-01-21T00:07:01.847000;2016-01-21T00:07:01.903000;9670af16-9b9b-48df-abc1-a61ae257837c;418.69;0.82637;BUY
2016-01-21T00:07:31.967000;2016-01-21T00:07:32.027000;cb348138-bfde-4066-a026-2be0f1c1a31a;418.68;0.01;SELL
2016-01-21T00:07:31.967000;2016-01-21T00:07:32.027000;a20f51b0-82f4-4901-99b7-0c9f0d973e3c;418.68;1.99019;SELL
2016-01-21T00:08:01.660000;2016-01-21T00:08:01.713000;dd225de1-7660-4010-846d-9d4b77437e3d;418.67;0.01;SELL
2016-01-21T00:08:01.660000;2016-01-21T00:08:01.713000;df9427e5-579e-45f7-a00e-b8ba3160cb94;418.6;0.02969;SELL
2016-01-21T00:08:01.660000;2016-01-21T00:08:01.713000;59802e79-fc77-482c-b8b5-4d94e554914b;418.56;0.3;SELL
2016-01-21T00:08:01.660000;2016-01-21T00:08:01.713000;75ff9d39-b118-4bf0-9d19-08f87ddecd70;418.54;0.15841;SELL
2016-01-21T00:08:07.540000;2016-01-21T00:08:07.590000;b09ed6e0-d88e-49ff-bede-efff2c2dc0f3;418.62;0.502;BUY
2016-01-21T00:08:09.633000;2016-01-21T00:08:09.683000;c7f0ea76-7217-45ff-8579-542ba0f4574d;418.56;0.01;SELL
2016-01-21T00:08:09.633000;2016-01-21T00:08:09.700000;9314b2b8-f90e-43aa-91c5-09736e92b42d;418.55;0.01;SELL
2016-01-21T00:08:09.633000;2016-01-21T00:08:09.713000;8f4eaa52-a7de-41ad-b257-13bc5af2b1fc;418.54;14.72409;SELL
2016-01-21T00:08:09.633000;2016-01-21T00:08:09.713000;08658f0a-fd75-4717-8bd2-e4d0e05c13e6;418.49;0.01;SELL
2016-01-21T00:08:09.633000;2016-01-21T00:08:09.713000;a17b80b5-f16b-4232-86c8-6073ce7880f9;418.34;0.01;SELL
2016-01-21T00:08:09.633000;2016-01-21T00:08:09.713000;047e5ec2-a2f9-4905-9f1d-e8fae9cbdfc5;418.31;0.02972;SELL
2016-01-21T00:08:09.633000;2016-01-21T00:08:09.713000;de67a575-a59d-4985-b2cc-737eccaf8042;418.3;0.38;SELL
2016-01-21T00:08:09.633000;2016-01-21T00:08:09.713000;244976be-867e-4d8b-a206-903bb8e35fca;418.19;0.02;SELL
2016-01-21T00:08:09.633000;2016-01-21T00:08:09.713000;286a2fc6-071a-4089-a981-7b0ba15846cf;418.14;0.01;SELL
2016-01-21T00:08:09.633000;2016-01-21T00:08:09.713000;ea03ec9c-f3f2-4934-b44b-0d1700c8fe16;418.03;0.075;SELL
2016-01-21T00:08:09.633000;2016-01-21T00:08:09.730000;a8249644-aa45-4bb3-871c-68aa039d2da9;418.02;0.02975;SELL
2016-01-21T00:08:09.633000;2016-01-21T00:08:09.730000;41359109-0a05-4660-a32b-a2ed0823f231;418.0;0.0115;SELL
2016-01-21T00:08:09.633000;2016-01-21T00:08:09.730000;64e1b311-c1a4-40c7-a398-62f9d3f4c9b4;418.0;10.67994;SELL
2016-01-21T00:08:31.740000;2016-01-21T00:08:31.777000;7d25e1e0-85ad-475b-af8c-0feee5f04c97;418.13;0.01;SELL
2016-01-21T00:08:31.740000;2016-01-21T00:08:31.793000;360fd59e-3bd9-4eb7-a902-63d24a02295c;418.12;0.01;SELL
2016-01-21T00:08:31.740000;2016-01-21T00:08:31.807000;21f8296c-c61f-43f1-b001-926b3eea4880;418.1;0.01;SELL
2016-01-21T00:08:31.740000;2016-01-21T00:08:31.807000;1e511071-7164-4f81-94f0-29355dbfdff9;418.06;0.01;SELL
2016-01-21T00:08:31.743000;2016-01-21T00:08:31.807000;a79d61ae-4b53-4d59-b1dc-90575a681762;418.01;24.11114;SELL
2016-01-21T00:09:01.467000;2016-01-21T00:09:01.510000;ee2bc791-2512-45cb-b103-2eb52b3ddce7;418.04;0.835;BUY
2016-01-21T00:09:01.467000;2016-01-21T00:09:01.510000;b13ead55-3d33-427d-a44b-aebe12a5537e;418.04;0.39;BUY
2016-01-21T00:09:01.467000;2016-01-21T00:09:01.543000;33e373e7-355d-4892-84cd-6e355fc1c844;418.04;0.222;BUY
2016-01-21T00:09:01.467000;2016-01-21T00:09:01.543000;cde986d7-e54f-4c9f-a1d6-d4f88466923a;418.04;0.222;BUY
2016-01-21T00:09:01.467000;2016-01-21T00:09:01.543000;fe64089c-d807-454a-b0e5-a85bc7ea0463;418.05;0.71407;BUY
2016-01-21T00:09:31.897000;2016-01-21T00:09:31.933000;92fea3a0-0e54-43be-9869-6cf7a1579466;418.05;0.221;BUY
2016-01-21T00:09:31.897000;2016-01-21T00:09:31.963000;53a05dfb-1ad1-41aa-8d9f-3f44a0d2113b;418.05;0.436;BUY
2016-01-21T00:09:31.897000;2016-01-21T00:09:31.980000;fdaf4c72-f8c6-462a-9fe9-713049863262;418.05;0.221;BUY
2016-01-21T00:09:31.897000;2016-01-21T00:09:31.980000;471218e2-0bae-41c0-aa08-5746ebcc5af2;418.05;0.22;BUY
2016-01-21T00:09:31.897000;2016-01-21T00:09:31.980000;d71b5358-7782-465f-858a-4fa0e431ec9b;418.05;0.221;BUY
2016-01-21T00:09:31.897000;2016-01-21T00:09:31.980000;e9b6c30f-305c-4029-92ee-85cbba1acb31;418.05;0.222;BUY
2016-01-21T00:09:31.897000;2016-01-21T00:09:31.980000;f8fe11b6-7567-4f56-a71a-4a7f2c0e4470;418.05;0.229;BUY
2016-01-21T00:09:31.897000;2016-01-21T00:09:31.980000;9e958b87-4570-405d-8707-8c6904d20859;418.05;0.223;BUY
2016-01-21T00:09:31.897000;2016-01-21T00:09:31.980000;09514c1c-2d86-4298-991e-f1cc51137bdc;418.05;0.175;BUY
2016-01-21T00:09:31.897000;2016-01-21T00:09:31.997000;cdcaad9b-7ae3-4bb9-a85b-58211e7335cd;418.05;0.222;BUY
2016-01-21T00:09:31.897000;2016-01-21T00:09:31.997000;59bada7a-e4d1-4892-9b42-c1fac63f4b84;418.05;0.223;BUY
2016-01-21T00:09:31.897000;2016-01-21T00:09:32.010000;d409e4aa-8ea9-42f7-9758-18ec115f0bac;418.05;0.298;BUY
2016-01-21T00:09:31.900000;2016-01-21T00:09:32.010000;edc5b48b-bebe-472a-b829-26b68e86d6f0;418.07;8.31645;BUY
2016-01-21T00:09:31.900000;2016-01-21T00:09:32.010000;d9af0afd-825c-48ba-b2d8-2afe826b9413;418.14;0.839;BUY
2016-01-21T00:09:31.900000;2016-01-21T00:09:32.010000;a8fcee1a-58e4-460e-96b2-00a402571b41;418.19;0.801;BUY
2016-01-21T00:09:31.900000;2016-01-21T00:09:32.027000;0cad4746-7ace-428b-8a08-c50d8d2c18e3;418.25;0.843;BUY
2016-01-21T00:09:31.900000;2016-01-21T00:09:32.027000;42147320-c69f-4131-9cc1-b4ee1512491b;418.3;0.01;BUY
2016-01-21T00:09:31.900000;2016-01-21T00:09:32.027000;682732dd-aa45-46f4-b890-db415e0bbb41;418.31;0.02974;BUY
2016-01-21T00:09:31.900000;2016-01-21T00:09:32.027000;ae97b99c-1639-45c8-a48a-d650b798a73d;418.31;0.01;BUY
2016-01-21T00:09:31.900000;2016-01-21T00:09:32.043000;7af14ef6-a5de-43bf-b0c9-84009fa5b460;418.31;0.5;BUY
2016-01-21T00:09:31.900000;2016-01-21T00:09:32.057000;aed69eb2-434c-436d-b0b7-4923817241d7;418.47;0.821;BUY
2016-01-21T00:09:31.900000;2016-01-21T00:09:32.057000;1981aee3-0769-415c-9db0-89469223cf7a;418.52;0.806;BUY
2016-01-21T00:09:31.900000;2016-01-21T00:09:32.057000;c4704e62-a313-4acf-b306-3c6d2cade3e6;418.59;0.825;BUY
2016-01-21T00:09:31.900000;2016-01-21T00:09:32.057000;99b244d2-1f73-4ba7-a8ae-b1e7fff98e62;418.6;0.02971;BUY
2016-01-21T00:09:31.900000;2016-01-21T00:09:32.057000;b0453d0f-a1d6-42d6-90de-1448055189fa;418.62;0.02433;BUY
2016-01-21T00:10:02.313000;2016-01-21T00:10:02.340000;8d0e6770-9653-4a3a-8c16-0dce32e6cc70;418.36;0.512;BUY
2016-01-21T00:10:02.313000;2016-01-21T00:10:02.357000;171af5ec-c233-4715-8c8e-242b4f745938;418.37;7.77758;BUY
2016-01-21T00:10:09.817000;2016-01-21T00:10:09.857000;71b61239-a342-4440-bd5f-46b8de4fc989;418.37;1.126;BUY
2016-01-21T00:10:32.510000;2016-01-21T00:10:32.543000;36aada35-db52-43c7-ac09-efe2ea678732;418.32;0.01;SELL
2016-01-21T00:10:32.510000;2016-01-21T00:10:32.557000;fe0c7094-50c7-4be4-8774-5102c8b41715;418.32;0.21191;SELL
2016-01-21T00:11:01.703000;2016-01-21T00:11:01.730000;5d3278c9-7c6d-4e84-965d-48157afdbc01;418.33;0.462;BUY
2016-01-21T00:11:01.703000;2016-01-21T00:11:01.747000;a2fa22ff-e5aa-46ae-b6e5-0d13e47fe37c;418.33;0.5;BUY
2016-01-21T00:11:01.703000;2016-01-21T00:11:01.747000;e87a6f74-5660-451c-98ca-37a4532974ba;418.38;0.5;BUY
2016-01-21T00:11:01.703000;2016-01-21T00:11:01.777000;4b562657-204c-4172-bf0a-65cf79bd6c12;418.42;0.64075;BUY
2016-01-21T00:11:31.843000;2016-01-21T00:11:31.870000;eb1dfa9f-e2ad-4bff-9872-556b35b181e1;418.36;0.11307;BUY
2016-01-21T00:12:01.943000;2016-01-21T00:12:01.980000;e3d599a5-04c1-4623-b58c-eac69b8fd360;418.35;0.31;SELL
2016-01-21T00:12:01.943000;2016-01-21T00:12:01.997000;5a021cdb-a4c9-4419-87d2-6da85b2d3f6d;418.32;3.0282;SELL
2016-01-21T00:12:29.107000;2016-01-21T00:12:29.137000;d2e926bf-b993-44e7-8b0a-91120fce6de9;418.33;0.28;BUY
2016-01-21T00:12:29.617000;2016-01-21T00:12:29.653000;830aa8d8-a23f-41f1-9502-c951ac3f20f9;418.33;0.28;BUY
2016-01-21T00:12:31.660000;2016-01-21T00:12:31.683000;ca943044-de7b-42fb-9ff5-fd060c64e196;418.32;1.9565;SELL
2016-01-21T00:13:01.753000;2016-01-21T00:13:01.777000;bacef2bb-1644-418d-b0ce-76bcc36bc575;418.32;1.30339;SELL
2016-01-21T00:13:01.753000;2016-01-21T00:13:01.793000;858f7928-7bf9-4d1b-bb81-b5f9952bf926;418.31;0.02972;SELL
2016-01-21T00:13:01.753000;2016-01-21T00:13:01.793000;7c3e9ad6-d44e-4f22-b3c8-1ae3b12aee38;418.2;0.36;SELL
2016-01-21T00:13:01.753000;2016-01-21T00:13:01.857000;6824bf3f-ceb5-4da7-af48-5a99e0497f89;418.13;0.01;SELL
2016-01-21T00:13:01.753000;2016-01-21T00:13:01.857000;08bfccc2-6fe7-4c78-b4ec-97c63f97e7ef;418.1;0.356;SELL
2016-01-21T00:13:01.753000;2016-01-21T00:13:01.857000;7cc2f4a0-5781-4d6e-9b7f-e5e789bb8cd4;418.05;0.326;SELL
2016-01-21T00:13:01.753000;2016-01-21T00:13:01.857000;da9df177-2301-4dad-8d95-ac422247e029;418.02;0.02975;SELL
2016-01-21T00:13:01.753000;2016-01-21T00:13:01.857000;246009b7-5445-4c64-9bc1-96dbacdb5aca;418.0;1.38358;SELL
2016-01-21T00:13:20.377000;2016-01-21T00:13:20.403000;9d362a30-6a58-4119-bdf7-d6ae91f89b93;418.06;0.01;SELL
2016-01-21T00:13:20.377000;2016-01-21T00:13:20.417000;79df1889-5129-4fe4-ad3d-1b44d2a15e00;418.05;0.01;SELL
2016-01-21T00:13:20.377000;2016-01-21T00:13:20.417000;864bab63-faaa-4e70-9bc7-79ee0010bff3;418.02;0.3;SELL
2016-01-21T00:13:20.377000;2016-01-21T00:13:20.433000;2c28317c-0ecc-4629-a797-21fff971c626;418.01;1.18;SELL
2016-01-21T00:13:32.010000;2016-01-21T00:13:32.043000;7c52a74c-5c79-4e5b-b9b1-d75cc1c408df;418.03;0.1364;SELL
2016-01-21T00:13:33.280000;2016-01-21T00:13:33.323000;7668028c-c22d-4387-8ea1-d35fd7843581;418.19;0.12;BUY
2016-01-21T00:13:33.280000;2016-01-21T00:13:33.323000;a57ff15d-8921-4908-94d5-151212404782;418.2;6.01333047;BUY
2016-01-21T00:14:02.083000;2016-01-21T00:14:02.107000;748f8c04-82b8-4230-824f-de74f5b72ff7;418.2;0.63451;BUY
2016-01-21T00:14:09.070000;2016-01-21T00:14:09.120000;797ba8c0-f837-4fca-8abe-482f5ad47706;418.19;0.25;BUY
2016-01-21T00:14:09.070000;2016-01-21T00:14:09.120000;bc52d0e4-29f2-4392-87b8-b8ce89fd0746;418.19;0.23;BUY
2016-01-21T00:14:09.073000;2016-01-21T00:14:09.137000;6da3e2b9-45b3-4b1a-8fbe-3a227cd8b30f;418.21;0.26;BUY
2016-01-21T00:14:09.073000;2016-01-21T00:14:09.137000;61f1ccba-a73c-4df6-a03c-f259f78cfc2b;418.24;0.01;BUY
2016-01-21T00:14:09.073000;2016-01-21T00:14:09.137000;8c11ffad-7dbb-4993-b1ce-75f7da067d03;418.31;0.02974;BUY
2016-01-21T00:14:09.073000;2016-01-21T00:14:09.137000;86e97e4a-5fe1-4aef-ada0-ff2e38dccde5;418.36;0.22026;BUY
2016-01-21T00:14:11.813000;2016-01-21T00:14:11.840000;29c76d16-0a9f-4408-b8e3-4b520ab419d6;418.14;0.054;SELL
2016-01-21T00:14:31.920000;2016-01-21T00:14:31.933000;03deb7c6-7e54-4933-a6d3-5368d01fe56a;418.29;0.24;BUY
2016-01-21T00:14:31.920000;2016-01-21T00:14:31.950000;82acbcb4-005d-465a-8181-c0fceaf8329c;418.29;0.04976;BUY
2016-01-21T00:15:02.347000;2016-01-21T00:15:02.370000;9efdea3b-02fa-4150-8041-b5b8aa0824b4;418.25;0.18536;SELL
2016-01-21T00:16:02.690000;2016-01-21T00:16:02.713000;f1605663-a441-47f0-b3cd-cfd6c5f917c5;418.36;0.00174;BUY
2016-01-21T00:16:02.690000;2016-01-21T00:16:02.730000;7f9f8a59-d1f7-444e-ae0d-b780207d0b3d;418.36;0.223;BUY
2016-01-21T00:16:02.690000;2016-01-21T00:16:02.730000;120d6211-92a1-4129-8952-d50f7a616246;418.36;0.221;BUY
2016-01-21T00:16:02.690000;2016-01-21T00:16:02.747000;815b7d1c-bad8-44ca-a2aa-faee7e09fbe0;418.36;0.221;BUY
2016-01-21T00:16:02.690000;2016-01-21T00:16:02.747000;43220a00-7a99-456d-b449-0a018c0660a3;418.36;0.222;BUY
2016-01-21T00:16:02.693000;2016-01-21T00:16:02.747000;41d15b56-1633-4dc8-bfd3-d34f35d11023;418.36;0.223;BUY
2016-01-21T00:16:02.693000;2016-01-21T00:16:02.747000;4807801d-ccfd-4430-9a20-6d32514d6dad;418.36;0.298;BUY
2016-01-21T00:16:02.693000;2016-01-21T00:16:02.760000;a5aa5c7c-b37c-440e-b156-a546d51d424d;418.36;1.78074;BUY
2016-01-21T00:16:32.133000;2016-01-21T00:16:32.153000;80d7f72c-e676-485a-8ff7-76a5e053f66c;418.36;1.52139;BUY
2016-01-21T00:16:53.560000;2016-01-21T00:16:53.573000;967688a5-bc7f-4a72-8598-811fdb53f82e;418.36;0.0476865;BUY
2016-01-21T00:17:18.060000;2016-01-21T00:17:18.200000;d119cb95-ee4e-4777-86b5-4e14156d1b33;418.34;0.011;BUY
2016-01-21T00:17:31.997000;2016-01-21T00:17:32.010000;e3c83cf1-848b-47d6-8f96-5c1f8298de0b;418.21;2.121;SELL
2016-01-21T00:17:31.997000;2016-01-21T00:17:32.027000;a5230912-3e0a-4f66-98a8-0b2c496d9082;418.21;1.74788;SELL
2016-01-21T00:17:59.393000;2016-01-21T00:17:59.403000;2952ee88-c554-428a-ae5e-2f413037aee7;418.35;0.13;BUY
2016-01-21T00:18:02.097000;2016-01-21T00:18:02.107000;c67b0e61-a065-4a7e-a151-6b4a9e025d65;418.34;0.26054;BUY
2016-01-21T00:18:33.010000;2016-01-21T00:18:33.027000;1007e290-f705-4cbc-9a15-5613977631a5;418.28;0.12;BUY
2016-01-21T00:18:33.010000;2016-01-21T00:18:33.043000;500edab0-9239-4a1e-95c1-7371cb0ff529;418.29;0.04082;BUY
2016-01-21T00:19:01.970000;2016-01-21T00:19:01.997000;5ed6842c-e190-4885-b11b-2e636f19d81b;418.14;0.13174;BUY
2016-01-21T00:19:31.773000;2016-01-21T00:19:31.777000;c99d609e-fe8c-4fbf-bca2-895a9d6917ca;418.14;0.24889;BUY
2016-01-21T00:20:14.347000;2016-01-21T00:20:14.357000;325932f2-2ee1-49d4-b80c-c988c1b83bb9;418.14;0.01;BUY
2016-01-21T00:20:31.947000;2016-01-21T00:20:31.950000;ed6d31f3-0de4-42c3-93fc-aa9090caf4d6;418.14;0.11651;BUY
2016-01-21T00:21:02.340000;2016-01-21T00:21:02.380000;2d1d7527-49dc-4da8-af73-3ca1e1b6f868;418.14;0.51769;BUY
2016-01-21T00:21:04.733000;2016-01-21T00:21:04.787000;f5a1d8c7-8892-4736-939a-6b79094511d1;418.14;0.025;BUY
2016-01-21T00:21:08.723000;2016-01-21T00:21:08.770000;bc5eb754-fdc5-4943-8b3f-178a13704d1f;418.14;0.025;BUY
2016-01-21T00:21:16.773000;2016-01-21T00:21:16.817000;9d199dcc-2212-4a90-8a5f-72484307d97e;418.14;0.025;BUY
2016-01-21T00:21:31.380000;2016-01-21T00:21:31.427000;73c0a635-ef05-4392-a4d4-26c204e86358;418.14;0.025;BUY
2016-01-21T00:21:31.430000;2016-01-21T00:21:31.473000;be4634b1-c30c-4203-9648-9c0ef0fd5332;418.14;0.23673;BUY
2016-01-21T00:21:39.127000;2016-01-21T00:21:39.177000;e026f86d-7816-433d-8587-59ec94872007;418.14;0.04787484;BUY
2016-01-21T00:21:44.210000;2016-01-21T00:21:44.257000;e077796e-f880-4dab-a98a-62cb4619b126;418.14;0.01;BUY
2016-01-21T00:21:47.483000;2016-01-21T00:21:47.537000;d61a107d-f490-4a76-a647-6c099a290408;418.14;0.01;BUY
2016-01-21T00:21:57.350000;2016-01-21T00:21:57.397000;7c1b3e31-e07d-46ad-8ce3-07cf4ec7efdc;418.14;0.01;BUY
2016-01-21T00:22:01.700000;2016-01-21T00:22:01.740000;18eebc20-feb6-45eb-b111-fe1fd1b963dd;418.14;0.01;BUY
2016-01-21T00:22:05.483000;2016-01-21T00:22:05.520000;69db4261-73ec-4ba0-be1b-3cb275338a0b;418.14;0.01;BUY
2016-01-21T00:22:29.963000;2016-01-21T00:22:30.007000;c075f0bc-eef9-4ece-aca8-6fccc8529ad7;418.14;0.03;BUY
2016-01-21T00:22:58.187000;2016-01-21T00:22:58.223000;3a753c0a-0d21-4b3d-ad94-3896592eb79a;418.14;0.01;BUY
2016-01-21T00:23:01.090000;2016-01-21T00:23:01.130000;2f1ad3f2-511a-4391-8278-be8be71aff9d;418.14;0.01;BUY
2016-01-21T00:23:09.517000;2016-01-21T00:23:09.553000;b810b454-3ad4-4cac-b15a-2d416763892a;418.14;0.01;BUY
2016-01-21T00:23:15.070000;2016-01-21T00:23:15.117000;5dae6af0-ab2b-48de-9c5a-abf01590c820;418.14;0.01;BUY
2016-01-21T00:23:18.387000;2016-01-21T00:23:18.427000;f7d85d58-28c6-4d4f-b486-219929b8bca1;418.14;0.01;BUY
2016-01-21T00:23:23.150000;2016-01-21T00:23:23.193000;babd35b3-6e40-49ce-9ff6-54ab778580b7;418.14;0.01;BUY
2016-01-21T00:24:23.723000;2016-01-21T00:24:23.757000;a234c457-f032-4d4b-9e70-09dd1a11e525;418.13;0.3;SELL
2016-01-21T00:24:23.723000;2016-01-21T00:24:23.787000;ebf56ed1-6584-4387-803b-c7d08b511024;418.13;1.63658635;SELL
2016-01-21T00:27:05.583000;2016-01-21T00:27:05.630000;5469a2a9-870e-402b-b436-a2d16bccc47f;418.14;1.68;BUY
2016-01-21T00:28:02.070000;2016-01-21T00:28:02.117000;e43dfa0f-8346-4757-ac36-69e4bdc167a4;418.14;2.27913712;BUY
2016-01-21T00:28:02.070000;2016-01-21T00:28:02.130000;7aceb924-2e1d-4a71-a4c9-92f4c9c3dcb4;418.14;0.01;BUY
2016-01-21T00:28:02.070000;2016-01-21T00:28:02.130000;e0a67d23-6eef-4583-837c-c836c5a9282d;418.2;0.1229769;BUY
2016-01-21T00:28:02.070000;2016-01-21T00:28:02.147000;21bc301e-ce65-4bc2-b9b9-dcf4a24fadf2;418.26;0.02;BUY
2016-01-21T00:28:02.073000;2016-01-21T00:28:02.147000;23784184-8f52-4e35-9346-b8883194b0c2;418.27;0.549;BUY
2016-01-21T00:28:02.073000;2016-01-21T00:28:02.210000;cb451fe7-6aca-4a77-9501-df18a9c0a568;418.29;8.29183;BUY
2016-01-21T00:28:02.073000;2016-01-21T00:28:02.210000;13faf902-f57a-45db-8857-a0e005cd8239;418.32;0.591;BUY
2016-01-21T00:28:02.073000;2016-01-21T00:28:02.210000;17b2e808-3d38-420f-b36d-57caca508cba;418.36;0.04;BUY
2016-01-21T00:28:02.073000;2016-01-21T00:28:02.210000;0374749d-85b6-4279-8f1e-24ee5ba6487a;418.36;2.0;BUY
2016-01-21T00:28:02.073000;2016-01-21T00:28:02.210000;4113df47-2206-4922-8e3d-8f2e7007712a;418.36;3.24129261;BUY
2016-01-21T00:28:02.073000;2016-01-21T00:28:02.210000;01ae3de4-dcde-42ed-a4ad-d0e2b57c09e2;418.37;0.553;BUY
2016-01-21T00:28:02.073000;2016-01-21T00:28:02.210000;b55a8a60-ba73-40d8-9bb5-2c625a75ea5f;418.42;0.6;BUY
2016-01-21T00:28:02.073000;2016-01-21T00:28:02.210000;18a4a43c-5690-44f4-89fd-716d764f756f;418.47;0.564;BUY
2016-01-21T00:28:02.073000;2016-01-21T00:28:02.210000;5113ebbf-e61e-405d-a6c0-b4445b577804;418.5;0.01;BUY
2016-01-21T00:28:02.073000;2016-01-21T00:28:02.210000;095c50af-dd6d-40f1-b1bd-4a5df55fe59f;418.55;1.69327337;BUY
2016-01-21T00:28:07.250000;2016-01-21T00:28:07.270000;ac75962d-d3fc-4c0a-96f3-6a9326378d8c;418.56;1.16e-06;BUY
2016-01-21T00:28:31.757000;2016-01-21T00:28:31.787000;45e28500-ee64-4721-9909-59cc8bfa4288;418.38;2.70361;SELL
2016-01-21T00:29:02.950000;2016-01-21T00:29:02.973000;1422cbeb-5fea-461b-8ddc-5aaef04dfc56;418.44;0.448;BUY
2016-01-21T00:29:02.950000;2016-01-21T00:29:02.990000;a2f16656-fbb3-4bae-922b-011aa1c5e88f;418.45;1.08;BUY
2016-01-21T00:29:02.953000;2016-01-21T00:29:03.007000;e0bc2b65-e112-4c8f-ae0d-86e8d1e157f3;418.46;3.4829;BUY
2016-01-21T00:29:32.247000;2016-01-21T00:29:32.270000;c361b2ae-3ba0-4107-bf23-d5df6bc09dc5;418.29;2.002;BUY
2016-01-21T00:30:03.440000;2016-01-21T00:30:03.460000;173aa32c-08c5-4af9-b8fa-fbaaa23dc5b4;418.27;0.01;SELL
2016-01-21T00:30:03.440000;2016-01-21T00:30:03.473000;90eaedf0-49b3-4138-aaad-e8e11126b6d0;418.19;0.23;SELL
2016-01-21T00:30:03.440000;2016-01-21T00:30:03.507000;4b197254-799b-406d-94df-e2ddbb5e033f;418.16;0.075;SELL
2016-01-21T00:30:04.393000;2016-01-21T00:30:04.427000;75cc82d1-76ea-4425-9a0b-ca9b47514395;418.27;0.0372;BUY
2016-01-21T00:30:32.650000;2016-01-21T00:30:32.693000;1307ae4d-8af8-42f7-b18a-f32a81cd11f8;418.23;0.04974;BUY
2016-01-21T00:31:02.570000;2016-01-21T00:31:02.600000;586647f8-000c-47b4-89a0-2f270991d621;418.23;0.20026;BUY
2016-01-21T00:31:02.570000;2016-01-21T00:31:02.617000;d15ec2e8-bef2-4a86-b7d3-501cd3b92f74;418.23;0.16595;BUY
2016-01-21T00:31:22.767000;2016-01-21T00:31:22.787000;8944de38-9417-494b-ae5d-8b8321b149f0;418.22;0.01;SELL
2016-01-21T00:31:22.767000;2016-01-21T00:31:22.803000;601dfab2-a3e1-4779-a1e0-f661850d1f57;418.22;0.01082999;SELL
2016-01-21T00:31:22.767000;2016-01-21T00:31:22.803000;132ee983-e895-4c43-9e3c-3a0a3c486dbe;418.22;0.025;SELL
2016-01-21T00:31:22.767000;2016-01-21T00:31:22.820000;790d15bc-6b2c-4c19-95c4-f212ba4d6949;418.22;2.04;SELL
2016-01-21T00:31:22.767000;2016-01-21T00:31:22.820000;c57d0909-4e16-44a1-bc4f-5d1ee1ef7f67;418.22;0.1;SELL
2016-01-21T00:31:22.767000;2016-01-21T00:31:22.820000;f4531b22-2399-4e4d-82a4-3d248ae7aa86;418.13;1.60858337;SELL
2016-01-21T00:31:32.103000;2016-01-21T00:31:32.130000;688bbd7d-c3a7-409d-8037-178506fdd2d9;418.22;0.02794;BUY
2016-01-21T00:32:02.057000;2016-01-21T00:32:02.070000;c57ac921-37a5-443c-a6a9-cb7b1d7ceaf2;418.16;12.63333047;BUY
2016-01-21T00:32:02.057000;2016-01-21T00:32:02.083000;5db2e46c-3587-463c-a911-0d20a65fb421;418.16;0.25;BUY
2016-01-21T00:32:02.057000;2016-01-21T00:32:02.083000;3db73ca7-551f-4c13-9688-ddb7942461a7;418.16;8.3174;BUY
2016-01-21T00:32:02.357000;2016-01-21T00:32:02.380000;8345c436-7547-4fdb-b1c5-d5cfccc1772c;418.16;1.01589;SELL
2016-01-21T00:32:22.443000;2016-01-21T00:32:22.460000;371545c7-98bb-4057-bfe0-d03b7effc869;418.19;0.50732604;BUY
2016-01-21T00:32:32.083000;2016-01-21T00:32:32.100000;fcaa6889-73c9-4f63-872b-68460e9a7c95;418.17;0.22126;SELL
2016-01-21T00:33:25.897000;2016-01-21T00:33:25.913000;6ea3fcc0-d642-48fe-8d44-5aebc54416b6;418.2;2.14;BUY
2016-01-21T00:33:25.897000;2016-01-21T00:33:25.927000;3a42caac-1284-47c2-8cf6-450e5c30485b;418.2;0.63672396;BUY
2016-01-21T00:33:25.897000;2016-01-21T00:33:25.943000;ebd00fa5-310c-4704-bb52-1675631b7d87;418.4;0.01;BUY
2016-01-21T00:33:25.897000;2016-01-21T00:33:25.943000;8e3a5ff8-dfbd-4306-8ee3-d3a7671a6a5b;418.5;0.01;BUY
2016-01-21T00:33:25.897000;2016-01-21T00:33:25.943000;4c7efc86-3b43-45a0-a60a-3c71f8555e1e;418.6;0.02971;BUY
2016-01-21T00:33:25.897000;2016-01-21T00:33:25.943000;4b9c3b36-6304-4e8a-9263-ecff1d62e61a;418.61;0.01;BUY
2016-01-21T00:33:25.897000;2016-01-21T00:33:25.943000;686f7081-59c6-4007-82bf-c6149f8386ef;418.62;0.01;BUY
2016-01-21T00:33:25.897000;2016-01-21T00:33:25.943000;8508f336-b3a7-4429-a74f-b4bd58280ba8;418.63;0.424;BUY
2016-01-21T00:33:25.897000;2016-01-21T00:33:25.943000;78d524d0-1bef-41c0-a7ec-ce2f53beeddc;418.68;0.404;BUY
2016-01-21T00:33:25.897000;2016-01-21T00:33:25.943000;bcf90449-1190-4cc0-80ea-559847d3e574;418.7;0.09981654;BUY
2016-01-21T00:33:32.567000;2016-01-21T00:33:32.583000;10838f66-96be-49b2-97c1-8ff10bbcb2ee;418.74;0.01;BUY
2016-01-21T00:33:32.570000;2016-01-21T00:33:32.630000;9d785e78-4fcb-4af0-beee-cb00669f45b8;418.75;0.01;BUY
2016-01-21T00:33:32.570000;2016-01-21T00:33:32.630000;ad747b3e-1481-4384-a9d2-dcb795107ff6;418.82;0.01;BUY
2016-01-21T00:33:32.570000;2016-01-21T00:33:32.630000;c36a15cc-3426-4a84-b3f7-7b1be4090025;418.86;0.01;BUY
2016-01-21T00:33:32.570000;2016-01-21T00:33:32.630000;c938e616-585a-4abd-8747-e060b5c72960;418.89;0.02968;BUY
2016-01-21T00:33:32.570000;2016-01-21T00:33:32.630000;9230d3d1-66dc-4114-9301-80ab26e5b063;418.97;0.01;BUY
2016-01-21T00:33:32.570000;2016-01-21T00:33:32.630000;6a83c684-d158-4ecb-a592-0db6d3e284df;419.0;0.01;BUY
2016-01-21T00:33:32.570000;2016-01-21T00:33:32.630000;b8890988-6495-4178-b360-771eb0b70bd5;419.0;0.4484768;BUY
2016-01-21T00:33:32.570000;2016-01-21T00:33:32.630000;67b4ff0f-7ed5-4cc7-a5e2-2d6b8465cedf;419.02;0.0372932;BUY
2016-01-21T00:34:02.730000;2016-01-21T00:34:02.740000;d40495f8-3d20-4f1a-b952-e1fad00600b7;418.88;0.25099;SELL
2016-01-21T00:34:31.910000;2016-01-21T00:34:31.927000;2915cdc7-19ce-46d4-84fa-fff022d0dd26;418.89;0.02968;BUY
2016-01-21T00:34:31.910000;2016-01-21T00:34:31.927000;08ab0d8b-5e1d-4eff-944f-a38faf376f48;419.03;0.01;BUY
2016-01-21T00:34:31.910000;2016-01-21T00:34:31.943000;dc2bf859-0d8c-46b1-836f-56b7858b2900;419.04;0.01;BUY
2016-01-21T00:34:31.910000;2016-01-21T00:34:31.943000;30f30b8a-d1d8-48e1-b3be-2eeb9962cef7;419.08;0.01;BUY
2016-01-21T00:34:31.910000;2016-01-21T00:34:31.943000;ce3113c0-fbb6-454b-acbe-4bf38a1e3e7b;419.15;0.01;BUY
2016-01-21T00:34:31.910000;2016-01-21T00:34:31.943000;a34dba7b-6d0c-4c2c-b82d-bcb87cde9dd7;419.18;0.02964;BUY
2016-01-21T00:34:31.910000;2016-01-21T00:34:31.943000;ba5e134a-c959-4c33-b070-e2432988998a;419.19;0.02;BUY
2016-01-21T00:34:31.910000;2016-01-21T00:34:31.973000;d6afe878-7a7c-467b-af0b-8e897d6df9f2;419.22;0.02922;BUY
2016-01-21T00:34:35.817000;2016-01-21T00:34:35.833000;fca6b315-fe0c-4560-9588-e51520bc83f3;419.38;0.1;BUY
2016-01-21T00:34:35.817000;2016-01-21T00:34:35.850000;115d112c-2fbb-4753-a2e5-c8cb651ce978;419.45;0.01;BUY
2016-01-21T00:34:35.817000;2016-01-21T00:34:35.867000;c010eaca-569c-4d35-bfd1-cd4169d577fc;419.46;0.01;BUY
2016-01-21T00:34:35.817000;2016-01-21T00:34:35.867000;e40ad6bd-a74a-4fa8-83bf-5ade164f6790;419.47;0.02962;BUY
2016-01-21T00:34:35.817000;2016-01-21T00:34:35.867000;9310418e-920b-4bc7-9621-c813f207eea5;419.5;0.01;BUY
2016-01-21T00:34:35.817000;2016-01-21T00:34:35.867000;2d0b0431-e0ce-4bcc-8eb2-e7b9bf3c0fd7;419.51;0.01;BUY
2016-01-21T00:34:35.817000;2016-01-21T00:34:35.867000;4d420815-0be8-4c1a-a40a-39c245d2e789;419.51;0.01;BUY
2016-01-21T00:34:35.817000;2016-01-21T00:34:35.867000;f96b39c6-2a0a-4945-bdf1-2197a5eebcc9;419.52;0.01;BUY
2016-01-21T00:34:35.817000;2016-01-21T00:34:35.867000;b1b8b4ba-1309-4d0e-b8b1-1e4fe59db1d3;419.53;0.01;BUY
2016-01-21T00:34:35.817000;2016-01-21T00:34:35.880000;6235151a-1811-491d-b538-60f8552e4f4b;419.54;0.00038;BUY
2016-01-21T00:34:49.283000;2016-01-21T00:34:49.320000;bc97d592-5385-453d-b7d2-1d47b6288f74;419.54;0.06162;BUY
2016-01-21T00:34:49.283000;2016-01-21T00:34:49.320000;6442de27-c6b5-40f7-82a3-1f012c4ac069;419.54;0.129;BUY
2016-01-21T00:34:49.283000;2016-01-21T00:34:49.333000;97b9850d-4938-4c93-beb3-01b75ad694dd;419.63;0.00938;BUY
2016-01-21T00:35:02.323000;2016-01-21T00:35:02.333000;e8426bdb-8385-480d-a0e5-a0aa5734d6a2;419.62;1.60087;SELL
2016-01-21T00:35:04.383000;2016-01-21T00:35:04.397000;29494df0-d664-489c-afd4-6d732ee122a4;419.63;0.00062;BUY
2016-01-21T00:35:04.383000;2016-01-21T00:35:04.413000;b75b4f87-9c86-4d70-b55c-399452ad5609;419.63;0.072;BUY
2016-01-21T00:35:04.383000;2016-01-21T00:35:04.413000;9aa01073-0b78-4202-b54c-25b4e1b006c5;419.65;0.01;BUY
2016-01-21T00:35:04.383000;2016-01-21T00:35:04.427000;7d39496d-10d2-46e8-880c-44a37bdee77b;419.65;0.01;BUY
2016-01-21T00:35:04.383000;2016-01-21T00:35:04.427000;5d9472fc-dc80-42b2-b699-86adcf9ee16c;419.67;0.00738;BUY
2016-01-21T00:35:18.320000;2016-01-21T00:35:18.333000;fe3f88e4-bcf4-448c-9f66-88596ba2a940;419.66;0.07;BUY
2016-01-21T00:35:32.513000;2016-01-21T00:35:32.523000;f726e71b-c426-40c3-8d31-adfc5065a339;419.66;0.179999;BUY
2016-01-21T00:35:32.513000;2016-01-21T00:35:32.537000;4fd3485f-e1d9-4a1b-91fb-21d709a588f0;419.66;0.128;BUY
2016-01-21T00:35:32.513000;2016-01-21T00:35:32.537000;2b6d8b95-5618-4a81-9632-e6f9852c8b33;419.67;0.00262;BUY
2016-01-21T00:35:32.513000;2016-01-21T00:35:32.537000;4eee3f49-98ba-4c8d-95e4-5cd901d2d9cf;419.68;0.01;BUY
2016-01-21T00:35:32.513000;2016-01-21T00:35:32.553000;aed76a47-bbf3-4fe6-8231-a4b37a333fb1;419.71;0.01;BUY
2016-01-21T00:35:32.513000;2016-01-21T00:35:32.553000;ce8bdc17-7ea3-409e-bb78-49d6302ca65e;419.71;0.152;BUY
2016-01-21T00:35:32.513000;2016-01-21T00:35:32.553000;8e41c254-9fb5-4d66-92b8-a07caab7ca26;419.76;0.02;BUY
2016-01-21T00:35:32.513000;2016-01-21T00:35:32.553000;e94ba77b-bf71-4ecf-977a-584fd5470a0a;419.76;0.104;BUY
2016-01-21T00:35:32.513000;2016-01-21T00:35:32.553000;1a668346-3a73-4447-836c-ad635a6dcd3a;419.79;0.01;BUY
2016-01-21T00:35:32.513000;2016-01-21T00:35:32.553000;43cc4ff0-75a1-4270-834e-bc79038f1b81;419.8;2.979171;BUY
2016-01-21T00:35:40.683000;2016-01-21T00:35:40.710000;ac954440-4581-410b-84d5-b539c2ed2711;419.68;0.249999;SELL
2016-01-21T00:35:42.890000;2016-01-21T00:35:42.913000;55b582ea-8f52-485d-8d61-07cafdd42e1b;419.69;0.19202728;BUY
2016-01-21T00:36:01.803000;2016-01-21T00:36:01.820000;0a299b1c-0c76-452d-9d55-9d4bb1ac42a0;419.69;0.05797172;BUY
2016-01-21T00:36:01.803000;2016-01-21T00:36:01.833000;a29db29f-1c58-4e91-b648-e7d9929e1ef9;419.69;0.217;BUY
2016-01-21T00:36:01.803000;2016-01-21T00:36:01.833000;9129dd50-44b8-4c67-ad43-a0b89c210728;419.7;0.249999;BUY
2016-01-21T00:36:01.803000;2016-01-21T00:36:01.850000;489bb1c4-5ba6-4be5-81da-4b40c8e24785;419.71;0.249999;BUY
2016-01-21T00:36:01.803000;2016-01-21T00:36:01.850000;1462253d-5c4f-4ecd-b141-202a512b6974;419.74;0.204;BUY
2016-01-21T00:36:01.807000;2016-01-21T00:36:01.850000;b9535ed4-8d75-4c0d-917b-2268418f6685;419.78;0.03906028;BUY
2016-01-21T00:36:32.217000;2016-01-21T00:36:32.267000;275c86ae-9d66-4ca7-ae59-af1331b9bbe1;419.71;0.1075;BUY
2016-01-21T00:37:02.113000;2016-01-21T00:37:02.157000;45128a65-e116-40b0-823b-8fa54af6c3e1;419.68;0.052;SELL
2016-01-21T00:37:02.113000;2016-01-21T00:37:02.173000;3ba5c129-25ce-46ed-b866-eef5fa28da4f;419.62;1.73173;SELL
2016-01-21T00:37:32.027000;2016-01-21T00:37:32.080000;9291436e-165f-4049-8a44-d6f13db4936e;419.63;0.04923;BUY
2016-01-21T00:38:02.323000;2016-01-21T00:38:02.360000;01ddef30-2ef1-4c79-b22d-ee6cbce68932;419.63;0.25077;BUY
2016-01-21T00:38:02.323000;2016-01-21T00:38:02.377000;87282c6e-a11c-4018-a89d-65940a1019f7;419.63;0.343;BUY
2016-01-21T00:38:02.323000;2016-01-21T00:38:02.377000;c8467e93-a5bf-45cc-935d-982e63077431;419.63;0.221;BUY
2016-01-21T00:38:02.323000;2016-01-21T00:38:02.377000;018884cd-d0d2-444d-839e-a95f7b1bcd94;419.63;0.22;BUY
2016-01-21T00:38:02.323000;2016-01-21T00:38:02.393000;b8ac2fa8-625c-4585-960a-b26352ad16ea;419.63;0.22;BUY
2016-01-21T00:38:02.323000;2016-01-21T00:38:02.393000;41aa2918-76dc-41df-a75f-7e887f025230;419.63;0.05175;BUY
2016-01-21T00:38:31.877000;2016-01-21T00:38:31.923000;f6bd94b3-9d4f-46b3-910a-866528af18a7;419.63;0.16925;BUY
2016-01-21T00:38:31.880000;2016-01-21T00:38:31.970000;f617b842-4c9d-41fa-8d9f-58cbc5dd1039;419.63;0.221;BUY
2016-01-21T00:38:31.880000;2016-01-21T00:38:31.970000;2e66b4d9-6c89-40c4-8bd1-86a63054c042;419.63;0.04666;BUY
2016-01-21T00:39:02.313000;2016-01-21T00:39:02.360000;11e8819d-c2c6-4e8b-b79b-7f05867ccd34;419.63;0.17434;BUY
2016-01-21T00:39:02.313000;2016-01-21T00:39:02.377000;49aebb08-cba0-4217-a2bc-17fb925e6501;419.63;0.22;BUY
2016-01-21T00:39:02.313000;2016-01-21T00:39:02.377000;62d28aa8-4f4e-43ce-9f8e-580ff35f4ff2;419.63;0.222;BUY
2016-01-21T00:39:02.313000;2016-01-21T00:39:02.393000;6ec564a0-eb93-4812-92a5-d3f4f54d1f5c;419.63;0.229;BUY
2016-01-21T00:39:02.313000;2016-01-21T00:39:02.393000;508d86ac-4702-4147-9a1f-482841837762;419.63;0.19555;BUY
2016-01-21T00:39:33.123000;2016-01-21T00:39:33.160000;b3ba1b0a-eaa3-4052-828a-47387a55d141;419.63;0.02645;BUY
2016-01-21T00:39:33.123000;2016-01-21T00:39:33.173000;749a59a7-a644-456b-bfe1-afbd38d7091f;419.63;0.221;BUY
2016-01-21T00:39:33.123000;2016-01-21T00:39:33.207000;d69ab874-7a94-4c22-b12b-55d8ef87ab0c;419.63;0.223;BUY
2016-01-21T00:39:33.123000;2016-01-21T00:39:33.207000;f5cdfe9c-0657-4062-8429-72b7499059de;419.63;0.297;BUY
2016-01-21T00:39:33.123000;2016-01-21T00:39:33.207000;3815c134-149e-4bf2-be87-e95b6061088a;419.63;0.349;BUY
2016-01-21T00:39:33.123000;2016-01-21T00:39:33.207000;bfdcce71-32f6-4bd7-96de-ad07788a3ba8;419.66;0.08259;BUY
2016-01-21T00:40:02.587000;2016-01-21T00:40:02.627000;64bda4db-1872-4154-a2eb-a49b74487ce6;419.66;0.183;BUY
2016-01-21T00:40:02.587000;2016-01-21T00:40:02.643000;15502802-444e-4aea-b892-09c7bc1e7ef2;419.66;0.229;BUY
2016-01-21T00:40:02.587000;2016-01-21T00:40:02.643000;65c26139-d7c3-4b89-a0ac-c255fe02a972;419.66;0.13;BUY
2016-01-21T00:40:02.587000;2016-01-21T00:40:02.643000;e0760024-48ac-446b-a17f-c75540258d8a;419.7;0.167409;BUY
2016-01-21T00:40:02.587000;2016-01-21T00:40:02.643000;e8b869ed-bccb-476b-a8b9-e9bdf703da46;419.71;0.974371;BUY
2016-01-21T00:40:32.003000;2016-01-21T00:40:32.050000;529e1537-1e15-46e2-bec7-704dc3833e1e;419.62;1.6674;SELL
2016-01-21T00:40:32.003000;2016-01-21T00:40:32.063000;13c1a818-75d8-48a6-8c96-105fa35ce8f9;419.57;0.74283;SELL
2016-01-21T00:40:43.517000;2016-01-21T00:40:43.580000;347d9e18-d478-41ae-b22e-4de4304eaa1c;419.56;0.01;SELL
2016-01-21T00:40:43.517000;2016-01-21T00:40:43.580000;312b428a-b629-4bb2-9fbe-e337050cbf1e;419.52;0.24;SELL
2016-01-21T00:41:02.090000;2016-01-21T00:41:02.143000;717cd1b0-e147-4ce7-99a0-3f059d3c9710;419.53;0.01;SELL
2016-01-21T00:41:02.090000;2016-01-21T00:41:02.173000;844de5dc-e590-4da9-a9e2-3d7d78e68573;419.52;0.01;SELL
2016-01-21T00:41:02.090000;2016-01-21T00:41:02.190000;249f6211-bb14-43f8-8794-29bff716d616;419.51;0.31789;SELL
2016-01-21T00:41:32.647000;2016-01-21T00:41:32.690000;5e49ab18-2184-4330-9278-04ccdd5674b7;419.56;0.274;BUY
2016-01-21T00:41:32.647000;2016-01-21T00:41:32.737000;9cf7ad47-fb5e-4fa2-8dc0-6db32b40bdc7;419.57;0.22;BUY
2016-01-21T00:41:32.647000;2016-01-21T00:41:32.737000;8986d7f6-e6c7-48fd-ba3b-a3baf6df8412;419.57;0.229;BUY
2016-01-21T00:41:32.647000;2016-01-21T00:41:32.737000;f9835cce-2455-41b0-b8a8-8b4a9b3c9239;419.57;0.221;BUY
2016-01-21T00:41:32.647000;2016-01-21T00:41:32.737000;31b62615-eb37-405c-9258-a11bdda9e8ad;419.57;0.221;BUY
2016-01-21T00:41:32.647000;2016-01-21T00:41:32.753000;0db0c30d-e4ff-4d17-baa2-ce59969739d8;419.57;0.195;BUY
2016-01-21T00:41:32.647000;2016-01-21T00:41:32.753000;c8abe9a2-ab9c-42a3-81df-32f7603fb4bb;419.57;0.02408;BUY
2016-01-21T00:41:33.667000;2016-01-21T00:41:33.707000;66d45cf0-0d8b-47c0-b60a-088bcf653a97;419.57;0.01;BUY
2016-01-21T00:41:39.303000;2016-01-21T00:41:39.347000;14d8c3e9-55fe-42fb-9e95-a00d7e6549c0;419.61;0.01;BUY
2016-01-21T00:42:01.600000;2016-01-21T00:42:01.643000;fb78511b-04ae-405e-a7e1-5e5de0f76e0e;419.55;0.252;BUY
2016-01-21T00:42:01.600000;2016-01-21T00:42:01.660000;3729ff56-a90a-4c1f-be63-c448525cbaf0;419.56;0.20051;BUY
2016-01-21T00:42:31.523000;2016-01-21T00:42:31.563000;f52b72e5-086e-40df-a0ff-f502a1d01b1b;419.52;0.17602;BUY
2016-01-21T00:43:01.277000;2016-01-21T00:43:01.330000;7a9e9170-6577-44ae-b07d-49f59f39c346;419.55;0.276;BUY
2016-01-21T00:43:01.277000;2016-01-21T00:43:01.347000;cf5c6f5b-c955-43be-af24-f7706846e79f;419.56;0.221;BUY
2016-01-21T00:43:01.277000;2016-01-21T00:43:01.347000;8e397d00-f600-4a2e-b6e7-597810de315f;419.56;0.18792;BUY
2016-01-21T00:43:01.277000;2016-01-21T00:43:01.347000;12c6c590-ce5a-4beb-8964-65bfdea29900;419.56;0.06014;BUY
2016-01-21T00:43:22.827000;2016-01-21T00:43:22.860000;89dc1895-721c-4afa-98fe-53ceec1093a0;419.5;0.5;SELL
2016-01-21T00:43:30.160000;2016-01-21T00:43:30.207000;e4928908-ad78-47ad-be5c-666052116865;419.51;0.1056;BUY
2016-01-21T00:43:31.640000;2016-01-21T00:43:31.690000;2be9cb9e-78ac-4293-b382-ef2ac4a00c26;419.51;0.3944;BUY
2016-01-21T00:43:31.640000;2016-01-21T00:43:31.690000;d0c66bd0-11fb-4c14-a88a-974c61765e41;419.51;0.221;BUY
2016-01-21T00:43:31.640000;2016-01-21T00:43:31.707000;3cec5758-fdb9-4533-9ae0-4900781d2ace;419.51;0.222;BUY
2016-01-21T00:43:31.640000;2016-01-21T00:43:31.707000;a201956b-905f-4ea2-94bb-fe44aa085ed3;419.51;0.16086;BUY
2016-01-21T00:43:31.640000;2016-01-21T00:43:31.707000;66f444c4-2f20-4b99-a0a8-f03b3bbbf520;419.51;0.169;BUY
2016-01-21T00:43:31.640000;2016-01-21T00:43:31.707000;8bb7c905-6e95-4c00-824e-deaa6d5ebbdc;419.51;0.222;BUY
2016-01-21T00:43:31.640000;2016-01-21T00:43:31.707000;c36f4c28-db39-4825-8f55-1f1abd0a5a79;419.51;0.22;BUY
2016-01-21T00:43:31.640000;2016-01-21T00:43:31.707000;1dc70d20-3994-4882-aee5-9fc8e4753a18;419.51;0.22;BUY
2016-01-21T00:43:31.640000;2016-01-21T00:43:31.707000;5baca5b0-83fc-48a0-a100-463ff2f95429;419.51;0.219;BUY
2016-01-21T00:43:31.640000;2016-01-21T00:43:31.753000;ad29014b-d918-40c1-b1e7-96d0bb492271;419.51;0.198;BUY
2016-01-21T00:43:31.640000;2016-01-21T00:43:31.753000;f39b3a85-d331-4904-aa3c-0d2b5dca882d;419.56;0.217;BUY
2016-01-21T00:43:31.643000;2016-01-21T00:43:31.753000;b2a1d809-59df-4cd2-b6c3-a008b528aec4;419.61;0.26;BUY
2016-01-21T00:43:31.643000;2016-01-21T00:43:31.753000;27171436-2711-4ec6-a82d-34956a33e79f;419.62;0.81854;BUY
2016-01-21T00:43:53.927000;2016-01-21T00:43:53.987000;b9edb9da-dd1b-4ed1-9c5a-1997d7229191;419.58;0.235;BUY
2016-01-21T00:43:53.927000;2016-01-21T00:43:53.987000;4cbd9695-d5df-4c2a-89a1-e6426ec4f988;419.58;0.6903398;BUY
2016-01-21T00:44:01.217000;2016-01-21T00:44:01.253000;3bb4bf88-9626-4f26-b39b-94f738255e8c;419.63;0.22;BUY
2016-01-21T00:44:01.217000;2016-01-21T00:44:01.267000;7cbebdad-d1de-458b-a54a-8398c107b46a;419.63;0.22049;BUY
2016-01-21T00:44:01.217000;2016-01-21T00:44:01.267000;dac2fbe2-ddb4-4546-b9d1-e1ba4fa60429;419.63;0.226;BUY
2016-01-21T00:44:01.217000;2016-01-21T00:44:01.267000;53233343-6ba3-49e4-99b8-09f445d37e2c;419.63;0.22;BUY
2016-01-21T00:44:01.217000;2016-01-21T00:44:01.283000;0b86602c-919e-42db-8ba6-afe55a836d9d;419.68;7.95215;BUY
2016-01-21T00:44:32.170000;2016-01-21T00:44:32.207000;30fc63f3-fc88-4c6e-ab43-0b1f2937d09b;419.6;0.06952;BUY
2016-01-21T00:45:02.697000;2016-01-21T00:45:02.720000;3e02da47-1383-4221-ae48-e24a561a29d3;419.5;4.5;SELL
2016-01-21T00:45:02.697000;2016-01-21T00:45:02.753000;477a2977-5cc5-44ee-bf4d-98df06d43978;419.47;0.02966;SELL
2016-01-21T00:45:02.697000;2016-01-21T00:45:02.753000;0acbca8d-2f9b-4774-ac4d-f1a031d26c7b;419.37;0.00504;SELL
2016-01-21T00:45:31.343000;2016-01-21T00:45:31.377000;75cd8f10-09f7-481e-b923-f75ca355c336;419.33;0.194;BUY
2016-01-21T00:45:31.343000;2016-01-21T00:45:31.410000;3677d07f-e1f9-44dc-9d02-904bbd2c3499;419.36;0.12;BUY
2016-01-21T00:45:31.347000;2016-01-21T00:45:31.410000;1f227e0d-9129-4ba0-a952-167b4c12ea81;419.37;8.29406;BUY
2016-01-21T00:45:31.347000;2016-01-21T00:45:31.410000;f5258cb7-cfc3-41bc-bf57-a00d4efb30b3;419.39;0.01;BUY
2016-01-21T00:45:31.347000;2016-01-21T00:45:31.410000;b1a11d74-abf3-4022-912e-b941050e7807;419.48;0.189;BUY
2016-01-21T00:45:31.347000;2016-01-21T00:45:31.410000;7c9ac1d3-1b4d-44de-a34c-3243f36a3ec2;419.51;0.222;BUY
2016-01-21T00:45:31.347000;2016-01-21T00:45:31.410000;9866f81c-26ea-4b86-9ff9-688aece4002e;419.52;0.153;BUY
2016-01-21T00:45:31.347000;2016-01-21T00:45:31.410000;b6c1475d-44ab-48fa-bbf7-1051d12d2647;419.57;0.07573;BUY
2016-01-21T00:45:43.993000;2016-01-21T00:45:44.050000;c205986c-132e-4d9e-a40d-c906259d4c65;419.29;0.01;SELL
2016-01-21T00:45:43.993000;2016-01-21T00:45:44.050000;5bd75e36-461b-47c3-bc6f-d69d2c1e5b6b;419.18;0.02963;SELL
2016-01-21T00:45:43.993000;2016-01-21T00:45:44.050000;32d8b630-d909-4edd-ae72-4fbc1d765388;419.07;0.01;SELL
2016-01-21T00:45:43.993000;2016-01-21T00:45:44.050000;7d3d74aa-7577-4e88-8daa-2833553a211c;419.0;0.47037;SELL
2016-01-21T00:45:45.587000;2016-01-21T00:45:45.643000;425276da-24b4-4719-831c-0d9a4f15f3b5;419.02;0.01;SELL
2016-01-21T00:45:45.590000;2016-01-21T00:45:45.643000;67baba0a-213c-4a81-a14a-4507b68be344;419.02;0.01;SELL
2016-01-21T00:45:45.590000;2016-01-21T00:45:45.643000;67e3196c-d6f6-480a-833a-1cdab2d7ec33;419.01;0.01;SELL
2016-01-21T00:45:45.590000;2016-01-21T00:45:45.643000;29c9649a-b742-47cf-871b-d22c13dfce91;419.0;0.02963;SELL
2016-01-21T00:45:45.590000;2016-01-21T00:45:45.643000;8617dbbe-b4cc-4692-8f14-e927ee16bf7c;418.93;0.01;SELL
2016-01-21T00:45:45.590000;2016-01-21T00:45:45.643000;c6f96b5e-b61e-4416-8195-01ea079921e1;418.89;0.02965;SELL
2016-01-21T00:45:45.590000;2016-01-21T00:45:45.673000;75dd2bfa-e419-49d7-99ee-cc2c17f7647d;418.87;0.12;SELL
2016-01-21T00:45:45.590000;2016-01-21T00:45:45.673000;53c7a4c0-6238-4b73-9b7f-7a7b2e9d820c;418.86;0.123;SELL
2016-01-21T00:45:45.590000;2016-01-21T00:45:45.673000;f86e9dfc-6ac9-4056-9c65-572665a90763;418.83;2.281;SELL
2016-01-21T00:45:45.590000;2016-01-21T00:45:45.673000;062557b3-4de5-480a-a5d4-426477bf338b;418.76;1.1509705;SELL
2016-01-21T00:46:01.483000;2016-01-21T00:46:01.517000;532c1584-bb75-4d7e-9c06-a97772a5da02;418.83;0.01;SELL
2016-01-21T00:46:01.483000;2016-01-21T00:46:01.517000;8a2a5bb9-6ef9-4b38-9408-2847a6c2e3b5;418.81;0.01;SELL
2016-01-21T00:46:01.483000;2016-01-21T00:46:01.517000;d20334af-5cc3-4423-b053-a8a9cbdb9977;418.76;0.02;SELL
2016-01-21T00:46:01.483000;2016-01-21T00:46:01.533000;81bd99bf-3afb-45a7-8c18-d12b01c5e5ac;418.75;0.01;SELL
2016-01-21T00:46:01.483000;2016-01-21T00:46:01.550000;d6babe55-6a6d-4052-986d-b1fb6683e9b4;418.74;0.128;SELL
2016-01-21T00:46:01.483000;2016-01-21T00:46:01.550000;b2030f41-81dc-47fa-9ee0-46a0e3a72cd7;418.68;2.318;SELL
2016-01-21T00:46:01.483000;2016-01-21T00:46:01.550000;c50178eb-4079-4ed5-b3be-ee1d6ba1f65a;418.68;0.01;SELL
2016-01-21T00:46:01.483000;2016-01-21T00:46:01.550000;ea8a8b55-e8c3-460c-89bb-bb1af8add780;418.64;2.304;SELL
2016-01-21T00:46:01.483000;2016-01-21T00:46:01.550000;32c070f7-be02-4ee1-82e4-869df77183f9;418.6;0.02969;SELL
2016-01-21T00:46:01.483000;2016-01-21T00:46:01.550000;dc318fbf-cd9f-47be-8f77-e8d353bc61fa;418.47;0.01;SELL
2016-01-21T00:46:01.483000;2016-01-21T00:46:01.563000;b5665900-6871-40d8-aa14-8d894d6950a7;418.45;0.56;SELL
2016-01-21T00:46:01.483000;2016-01-21T00:46:01.563000;f263f94d-bf5e-4279-8d61-ef34e2824328;418.32;0.04397;SELL
2016-01-21T00:46:08.780000;2016-01-21T00:46:08.813000;8808fa78-984b-4c10-b24f-ee5a5b8420d6;418.42;0.01;SELL
2016-01-21T00:46:08.780000;2016-01-21T00:46:08.813000;cf5eda5c-2888-48a9-b7ce-900ddc24c6a4;418.41;0.0026;SELL
2016-01-21T00:46:31.480000;2016-01-21T00:46:31.503000;0377eab6-0985-4a62-9cb9-ca6d38ad620e;418.46;0.01;SELL
2016-01-21T00:46:31.483000;2016-01-21T00:46:31.533000;f68ae901-f6f8-40fe-93dd-3198ac352d9b;418.41;0.0074;SELL
2016-01-21T00:46:31.483000;2016-01-21T00:46:31.550000;bb4edadc-0e94-479d-a065-145e65374893;418.35;0.084;SELL
2016-01-21T00:46:31.483000;2016-01-21T00:46:31.550000;e617832a-7eb7-4e21-b890-3f250f8578f5;418.31;0.02972;SELL
2016-01-21T00:46:31.483000;2016-01-21T00:46:31.563000;03f50024-01f5-4751-86d0-4d73ca931419;418.28;0.01;SELL
2016-01-21T00:46:31.483000;2016-01-21T00:46:31.563000;b7fcb693-104d-4287-a1e2-9afe96e1d53e;418.19;0.19268;SELL
2016-01-21T00:47:01.880000;2016-01-21T00:47:01.893000;94665d9d-cc4c-4b23-b103-32e2e7fc5f5d;418.44;0.36;BUY
2016-01-21T00:47:01.880000;2016-01-21T00:47:01.923000;947bc32e-a01a-4fa2-9b63-c416a1157782;418.45;0.02;BUY
2016-01-21T00:47:01.880000;2016-01-21T00:47:01.940000;c9004323-c264-4a99-89a3-303b196c020f;418.45;0.41;BUY
2016-01-21T00:47:01.880000;2016-01-21T00:47:01.940000;68fa8e79-e260-4655-84f5-9cb6b3755329;418.45;1.01385;BUY
2016-01-21T00:47:33.123000;2016-01-21T00:47:33.143000;d515e3db-d88c-4ef0-afd5-6084a77e628f;418.42;0.324;BUY
2016-01-21T00:47:33.123000;2016-01-21T00:47:33.160000;bd3d421f-4257-4137-a5ab-9c8502f7a8d6;418.42;0.223;BUY
2016-01-21T00:47:33.123000;2016-01-21T00:47:33.173000;0e99889a-e4e7-4e03-b1e2-20f8d36b4450;418.42;0.16605;BUY
2016-01-21T00:47:47.557000;2016-01-21T00:47:47.580000;d414fc2f-3fd2-4c56-97a9-658b2151ff0d;418.42;0.05495;BUY
2016-01-21T00:47:47.560000;2016-01-21T00:47:47.597000;99ddbdb0-70ca-42f1-817f-d820d5f1fe10;418.42;0.221;BUY
2016-01-21T00:47:47.560000;2016-01-21T00:47:47.613000;dcd0ec1d-c028-4d7b-9a53-89754b963124;418.42;0.19405;BUY
2016-01-21T00:48:01.533000;2016-01-21T00:48:01.563000;a4c5fb12-451d-4941-8a56-503bd4e99e8e;418.42;0.02595;BUY
2016-01-21T00:48:01.533000;2016-01-21T00:48:01.580000;174218eb-6337-4777-bdfb-64b822e9d9c6;418.42;0.297;BUY
2016-01-21T00:48:01.533000;2016-01-21T00:48:01.597000;6e9a15ce-812e-4c7b-b9a5-9e58bd58271d;418.42;0.222;BUY
2016-01-21T00:48:01.533000;2016-01-21T00:48:01.597000;83aaa4ce-97e2-439a-9c02-62f495de96f3;418.42;0.222;BUY
2016-01-21T00:48:01.533000;2016-01-21T00:48:01.597000;f1dbc914-e25b-4b08-8b5b-c42310626d87;418.42;0.221;BUY
2016-01-21T00:48:01.533000;2016-01-21T00:48:01.597000;659b4abe-fb74-4362-903b-4166a596ae96;418.42;0.229;BUY
2016-01-21T00:48:01.533000;2016-01-21T00:48:01.613000;6cf3dfde-c0bf-4ad5-baa3-38e97e646459;418.42;0.221;BUY
2016-01-21T00:48:01.533000;2016-01-21T00:48:01.613000;b445db6c-0732-4b17-8240-e585c8a4d233;418.42;0.22;BUY
2016-01-21T00:48:01.537000;2016-01-21T00:48:01.613000;c4577e6b-87f4-4557-8f6d-8d49322c752d;418.42;0.221;BUY
2016-01-21T00:48:01.537000;2016-01-21T00:48:01.613000;ca79d6e6-882f-4503-b92b-e86a4b0fd5ff;418.42;0.598;BUY
2016-01-21T00:48:01.537000;2016-01-21T00:48:01.627000;702aca7f-856b-4208-bd94-8df2a312da41;418.42;0.14;BUY
2016-01-21T00:48:01.537000;2016-01-21T00:48:01.627000;4bb24b69-64b4-443a-b0ac-aacdc14046b3;418.42;0.223;BUY
2016-01-21T00:48:01.537000;2016-01-21T00:48:01.627000;e7ae76f1-a03d-4bff-a801-9c844a7dd8d5;418.43;0.595;BUY
2016-01-21T00:48:01.537000;2016-01-21T00:48:01.627000;f01cd470-c6ff-42c8-a45b-05ce7d7d6b1f;418.45;0.537;BUY
2016-01-21T00:48:01.537000;2016-01-21T00:48:01.660000;02c97e70-b73a-4aa8-9304-aa9aa1a63300;418.45;0.29;BUY
2016-01-21T00:48:01.537000;2016-01-21T00:48:01.660000;96b5fb50-f599-4161-acc2-f4639d3c2d9f;418.46;0.603;BUY
2016-01-21T00:48:01.537000;2016-01-21T00:48:01.673000;69b322d1-a645-47bd-b21c-98c6c5c59aa1;418.49;0.58;BUY
2016-01-21T00:48:01.537000;2016-01-21T00:48:01.673000;d3a8b8d2-aa35-47bb-8310-c5a0a4ce8e6c;418.51;0.562;BUY
2016-01-21T00:48:01.537000;2016-01-21T00:48:01.673000;112c77bf-fc05-43a9-b430-1eebd14c6711;418.53;0.56;BUY
2016-01-21T00:48:01.537000;2016-01-21T00:48:01.673000;05ef1e4a-19d2-4818-9300-186361287387;418.55;0.595;BUY
2016-01-21T00:48:01.537000;2016-01-21T00:48:01.673000;03cedef3-1617-473d-9ce9-6c0c906391bf;418.57;0.601;BUY
2016-01-21T00:48:01.537000;2016-01-21T00:48:01.673000;dc16a3d7-3ea7-4966-8d66-e602827f88e9;418.6;0.02971;BUY
2016-01-21T00:48:01.537000;2016-01-21T00:48:01.673000;354b85f6-76be-4bc2-88c6-31771f985131;418.63;0.615;BUY
2016-01-21T00:48:01.537000;2016-01-21T00:48:01.673000;034168b2-f32d-4394-8a68-c8fd34a29f57;418.66;0.447;BUY
2016-01-21T00:48:01.540000;2016-01-21T00:48:01.690000;cbdee0f2-e353-4df5-ab77-073e79edf82f;418.67;0.01;BUY
2016-01-21T00:48:01.540000;2016-01-21T00:48:01.690000;75f296c3-b537-45a0-90f0-9353de467998;418.69;0.549;BUY
2016-01-21T00:48:01.540000;2016-01-21T00:48:01.690000;c0edf646-9d23-4102-ab7e-ff9594d8e9c0;418.72;0.6;BUY
2016-01-21T00:48:01.540000;2016-01-21T00:48:01.690000;72fd7917-26a7-41dc-a608-01785b50eb05;418.74;0.596;BUY
2016-01-21T00:48:01.540000;2016-01-21T00:48:01.690000;8111db2c-168e-481f-a385-656a57b67478;418.76;0.555;BUY
2016-01-21T00:48:01.540000;2016-01-21T00:48:01.690000;37596cc4-55f3-4d28-a4a5-e53fa81ea475;418.76;0.01;BUY
2016-01-21T00:48:01.540000;2016-01-21T00:48:01.690000;605ce3b2-6010-4c90-869e-83a7bcfa042a;418.79;0.592;BUY
2016-01-21T00:48:01.540000;2016-01-21T00:48:01.707000;690b0f8d-80aa-4568-8426-3da87aa24874;418.83;0.589;BUY
2016-01-21T00:48:01.540000;2016-01-21T00:48:01.707000;18978a49-5f3f-45b4-9185-de73e2b9b760;418.86;0.01;BUY
2016-01-21T00:48:01.540000;2016-01-21T00:48:01.707000;b7c6b6fd-ef5f-486e-a128-42cf5d64dc81;418.89;0.02967;BUY
2016-01-21T00:48:01.540000;2016-01-21T00:48:01.707000;006ddd06-067c-4e93-9d26-c4cde7d8e48b;418.96;0.591;BUY
2016-01-21T00:48:01.540000;2016-01-21T00:48:01.707000;e966db13-09d7-4ce2-a1e1-6787e9e15842;418.97;2.34;BUY
2016-01-21T00:48:01.540000;2016-01-21T00:48:01.720000;dfcd5ac5-ac72-4dcd-9e63-2f04bfa35dca;419.06;0.01;BUY
2016-01-21T00:48:01.540000;2016-01-21T00:48:01.720000;ec6948b4-e64d-491c-85af-193f787064d1;419.09;0.346;BUY
2016-01-21T00:48:01.540000;2016-01-21T00:48:01.720000;dbd7abbf-6ef3-4b56-b3be-6c988af608ae;419.13;0.318;BUY
2016-01-21T00:48:01.540000;2016-01-21T00:48:01.720000;e7929a2a-b01b-440a-bd25-692e10e3a4fe;419.16;0.01;BUY
2016-01-21T00:48:01.540000;2016-01-21T00:48:01.720000;86a86ad4-cb20-4198-8b4f-de19e21da8b5;419.18;0.02965;BUY
2016-01-21T00:48:01.543000;2016-01-21T00:48:01.753000;c7e6948b-7853-4403-a713-1b7c8993a63a;419.24;0.01;BUY
2016-01-21T00:48:01.543000;2016-01-21T00:48:01.753000;43a86a80-62eb-491d-9d27-c6fa19d24bc5;419.25;0.01;BUY
2016-01-21T00:48:01.543000;2016-01-21T00:48:01.753000;35bca064-960a-4617-b608-6322aaf4ada6;419.34;2.058;BUY
2016-01-21T00:48:01.543000;2016-01-21T00:48:01.753000;ca299772-4aeb-4a9a-a7ac-b91d69399e73;419.41;0.01;BUY
2016-01-21T00:48:01.543000;2016-01-21T00:48:01.753000;fedbbc8a-968a-4961-b637-c9001c27e1d8;419.44;0.01;BUY
2016-01-21T00:48:01.543000;2016-01-21T00:48:01.753000;bdbd4fbb-6fc6-4cd2-8442-919365c5f1f4;419.47;0.02962;BUY
2016-01-21T00:48:01.543000;2016-01-21T00:48:01.767000;25f9f424-bf60-44db-bfcd-71e2e3d3eb61;419.55;0.01;BUY
2016-01-21T00:48:01.543000;2016-01-21T00:48:01.767000;3c6c440f-8330-4e3d-aaeb-551b7c739429;419.6;11.04;BUY
2016-01-21T00:48:01.543000;2016-01-21T00:48:01.767000;64fe7f98-461f-42e8-a7cc-46a14a0500e6;419.61;8.33545;BUY
2016-01-21T00:48:01.543000;2016-01-21T00:48:01.767000;5d0a1c45-355f-4459-a024-80c9adb27059;419.65;0.02;BUY
2016-01-21T00:48:01.543000;2016-01-21T00:48:01.767000;a97ae646-8d33-4980-a6b2-e9c2be90ed55;419.7;0.01;BUY
2016-01-21T00:48:01.543000;2016-01-21T00:48:01.783000;df55a3a4-15ff-47d7-b6f0-6ffe45163ed6;419.7;2.311;BUY
2016-01-21T00:48:01.543000;2016-01-21T00:48:01.783000;c353a0c7-0144-4448-8d88-be23d7e8d774;419.72;0.249999;BUY
2016-01-21T00:48:01.543000;2016-01-21T00:48:01.783000;d55f0226-e8d9-45e3-91e8-818b398924df;419.72;0.249999;BUY
2016-01-21T00:48:01.543000;2016-01-21T00:48:01.783000;6cc06f3e-0819-4dc4-a893-a066980f51c0;419.72;0.249999;BUY
2016-01-21T00:48:01.543000;2016-01-21T00:48:01.783000;204265ac-dedd-417c-afe1-1596d41b1205;419.72;0.249999;BUY
2016-01-21T00:48:01.547000;2016-01-21T00:48:01.783000;7ab658e1-ef2a-4940-8baf-2bee0511b357;419.73;0.249999;BUY
2016-01-21T00:48:01.547000;2016-01-21T00:48:01.783000;a9d40564-60ab-44e6-9f16-413dcc15370a;419.76;0.02;BUY
2016-01-21T00:48:01.547000;2016-01-21T00:48:01.783000;b8c91e48-952c-4375-a7b4-4d58993921bc;419.76;0.02958;BUY
2016-01-21T00:48:01.547000;2016-01-21T00:48:01.800000;2ec35c5c-1f02-40f5-94ee-74bf8b3f716f;419.77;0.01;BUY
2016-01-21T00:48:01.547000;2016-01-21T00:48:01.800000;e3c96d33-13aa-4dfc-b0a7-675a15dc0898;419.79;0.01;BUY
2016-01-21T00:48:01.547000;2016-01-21T00:48:01.800000;98389c43-4680-447c-99a2-37349ca9831c;419.81;0.01;BUY
2016-01-21T00:48:01.547000;2016-01-21T00:48:01.800000;a159299f-9b99-4187-a030-5d53981e3f48;419.86;0.01;BUY
2016-01-21T00:48:01.547000;2016-01-21T00:48:01.800000;56acdd52-6a14-4884-8834-e444ac62a708;419.87;0.01;BUY
2016-01-21T00:48:01.547000;2016-01-21T00:48:01.800000;edcf7fea-5ad5-4c40-902d-ab59e063215c;419.88;0.01;BUY
2016-01-21T00:48:01.547000;2016-01-21T00:48:01.800000;596b0347-6550-4e6d-93bb-6289c3c144a3;419.89;0.01;BUY
2016-01-21T00:48:01.547000;2016-01-21T00:48:01.800000;631729ac-1fbc-4310-beeb-c9776a6a7283;419.97;0.01;BUY
2016-01-21T00:48:01.547000;2016-01-21T00:48:01.800000;e7d145e0-ffeb-49a2-808c-dceea4311cb2;419.97;0.3719;BUY
2016-01-21T00:48:01.547000;2016-01-21T00:48:01.800000;12b1d6f0-557e-46b1-9711-473935aa66fc;419.98;4.2;BUY
2016-01-21T00:48:01.547000;2016-01-21T00:48:01.800000;0bb9c0ac-87d1-4f63-b0b5-2bcedd53bfc8;420.0;0.01;BUY
2016-01-21T00:48:01.547000;2016-01-21T00:48:01.800000;37cd471e-f24b-4d52-8cbe-985591523143;420.0;0.06;BUY
2016-01-21T00:48:01.547000;2016-01-21T00:48:01.813000;a8f9fa5d-528a-40ec-9f89-28c2ba97e6ad;420.0;0.01;BUY
2016-01-21T00:48:01.547000;2016-01-21T00:48:01.813000;1abc4670-8a76-48f4-9c31-afd68668ee70;420.03;0.01;BUY
2016-01-21T00:48:01.547000;2016-01-21T00:48:01.813000;cdeba18b-4d17-4ceb-8547-13fcec578ddf;420.04;0.01;BUY
2016-01-21T00:48:01.550000;2016-01-21T00:48:01.813000;bfe9bf38-2fbb-4129-b299-12a6225cbec3;420.05;0.02956;BUY
2016-01-21T00:48:01.550000;2016-01-21T00:48:01.813000;7eab9b29-15b1-491f-bdf5-364623857539;420.06;1.297;BUY
2016-01-21T00:48:01.550000;2016-01-21T00:48:01.813000;d5c2482b-fab5-442a-b357-effb092627b0;420.13;0.1;BUY
2016-01-21T00:48:01.550000;2016-01-21T00:48:01.813000;647014f3-e20d-4be6-ba16-cf4919691f18;420.16;0.01;BUY
2016-01-21T00:48:01.550000;2016-01-21T00:48:01.813000;23b1ffb7-3bc0-4265-a586-e9b283c15a47;420.26;2.617915;BUY
2016-01-21T00:48:31.360000;2016-01-21T00:48:31.410000;26c6067c-354e-4267-b0e5-3dbc6daa91a9;419.57;0.122;BUY
2016-01-21T00:48:31.360000;2016-01-21T00:48:31.410000;f0d49ee5-5c8b-4b11-b865-feaba66a78d6;419.57;0.221;BUY
2016-01-21T00:48:31.363000;2016-01-21T00:48:31.423000;7d9be077-8003-45fb-a896-befbe7dc7acc;419.57;0.089;BUY
2016-01-21T00:48:31.363000;2016-01-21T00:48:31.423000;b355a02d-e996-4462-8cea-156408aa972d;419.57;0.297;BUY
2016-01-21T00:48:31.363000;2016-01-21T00:48:31.423000;24e208eb-d490-41bc-8042-4ec9aaa563f3;419.57;0.221;BUY
2016-01-21T00:48:31.363000;2016-01-21T00:48:31.423000;e32ff46a-08f4-48c6-b2f8-d64c5875f48c;419.57;0.081;BUY
2016-01-21T00:48:31.363000;2016-01-21T00:48:31.423000;2f8b7019-e5f8-4e95-8a39-1cdf146e6f6f;419.57;0.229;BUY
2016-01-21T00:48:31.363000;2016-01-21T00:48:31.423000;0bd65a1c-b55e-4c81-a015-785481d540f4;419.62;0.092;BUY
2016-01-21T00:48:31.363000;2016-01-21T00:48:31.423000;40cf322c-580b-44d7-a829-6e93571f5594;419.7;1.003;BUY
2016-01-21T00:48:31.363000;2016-01-21T00:48:31.423000;3e9d77de-1677-4eb8-a2d3-181e2524bb5f;420.06;0.47;BUY
2016-01-21T00:48:31.363000;2016-01-21T00:48:31.423000;c70b4040-c9c4-4ee2-a0cc-e91ed86ffe76;420.07;2.844;BUY
2016-01-21T00:48:31.363000;2016-01-21T00:48:31.423000;803b8d97-cf5f-4e65-9cca-a8bc165161d9;420.33;0.02;BUY
2016-01-21T00:48:31.363000;2016-01-21T00:48:31.423000;fd7cc3a6-a335-4923-8d29-21f2de7aed0f;420.34;0.02952;BUY
2016-01-21T00:48:31.363000;2016-01-21T00:48:31.440000;da1edb44-987f-41a4-ab96-3a43b34f7e4e;420.38;5.04;BUY
2016-01-21T00:48:31.363000;2016-01-21T00:48:31.440000;377c1151-c4d0-4be3-8cec-f7b981118261;420.41;0.73;BUY
2016-01-21T00:48:31.363000;2016-01-21T00:48:31.440000;31f536fa-06cb-487c-b917-9299f594a1e5;420.42;0.28139;BUY
2016-01-21T00:48:39.623000;2016-01-21T00:48:39.643000;29043c6d-4d50-4c73-8077-bd984d7fb01c;419.68;0.06727;SELL
2016-01-21T00:49:01.713000;2016-01-21T00:49:01.720000;741f6615-4d60-4435-919d-05b52bb66383;419.65;1.00839;BUY
2016-01-21T00:49:23.733000;2016-01-21T00:49:23.753000;43f0ada9-eef8-42a8-a97e-fa24d50a46d9;419.65;0.17;BUY
2016-01-21T00:49:23.733000;2016-01-21T00:49:23.753000;3849485b-76c2-4cfc-b0cf-2098e2b4c80b;419.65;0.16;BUY
2016-01-21T00:49:31.770000;2016-01-21T00:49:31.800000;484d6be0-cca9-4aff-9ea4-adfeb2a9be10;419.65;0.156;BUY
2016-01-21T00:49:31.770000;2016-01-21T00:49:31.800000;f58a5029-8f91-4b4c-a4f1-28c8c7de708f;419.65;0.221;BUY
2016-01-21T00:49:31.770000;2016-01-21T00:49:31.813000;e1ae22c3-09e6-4767-91ea-bc8f3bf32d4a;419.65;0.222;BUY
2016-01-21T00:49:31.770000;2016-01-21T00:49:31.813000;2d22607a-4f35-4721-b55e-a0c6dc1493fe;419.65;0.221;BUY
2016-01-21T00:49:31.770000;2016-01-21T00:49:31.813000;c3ca05a4-67ca-43d0-a489-3e642729785f;419.68;0.035919;BUY
2016-01-21T00:49:31.770000;2016-01-21T00:49:31.813000;9def634f-c85a-4951-ae34-9aa7e0aa6697;419.68;0.24218;BUY
2016-01-21T00:49:31.770000;2016-01-21T00:49:31.830000;8b3f3a17-f2ca-4655-83b4-da58bf5810c0;419.69;0.103189;BUY
2016-01-21T00:49:31.770000;2016-01-21T00:49:31.847000;d33eccb0-f0ac-4b06-8931-c4b6f815d404;419.69;0.889;BUY
2016-01-21T00:49:31.773000;2016-01-21T00:49:31.847000;56f644ec-1767-46dd-9f1e-88680c0b7e6f;419.9;0.428462;BUY
2016-01-21T00:50:32.633000;2016-01-21T00:50:32.643000;a012571d-21f1-4b5d-ae66-2259c605e3c3;419.66;0.249999;BUY
2016-01-21T00:50:32.633000;2016-01-21T00:50:32.660000;b5bdb0ee-c8b2-482c-85c6-fca2d72d9663;419.66;0.161501;BUY
2016-01-21T00:51:01.153000;2016-01-21T00:51:01.173000;23b61db7-5ada-4b60-be4e-da63b896ba18;419.66;0.56618;BUY
2016-01-21T00:51:16.143000;2016-01-21T00:51:16.173000;b08d848b-fc83-4cc5-948b-de9ea5c24502;419.66;0.20887953;BUY
2016-01-21T00:51:31.140000;2016-01-21T00:51:31.130000;825af2b9-4c9e-4f2f-91e8-a519228b6c99;419.66;2.96106;BUY
2016-01-21T00:52:01.867000;2016-01-21T00:52:01.850000;812ee873-c175-4f45-9a2c-310fb586d53c;419.65;0.01;SELL
2016-01-21T00:52:01.867000;2016-01-21T00:52:01.867000;939d8dd5-f9db-40fb-90e3-b64a2fcbae6b;419.64;0.01;SELL
2016-01-21T00:52:01.867000;2016-01-21T00:52:01.867000;f4fd3cb0-967b-4e4e-828b-7ce99a8850ed;419.63;0.01;SELL
2016-01-21T00:52:01.867000;2016-01-21T00:52:01.867000;fafdfce4-3500-4c1a-86d3-037cb15798e6;419.62;0.01;SELL
2016-01-21T00:52:01.867000;2016-01-21T00:52:01.880000;28031b98-37d4-4601-aff3-0ddcbd3d1d6b;419.51;0.01;SELL
2016-01-21T00:52:01.867000;2016-01-21T00:52:01.880000;c42e14fd-1de5-4af9-8067-b69c2c71e380;419.51;0.2;SELL
2016-01-21T00:52:01.867000;2016-01-21T00:52:01.880000;ac42cc45-1cb6-4e46-89fe-8ca3487e23e0;419.39;0.02961;SELL
2016-01-21T00:52:01.867000;2016-01-21T00:52:01.880000;9c9d9278-e36c-422a-9cb5-27b62046101d;419.33;0.01;SELL
2016-01-21T00:52:01.867000;2016-01-21T00:52:01.897000;c872b50b-5375-47c3-bdad-fefdf3e01c4b;419.33;0.02;SELL
2016-01-21T00:52:01.867000;2016-01-21T00:52:01.897000;4c97cebf-59be-44c2-961a-a675ee3d0f88;419.2;0.101;SELL
2016-01-21T00:52:01.870000;2016-01-21T00:52:01.897000;73a29486-adf0-4276-8726-d5222b0708cd;419.15;0.074;SELL
2016-01-21T00:52:01.870000;2016-01-21T00:52:01.897000;2bcc552b-89a2-4997-8e35-2a637df8f256;419.12;0.24;SELL
2016-01-21T00:52:01.870000;2016-01-21T00:52:01.913000;8b28c177-ae65-4806-a948-a5f3ee2f8b16;419.11;0.073;SELL
2016-01-21T00:52:01.870000;2016-01-21T00:52:01.913000;761d64e3-046a-447d-bcef-2a5e886f04e8;419.1;0.02963;SELL
2016-01-21T00:52:01.870000;2016-01-21T00:52:01.930000;6a321ee9-cdb2-4a74-a4a3-f584b9a34993;419.08;0.01;SELL
2016-01-21T00:52:01.870000;2016-01-21T00:52:01.930000;14ace35c-a56d-4a48-b791-30fcc7cf8196;419.0;0.0115;SELL
2016-01-21T00:52:01.870000;2016-01-21T00:52:01.930000;8a85081b-d03a-4ea9-afce-7906323c2af5;418.96;0.41493;SELL
2016-01-21T00:52:04.250000;2016-01-21T00:52:04.240000;d45758bc-a041-41d9-be1d-b3db9a7e5f25;419.3;0.01;SELL
2016-01-21T00:52:04.250000;2016-01-21T00:52:04.240000;182b9716-1053-4f48-ac50-a619dc802ed1;419.29;0.09;SELL
2016-01-21T00:52:31.697000;2016-01-21T00:52:31.680000;710134e5-84d6-4e98-8e98-d2d231542b34;419.35;0.09912;BUY
2016-01-21T00:53:01.553000;2016-01-21T00:53:01.537000;183b2833-df28-42de-8669-30788ac45797;419.2;0.01;SELL
2016-01-21T00:53:01.553000;2016-01-21T00:53:01.553000;9a1c357b-add9-4774-aed3-6bad79af7cce;419.19;0.08993;SELL
2016-01-21T00:54:02.050000;2016-01-21T00:54:02.023000;bbd5c4a1-05ba-48c0-841b-86448c0299b9;419.22;0.20424;BUY
2016-01-21T00:54:33.113000;2016-01-21T00:54:33.100000;582c5c0e-8d93-4823-b224-d0bfba05cefe;419.22;0.04576;BUY
2016-01-21T00:54:33.113000;2016-01-21T00:54:33.117000;c02a8805-4087-48ca-b744-8799d54abdd0;419.22;0.19201;BUY
2016-01-21T00:54:42.567000;2016-01-21T00:54:42.537000;27c3a44c-82ed-466d-bea2-79cd10f1db25;419.22;0.02799;BUY
2016-01-21T00:54:42.567000;2016-01-21T00:54:42.553000;c0b272ff-6884-4735-b277-c77ccd0c3c62;419.22;0.221;BUY
2016-01-21T00:54:42.567000;2016-01-21T00:54:42.553000;4cbbaba9-2bf7-4a73-81fe-d991749eeaff;419.22;0.22;BUY
2016-01-21T00:54:42.567000;2016-01-21T00:54:42.570000;7641070e-fb34-47ce-96bc-bd786a314232;419.22;0.22093282;BUY
2016-01-21T00:54:43.840000;2016-01-21T00:54:43.820000;44f85254-c7fc-4f07-a277-87a5c447db08;419.22;6.718e-05;BUY
2016-01-21T00:54:43.840000;2016-01-21T00:54:43.833000;f4f4f9ee-19d7-430e-844c-2dab41f26505;419.22;0.297;BUY
2016-01-21T00:54:43.840000;2016-01-21T00:54:43.850000;1b735acf-398d-4a94-ae26-77d1918e1da1;419.22;0.07;BUY
2016-01-21T00:54:43.840000;2016-01-21T00:54:43.850000;85d2f316-a113-49fa-94b8-de79debb6eab;419.22;0.22;BUY
2016-01-21T00:54:43.840000;2016-01-21T00:54:43.850000;6957d904-de2c-436d-a0ad-9dbe8f1ad4de;419.22;0.10285564;BUY
2016-01-21T00:54:45.057000;2016-01-21T00:54:45.023000;22a09a2c-dad1-40f7-a143-ea16a90f9597;419.22;0.11914436;BUY
2016-01-21T00:54:45.057000;2016-01-21T00:54:45.053000;70cc3de6-e6d9-449a-8ce9-d425a20d0447;419.22;0.229;BUY
2016-01-21T00:54:45.057000;2016-01-21T00:54:45.053000;6e1f08b5-e2ce-43bb-900f-4b8ce5f04868;419.22;0.222;BUY
2016-01-21T00:54:45.057000;2016-01-21T00:54:45.070000;fd0ef2a7-59c5-4f66-b2ac-cf2dc86c1ca7;419.22;0.11977846;BUY
2016-01-21T00:54:45.337000;2016-01-21T00:54:45.303000;4a1cf4c1-1633-4265-b3f0-2b0e1d55b4f0;419.22;0.00210154;BUY
2016-01-21T00:54:45.337000;2016-01-21T00:54:45.333000;faa1e336-b7ab-44c2-94f4-1f60cdfa80e1;419.22;0.221;BUY
2016-01-21T00:54:45.337000;2016-01-21T00:54:45.333000;f7016777-c87e-4c26-8244-976007438129;419.22;0.222;BUY
2016-01-21T00:54:45.337000;2016-01-21T00:54:45.350000;2f13a46e-836e-40de-b5ce-75662708d909;419.22;0.24482128;BUY
2016-01-21T00:54:45.593000;2016-01-21T00:54:45.583000;ed9ff760-7259-40b0-9ed2-d8a1ff888455;419.22;0.68992282;BUY
2016-01-21T00:55:01.800000;2016-01-21T00:55:01.787000;16c2af52-9901-448a-8027-fdc44113c597;419.22;0.0652559;BUY
2016-01-21T00:55:01.800000;2016-01-21T00:55:01.787000;2b5035ff-d27b-4b7c-bfc3-6eaedf442226;419.22;0.0542241;BUY
2016-01-21T00:55:20.670000;2016-01-21T00:55:20.647000;d894f016-5108-451a-99d1-7b2b2bc0e85e;419.2;0.249999;SELL
2016-01-21T00:55:32.757000;2016-01-21T00:55:32.727000;09e9f105-59eb-4235-ab62-0e3bfa105b21;419.38;0.01;BUY
2016-01-21T00:55:32.757000;2016-01-21T00:55:32.740000;8c31672f-84de-4fa1-8455-325eec58ec88;419.38;0.22;BUY
2016-01-21T00:55:32.757000;2016-01-21T00:55:32.740000;efb73d76-f064-45aa-ad99-7c5fbedd1040;419.38;0.222;BUY
2016-01-21T00:55:32.757000;2016-01-21T00:55:32.757000;c111cbf6-541c-48d1-aae7-22f1bb793de1;419.38;0.22;BUY
2016-01-21T00:55:32.757000;2016-01-21T00:55:32.757000;c5e630a5-bffe-4926-818a-b3c79ba7c80f;419.38;0.229;BUY
2016-01-21T00:55:32.757000;2016-01-21T00:55:32.757000;032b8b70-f7a2-4d0c-8f6e-7cb3018e9a1e;419.38;0.222;BUY
2016-01-21T00:55:32.757000;2016-01-21T00:55:32.757000;68b7056a-e526-4de0-bfbf-8efa42b5391d;419.38;0.222;BUY
2016-01-21T00:55:32.757000;2016-01-21T00:55:32.787000;a6093de4-11aa-49c5-ac88-3f5eed6b9c1e;419.38;0.221;BUY
2016-01-21T00:55:32.757000;2016-01-21T00:55:32.787000;27bfb723-184e-4583-8312-1ad520e9d1ee;419.38;0.05;BUY
2016-01-21T00:55:32.757000;2016-01-21T00:55:32.787000;79b19590-e3b6-4ad5-99a9-b3e020dea0f7;419.38;0.03;BUY
2016-01-21T00:55:32.757000;2016-01-21T00:55:32.803000;2372786d-430a-4dea-be48-2247bd47901d;419.38;0.22;BUY
2016-01-21T00:55:32.757000;2016-01-21T00:55:32.803000;1b63904e-1aaa-4639-a095-baf001c21248;419.38;0.298;BUY
2016-01-21T00:55:32.757000;2016-01-21T00:55:32.803000;5e1cd1b9-0fc4-4164-9b14-9ed254d92da2;419.38;0.17252;BUY
2016-01-21T00:56:01.773000;2016-01-21T00:56:01.740000;4ec6f621-58c8-4a0f-acff-54854658aa17;419.17;0.01;SELL
2016-01-21T00:56:01.773000;2016-01-21T00:56:01.773000;5f7d77e6-0f54-4a13-8196-d080031fdf03;419.16;0.05;SELL
2016-01-21T00:56:01.773000;2016-01-21T00:56:01.773000;d66e51c0-4079-429b-94f8-0b699bea072b;419.14;0.68992282;SELL
2016-01-21T00:56:01.773000;2016-01-21T00:56:01.787000;a8cbf400-5ae2-46c1-8f64-f137d1fedb5d;419.09;0.01;SELL
2016-01-21T00:56:01.773000;2016-01-21T00:56:01.787000;27e52027-a7a1-4fd4-906c-fd0d455360d8;419.05;0.68992282;SELL
2016-01-21T00:56:01.773000;2016-01-21T00:56:01.787000;cf2a811a-c665-4e07-9e3d-617efb355791;419.0;1.0;SELL
2016-01-21T00:56:01.773000;2016-01-21T00:56:01.787000;521e6b12-d3d9-4971-9071-828b51a3e32b;418.96;0.68992282;SELL
2016-01-21T00:56:01.773000;2016-01-21T00:56:01.787000;c1c4fe1d-6f5a-4017-b9bb-4d0e0a3e065d;418.95;0.01;SELL
2016-01-21T00:56:01.777000;2016-01-21T00:56:01.787000;0609987c-e5a5-4f74-8338-18dccfe5df7a;418.87;0.68992282;SELL
2016-01-21T00:56:01.777000;2016-01-21T00:56:01.787000;f69297a2-27ca-46c2-934d-0ff9eb8896ec;418.81;0.02967;SELL
2016-01-21T00:56:01.777000;2016-01-21T00:56:01.787000;b73b869d-0976-412b-9ae0-2ea29570ef6f;418.78;0.68992282;SELL
2016-01-21T00:56:01.777000;2016-01-21T00:56:01.803000;8da2e9ef-e6aa-4f1e-9d2c-19f6f16526ab;418.75;0.02;SELL
2016-01-21T00:56:01.777000;2016-01-21T00:56:01.803000;d1ecf6eb-8e80-4de3-bf11-1de5f45967a6;418.75;0.01;SELL
2016-01-21T00:56:01.777000;2016-01-21T00:56:01.803000;cb20f1bb-8469-46a0-a018-1efa6969fe07;418.73;0.01;SELL
2016-01-21T00:56:01.777000;2016-01-21T00:56:01.803000;643b8062-d2a8-42e2-aa73-d4392962aba8;418.54;0.12;SELL
2016-01-21T00:56:01.777000;2016-01-21T00:56:01.803000;2aa9af70-d8ee-4468-a1d7-638b16a13159;418.53;0.01;SELL
2016-01-21T00:56:01.777000;2016-01-21T00:56:01.803000;9173bd4d-9ae3-428d-997d-b5c65ad36f96;418.52;0.02969;SELL
2016-01-21T00:56:01.777000;2016-01-21T00:56:01.803000;9e5a38a9-91f7-4eeb-aa7b-bdfa3d932971;418.51;0.48;SELL
2016-01-21T00:56:01.777000;2016-01-21T00:56:01.803000;c2ccda97-26cf-4ed2-b039-ebdf59dff7a6;418.5;1.0;SELL
2016-01-21T00:56:01.777000;2016-01-21T00:56:01.803000;d7c861f8-8ac8-4a5c-bdaf-8c090ce144c9;418.49;0.1013659;SELL
2016-01-21T00:56:19.490000;2016-01-21T00:56:19.460000;6e52689c-138d-4be9-88ed-b7bba9f6f5b4;419.17;0.05;BUY
2016-01-21T00:56:27.103000;2016-01-21T00:56:27.070000;4eecf0a0-4ba8-4ad6-ab8f-9c4a5327d44a;419.16;0.01;SELL
2016-01-21T00:56:27.103000;2016-01-21T00:56:27.083000;47172e6a-c927-42bc-8dc7-46bdb94b0c11;419.16;1.59858337;SELL
2016-01-21T00:56:31.970000;2016-01-21T00:56:31.943000;9d243b00-ef6e-49a3-a9f8-375898b7e6f4;419.16;0.05965;BUY
2016-01-21T00:56:33.037000;2016-01-21T00:56:33.007000;60cc0c43-3a5e-4afb-98d9-868548724f06;419.15;0.01;SELL
2016-01-21T00:56:33.037000;2016-01-21T00:56:33.023000;be196f74-7b75-4f7f-99bb-2a3a1f25fe93;418.93;0.0056;SELL
2016-01-21T00:56:33.297000;2016-01-21T00:56:33.273000;c7ee35fa-e2d6-4031-b2ce-fb34f6c7d036;418.93;0.0044;SELL
2016-01-21T00:56:33.297000;2016-01-21T00:56:33.287000;cc280fa7-3f4d-41a2-8d02-984b3ae11c09;418.68;0.05223592;SELL
2016-01-21T00:57:01.723000;2016-01-21T00:57:01.693000;dfc55e8b-e22b-4bad-887a-7c8673e43c30;418.99;0.42688;BUY
2016-01-21T00:57:31.717000;2016-01-21T00:57:31.693000;dc92eff0-9340-4a01-a215-854355b09425;418.96;0.221;BUY
2016-01-21T00:57:31.717000;2016-01-21T00:57:31.693000;3dabc881-44b4-4621-948d-d4e8f1759cbb;418.96;0.222;BUY
2016-01-21T00:57:31.717000;2016-01-21T00:57:31.710000;e3d51e85-813a-4fbc-a36a-1866897e87a9;418.96;0.19121;BUY
2016-01-21T00:58:00.317000;2016-01-21T00:58:00.287000;58c679ab-0d86-4953-8c8c-d3baedc843d4;418.96;0.03179;BUY
2016-01-21T00:58:00.317000;2016-01-21T00:58:00.303000;2f3a037e-89af-4609-9602-4366e26d3a0c;418.96;0.22;BUY
2016-01-21T00:58:00.317000;2016-01-21T00:58:00.303000;cee2bdc9-233d-4442-9e6a-5f8830c8d3ac;418.96;0.221;BUY
2016-01-21T00:58:00.317000;2016-01-21T00:58:00.320000;3f25e442-802d-4dab-9d2e-609baa32d110;418.96;0.00339208;BUY
2016-01-21T00:58:02.220000;2016-01-21T00:58:02.180000;af3e5ff4-6bf0-4999-be80-7cfa16d47b6f;418.96;0.06446;BUY
2016-01-21T00:58:31.697000;2016-01-21T00:58:31.663000;2f0e5084-5c4d-49fd-9349-08e7fcb75a9a;418.96;0.12493;BUY
2016-01-21T00:59:01.797000;2016-01-21T00:59:01.757000;b740134d-53b9-42db-aa20-9fc54160928c;418.95;3.4725;SELL
2016-01-21T00:59:01.797000;2016-01-21T00:59:01.773000;f58214fb-dfac-416d-bf1c-5cc489828286;418.95;0.80054;SELL
2016-01-21T00:59:32.197000;2016-01-21T00:59:32.163000;379215c2-f8fb-4c1f-af4d-90f753b4e9f2;418.96;0.03021792;BUY
2016-01-21T00:59:32.197000;2016-01-21T00:59:32.180000;7320e6ac-2af7-41bd-82bd-8e9bce705b17;418.96;0.221;BUY
2016-01-21T00:59:32.197000;2016-01-21T00:59:32.180000;fd5bcba6-8b3e-4aa1-9d08-74d6fe667dbc;418.96;0.22147999;BUY
2016-01-21T00:59:32.197000;2016-01-21T00:59:32.193000;7bb609e2-058f-4a42-8984-2ef97ec74ab7;418.96;0.298;BUY
2016-01-21T00:59:32.197000;2016-01-21T00:59:32.193000;bf766702-b8d2-4c41-8500-f96cb6735de0;418.96;0.221;BUY
2016-01-21T00:59:32.197000;2016-01-21T00:59:32.193000;544257b7-0924-487f-980b-50bc99855b7c;418.96;0.15410209;BUY
2016-01-21T01:00:02.197000;2016-01-21T01:00:02.163000;ceb72dac-adab-42f0-a6fd-4d4d21975fd8;418.96;0.06689791;BUY
2016-01-21T01:00:02.197000;2016-01-21T01:00:02.163000;bb9c0698-1d21-4c94-bdad-0969f91420c4;418.96;0.01456209;BUY
2016-01-21T01:00:04.350000;2016-01-21T01:00:04.320000;939a67ed-cf97-4c63-b6b1-dde13d27ed92;418.96;0.1206;BUY
2016-01-21T01:00:04.560000;2016-01-21T01:00:04.537000;09f65360-ff7a-4277-940b-ce4ea0c19640;418.96;0.09483791;BUY
2016-01-21T01:00:04.560000;2016-01-21T01:00:04.537000;722fe694-c38f-4d2f-abb8-ea1129737bcd;418.96;0.223;BUY
2016-01-21T01:00:04.560000;2016-01-21T01:00:04.537000;049e430f-d3c4-4370-917e-e3352d160a53;418.96;0.22200001;BUY
2016-01-21T01:00:04.560000;2016-01-21T01:00:04.553000;110bcbf8-75f5-4710-97d7-0aeb5542d26f;418.96;0.221;BUY
2016-01-21T01:00:04.560000;2016-01-21T01:00:04.553000;15af90d3-1c13-47e6-a109-3ff3909e1f58;418.96;0.10976208;BUY
2016-01-21T01:00:04.793000;2016-01-21T01:00:04.773000;363ff53c-84b5-42e5-9311-0ad107f78255;418.96;0.00723792;BUY
2016-01-21T01:00:04.793000;2016-01-21T01:00:04.773000;92c173b0-c986-4cf7-9948-62feb2da5f15;419.17;0.01648;BUY
2016-01-21T01:00:04.793000;2016-01-21T01:00:04.773000;dbcbe9eb-e200-4e90-9c2a-94d895d52ff1;419.22;0.115;BUY
2016-01-21T01:00:04.793000;2016-01-21T01:00:04.803000;b10b9498-275f-4be6-bcca-e05fd029dd27;419.27;0.079;BUY
2016-01-21T01:00:04.793000;2016-01-21T01:00:04.803000;aeeecddf-51b6-46cd-99ba-84fd1b011006;419.35;0.01;BUY
2016-01-21T01:00:04.793000;2016-01-21T01:00:04.803000;e5540b71-cc76-4e3e-991c-dd8efe7570f4;419.36;0.01;BUY
2016-01-21T01:00:04.793000;2016-01-21T01:00:04.803000;be10b597-7241-4ac5-a27f-e50efbcaf9ed;419.37;0.01;BUY
2016-01-21T01:00:04.797000;2016-01-21T01:00:04.803000;8965e20c-5b91-422b-a17a-5f820e9a2d53;419.41;0.01;BUY
2016-01-21T01:00:04.797000;2016-01-21T01:00:04.803000;dedaefae-6921-4e6d-8a95-64d5ee41e9b4;419.43;0.01;BUY
2016-01-21T01:00:04.797000;2016-01-21T01:00:04.803000;f40d6cc3-8333-4946-a191-f49c6c7ffa31;419.46;0.02961;BUY
2016-01-21T01:00:04.797000;2016-01-21T01:00:04.803000;9f4bd479-ff99-4c75-91de-aeec4f9c7db1;419.57;0.01;BUY
2016-01-21T01:00:04.797000;2016-01-21T01:00:04.803000;6309d967-12c7-4c16-a565-c8041259415b;419.62;0.01;BUY
2016-01-21T01:00:04.797000;2016-01-21T01:00:04.820000;d5bc4d47-a0f9-43df-9848-72ef08e8668e;419.63;0.01;BUY
2016-01-21T01:00:04.797000;2016-01-21T01:00:04.820000;af66d7ef-6c7b-430f-9aa5-b70bab35bc5b;419.65;0.01;BUY
2016-01-21T01:00:04.797000;2016-01-21T01:00:04.820000;693ae732-7882-45e4-9bb1-7649f951717c;419.66;0.122859;BUY
2016-01-21T01:00:04.797000;2016-01-21T01:00:04.820000;6298cf8f-7c1d-4470-87f9-62da56822603;419.66;0.122859;BUY
2016-01-21T01:00:04.797000;2016-01-21T01:00:04.820000;6db5b5ae-b4f5-4aae-95aa-673291b55847;419.66;0.122859;BUY
2016-01-21T01:00:04.797000;2016-01-21T01:00:04.833000;e0a49611-7e70-4915-9735-3916663d70c1;419.66;0.122859;BUY
2016-01-21T01:00:04.797000;2016-01-21T01:00:04.833000;14d1235b-3a90-4d00-a1c9-c0ce9db239db;419.66;0.122859;BUY
2016-01-21T01:00:04.797000;2016-01-21T01:00:04.833000;c7c578dd-7ed8-4b35-b19e-aff41cf99ba9;419.66;0.249999;BUY
2016-01-21T01:00:04.797000;2016-01-21T01:00:04.833000;75a1e522-e6ca-4c21-96ac-dd710f78c5bf;419.7;0.96;BUY
2016-01-21T01:00:04.797000;2016-01-21T01:00:04.833000;a018f90c-4b25-49b1-bee3-6518139c5b44;419.71;1.0;BUY
2016-01-21T01:00:04.797000;2016-01-21T01:00:04.850000;45806a66-9920-41b6-84e7-99ac00784c77;419.72;0.08447808;BUY
2016-01-21T01:00:05.573000;2016-01-21T01:00:05.537000;f7f56f35-70dd-47fa-8ed7-5ca9df3968e1;419.72;0.8957;BUY
2016-01-21T01:00:31.990000;2016-01-21T01:00:31.943000;1193bc38-8d0e-49a8-9d3a-5c69e0944dcb;419.74;0.55928;BUY
2016-01-21T01:01:03.243000;2016-01-21T01:01:03.210000;8025a3dc-a714-477f-8c22-9f9f37d6a4ef;419.52;0.07213;BUY
2016-01-21T01:01:31.740000;2016-01-21T01:01:31.693000;23fb234c-f759-4408-96bf-475d0dc4c95c;419.26;0.08479;BUY
2016-01-21T01:02:02.610000;2016-01-21T01:02:02.570000;64029c23-7b3b-444d-86ba-36db9a5d4be2;419.26;0.15456;BUY
2016-01-21T01:02:51.783000;2016-01-21T01:02:51.740000;0d806648-4bca-41ea-a3c0-ff6dea88aced;419.25;0.01;SELL
2016-01-21T01:02:51.783000;2016-01-21T01:02:51.757000;ff02e8e8-fc00-491d-a0a0-5959830b3bfb;419.24;0.00374487;SELL
2016-01-21T01:03:02.427000;2016-01-21T01:03:02.383000;c3d0dcb4-6bb3-4960-9148-3ce5e135ffa6;419.25;0.77606;BUY
2016-01-21T01:03:31.860000;2016-01-21T01:03:31.820000;7a268821-7f05-47ce-8774-d256a9f5bd39;419.25;0.12192;BUY
2016-01-21T01:04:01.343000;2016-01-21T01:04:01.287000;39666c37-72d4-4a95-853f-6906dcd21079;419.24;0.00625513;SELL
2016-01-21T01:04:01.343000;2016-01-21T01:04:01.303000;bf0dc106-932b-4f64-9f49-52e32468ced5;419.17;0.02962;SELL
2016-01-21T01:04:01.343000;2016-01-21T01:04:01.303000;d39e21c4-4d92-42e4-b0e9-80e1348ce9a3;419.14;0.01;SELL
2016-01-21T01:04:01.343000;2016-01-21T01:04:01.320000;cd4f6a7a-5b16-40f5-9be9-2b8b13dab58f;419.12;0.28;SELL
2016-01-21T01:04:01.343000;2016-01-21T01:04:01.320000;f01cf2ec-562e-4f48-9419-c8c4dd398410;419.0;0.0115;SELL
2016-01-21T01:04:01.343000;2016-01-21T01:04:01.320000;7a4b1216-4a66-4900-b565-0291a9c5bcce;418.95;0.1;SELL
2016-01-21T01:04:01.343000;2016-01-21T01:04:01.320000;cca761ba-5974-4b29-91b7-6b1004e8c90f;418.88;0.01;SELL
2016-01-21T01:04:01.343000;2016-01-21T01:04:01.320000;2dd9588e-e8ab-4c06-97e9-a3b55733d9dc;418.88;0.02966;SELL
2016-01-21T01:04:01.343000;2016-01-21T01:04:01.320000;c5bb344e-941e-4998-877b-fef785ae8d2b;418.79;2.46700487;SELL
2016-01-21T01:05:02.377000;2016-01-21T01:05:02.320000;5d364b2c-e14a-4ad1-a2c1-d2f4f64b86bb;418.93;0.01;SELL
2016-01-21T01:05:02.377000;2016-01-21T01:05:02.350000;aafbd3cd-bfa9-4ed8-bdb5-4a9abcd04d5f;418.92;0.01;SELL
2016-01-21T01:05:02.377000;2016-01-21T01:05:02.367000;d39b1a5e-8c00-4150-aa90-1098dac6e6bb;418.86;0.01;SELL
2016-01-21T01:05:02.377000;2016-01-21T01:05:02.367000;a0a4ce4d-7b46-4fa0-9991-6eeea31c4bb2;418.72;0.1;SELL
2016-01-21T01:05:02.377000;2016-01-21T01:05:02.367000;c752b519-d887-407e-a8d8-19ac0c688936;418.67;0.01;SELL
2016-01-21T01:05:02.377000;2016-01-21T01:05:02.367000;655c69db-d49f-433e-80ba-6e3101ddf479;418.67;0.073;SELL
2016-01-21T01:05:02.377000;2016-01-21T01:05:02.367000;d5643cdf-2145-4c18-8ca9-73f35996cd04;418.62;0.03496;SELL
2016-01-21T01:05:09.967000;2016-01-21T01:05:09.930000;2de065cf-7b27-4194-a856-4cf10cfb01c4;418.93;0.36;BUY
2016-01-21T01:05:09.970000;2016-01-21T01:05:09.930000;e61131a4-7648-4b6a-8234-df7b44168a65;418.93;2.8861;BUY
2016-01-21T01:05:32.540000;2016-01-21T01:05:32.490000;3dd41583-da71-4a54-88ba-2b61dc12aa47;418.92;0.095;BUY
2016-01-21T01:05:32.540000;2016-01-21T01:05:32.523000;721dc888-8930-4ce5-abe0-b4127002d030;418.92;0.23;BUY
2016-01-21T01:05:32.540000;2016-01-21T01:05:32.523000;ae530265-8ece-4fd7-a3a3-3e2b50e4c6c3;418.92;0.121;BUY
2016-01-21T01:05:32.540000;2016-01-21T01:05:32.523000;7cd061c3-8f4a-4c30-a451-40a9b682c48e;418.92;0.07958;BUY
2016-01-21T01:06:31.417000;2016-01-21T01:06:31.367000;aa5138a7-e1f4-4d91-a488-21f3b27021b0;418.84;0.222;BUY
2016-01-21T01:06:31.417000;2016-01-21T01:06:31.383000;5803c817-d08b-429b-a513-110f024e6452;418.84;0.223;BUY
2016-01-21T01:06:31.417000;2016-01-21T01:06:31.383000;5ef0110c-edcf-40cd-9d4a-93c95f4e337e;418.84;0.221;BUY
2016-01-21T01:06:31.420000;2016-01-21T01:06:31.397000;fc25e3bb-9914-4f47-8fd2-a9010630074b;418.84;0.223;BUY
2016-01-21T01:06:31.420000;2016-01-21T01:06:31.397000;fa7f1773-c553-4f43-bbad-6c919f7bf670;418.84;0.22;BUY
2016-01-21T01:06:31.420000;2016-01-21T01:06:31.397000;cdd2448e-f12b-49fb-94bf-4b68825ffa86;418.84;0.223;BUY
2016-01-21T01:06:31.420000;2016-01-21T01:06:31.397000;d739174e-2c87-4643-8966-7a171dc8e4ce;418.84;0.01845;BUY
2016-01-21T01:07:01.263000;2016-01-21T01:07:01.310000;73199aee-b272-4a07-82e4-ef01cc791827;418.75;4.68;SELL
2016-01-21T01:07:01.263000;2016-01-21T01:07:01.323000;8c271cd8-e626-4940-8e93-4e92b01bc0b4;418.74;0.01;SELL
2016-01-21T01:07:01.263000;2016-01-21T01:07:01.323000;e4532be4-43dd-4001-a4d2-d90fe1b8c039;418.74;0.01;SELL
2016-01-21T01:07:01.263000;2016-01-21T01:07:01.323000;90aee055-d334-4438-962a-d97a9e8a7478;418.73;0.01;SELL
2016-01-21T01:07:01.263000;2016-01-21T01:07:01.340000;5144c43c-05a8-4151-944d-65a9d60fec96;418.71;0.01;SELL
2016-01-21T01:07:01.263000;2016-01-21T01:07:01.340000;740970d7-6910-442b-a0f2-56c2d5ace2ee;418.63;0.156;SELL
2016-01-21T01:07:01.263000;2016-01-21T01:07:01.340000;d59b69f8-e0ac-432e-b0ba-768aa77c6364;418.6;0.37;SELL
2016-01-21T01:07:01.263000;2016-01-21T01:07:01.340000;d3381fc5-b6da-4441-af78-dcfb3e3c1392;418.59;0.01178;SELL
2016-01-21T01:07:32.140000;2016-01-21T01:07:32.183000;c1e18765-a83e-4cf1-972e-bc8153cf7af7;418.71;0.48;BUY
2016-01-21T01:07:32.140000;2016-01-21T01:07:32.200000;02ee2dc3-2a50-42fe-b43d-d582555c02c3;418.71;0.09175;BUY
2016-01-21T01:08:03.867000;2016-01-21T01:08:03.903000;0d1672c0-5517-4340-965a-5a47245e0c80;418.66;0.072;BUY
2016-01-21T01:08:03.870000;2016-01-21T01:08:03.920000;313f9a65-4b43-46bd-a372-906343e328ec;418.66;0.18889;BUY
2016-01-21T01:08:03.873000;2016-01-21T01:08:03.933000;78470801-2b11-44a2-a638-879a35e085d5;418.66;1.4355027;BUY
2016-01-21T01:08:03.873000;2016-01-21T01:08:03.933000;26e1e997-0c6e-4f91-8a96-8a7081ab4013;418.67;0.1288288;BUY
2016-01-21T01:08:28.293000;2016-01-21T01:08:28.340000;daf3f4eb-34a1-4ccd-93bd-714ba4972281;418.59;0.01791;SELL
2016-01-21T01:08:28.293000;2016-01-21T01:08:28.340000;425bbceb-96fc-4f31-b297-3e5c03cfc4d9;418.59;0.085;SELL
2016-01-21T01:08:28.293000;2016-01-21T01:08:28.340000;b901439f-89f6-49d6-8b35-e91714330cb4;418.59;0.39;SELL
2016-01-21T01:08:28.293000;2016-01-21T01:08:28.357000;27b6fdf5-69d9-4f12-b393-a10ba0d002e3;418.58;0.01;SELL
2016-01-21T01:08:28.293000;2016-01-21T01:08:28.357000;c385795e-b5f3-4b6f-a8a0-2e8843eb6dce;418.56;0.01;SELL
2016-01-21T01:08:28.293000;2016-01-21T01:08:28.357000;a238566c-8085-4c9a-a666-a70a8333ec3c;418.55;0.177;SELL
2016-01-21T01:08:28.293000;2016-01-21T01:08:28.357000;3a44080c-8314-4a3f-bcb5-a819e8cdbc3b;418.54;0.01;SELL
2016-01-21T01:08:28.297000;2016-01-21T01:08:28.357000;91ae0c94-6cbe-4bca-b481-cbf0299269ae;418.5;0.0115;SELL
2016-01-21T01:08:28.297000;2016-01-21T01:08:28.387000;d1cbe746-6c7a-4e82-82f0-86ef062baf5e;418.5;0.01;SELL
2016-01-21T01:08:28.297000;2016-01-21T01:08:28.403000;23f700b3-a910-482c-be1a-5c7c6d91e1ef;418.5;0.129;SELL
2016-01-21T01:08:28.297000;2016-01-21T01:08:28.420000;c7fca3ee-3096-4eca-adf6-a53116fdbdf9;418.49;0.2861783;SELL
2016-01-21T01:08:32.000000;2016-01-21T01:08:32.073000;0531be29-375c-4245-b5d8-11527d623d37;418.49;0.6124558;SELL
2016-01-21T01:08:32.000000;2016-01-21T01:08:32.073000;80ef380b-0d92-4cfc-99ec-4254ef0dd281;418.49;0.205;SELL
2016-01-21T01:08:32.000000;2016-01-21T01:08:32.073000;50a65b32-a3b6-4401-88ec-e8ca15c8b120;418.46;0.01;SELL
2016-01-21T01:08:32.000000;2016-01-21T01:08:32.073000;e418ae08-0dfd-4f69-b2ba-130a159b9108;418.46;0.12;SELL
2016-01-21T01:08:32.000000;2016-01-21T01:08:32.073000;c1065aa5-d1ed-43b4-aced-6f480f80e9eb;418.42;0.01;SELL
2016-01-21T01:08:32.000000;2016-01-21T01:08:32.090000;8de93823-f62d-4dba-92c1-2aadea50a144;418.38;0.01;SELL
2016-01-21T01:08:32.000000;2016-01-21T01:08:32.107000;d063d9a5-f952-4a1c-b7ef-a1f71d7c4660;418.38;0.125;SELL
2016-01-21T01:08:32.003000;2016-01-21T01:08:32.107000;4c39a556-7603-4649-b556-6742825a0678;418.34;0.01;SELL
2016-01-21T01:08:32.003000;2016-01-21T01:08:32.107000;d79a2ba3-99a4-4cfb-85b4-7e5dba6a7b14;418.33;0.101;SELL
2016-01-21T01:08:32.003000;2016-01-21T01:08:32.107000;623fcfe0-84cc-4001-9d48-4e0f57406483;418.3;0.02972;SELL
2016-01-21T01:08:32.003000;2016-01-21T01:08:32.107000;d7a8fb40-ee8a-4212-abdd-012cae84dd12;418.3;0.01;SELL
2016-01-21T01:08:32.003000;2016-01-21T01:08:32.107000;7bf5fbd2-5962-44b4-ba7f-0cb0d64a60bc;418.29;0.01;SELL
2016-01-21T01:08:32.003000;2016-01-21T01:08:32.107000;cfa9fcb8-7e74-4427-a340-4f20a4fbd274;418.28;0.072;SELL
2016-01-21T01:08:32.003000;2016-01-21T01:08:32.107000;8b080816-1892-4485-be7a-71431a1b8a06;418.26;0.01;SELL
2016-01-21T01:08:32.003000;2016-01-21T01:08:32.137000;6cfd4a60-704a-486a-8906-b771e0380d52;418.23;0.094;SELL
2016-01-21T01:08:32.003000;2016-01-21T01:08:32.137000;e7d05b90-b5da-485c-b90a-494c9a9054fc;418.22;0.01;SELL
2016-01-21T01:08:32.003000;2016-01-21T01:08:32.137000;9f5ab035-a7a0-4497-803c-1d548563dcb1;418.2;1.0;SELL
2016-01-21T01:08:32.003000;2016-01-21T01:08:32.137000;a22f64df-5dc2-43f8-95df-cfc06812baf0;418.18;0.01;SELL
2016-01-21T01:08:32.003000;2016-01-21T01:08:32.137000;03ae493d-ab8b-45ca-8729-748f5f21d2d1;418.18;0.128;SELL
2016-01-21T01:08:32.003000;2016-01-21T01:08:32.137000;ada0907b-99fa-46de-b595-c9f2fa8bd878;418.17;0.02;SELL
2016-01-21T01:08:32.003000;2016-01-21T01:08:32.137000;81b46a66-1d32-4641-ab09-059fdff32bc0;418.14;0.01;SELL
2016-01-21T01:08:32.003000;2016-01-21T01:08:32.137000;4d97d9ad-7707-4ae5-bf12-a5419ba86a43;418.1;0.01;SELL
2016-01-21T01:08:32.003000;2016-01-21T01:08:32.137000;7e45c307-caca-4e70-abd1-3364c296f7f7;418.1;0.01;SELL
2016-01-21T01:08:32.003000;2016-01-21T01:08:32.137000;6a0af792-190c-496a-a7e5-1e26102ed059;418.06;0.01;SELL
2016-01-21T01:08:32.003000;2016-01-21T01:08:32.153000;bd14f03b-2a67-4c6e-b3d2-b4a4e655edea;418.06;1.2958242;SELL
2016-01-21T01:08:45.813000;2016-01-21T01:08:45.873000;8eccba69-0c5e-435f-b582-d423ddc03c90;418.35;0.01;BUY
2016-01-21T01:08:45.813000;2016-01-21T01:08:45.873000;c574432b-3992-4431-9fa7-f10fa563d51b;418.35;0.0074805;BUY
2016-01-21T01:09:01.640000;2016-01-21T01:09:01.700000;01109e1b-39f8-4aa5-a5ac-c5486f1e7464;418.35;0.2905195;BUY
2016-01-21T01:09:01.640000;2016-01-21T01:09:01.700000;210ae92b-76a8-46f3-993e-b3586e97c709;418.35;0.221;BUY
2016-01-21T01:09:01.640000;2016-01-21T01:09:01.717000;f022033f-d41a-4956-805f-3897391fff71;418.35;0.14242;BUY
2016-01-21T01:09:01.640000;2016-01-21T01:09:01.717000;bc4c0339-955b-48ef-985c-283ed1737eb3;418.35;0.223;BUY
2016-01-21T01:09:01.640000;2016-01-21T01:09:01.717000;fcc6ceeb-5e9f-4e8e-a841-34ff6e79fb68;418.35;0.221;BUY
2016-01-21T01:09:01.640000;2016-01-21T01:09:01.717000;2227ab65-d3b5-4175-b54a-516f40acabe9;418.35;0.222;BUY
2016-01-21T01:09:01.640000;2016-01-21T01:09:01.730000;ed1ff7cb-4a99-49d2-a410-22e18b58d618;418.35;0.222;BUY
2016-01-21T01:09:01.640000;2016-01-21T01:09:01.730000;08870b72-67ca-4519-b4d6-249e1c946482;418.35;0.223;BUY
2016-01-21T01:09:01.643000;2016-01-21T01:09:01.730000;0f72ad1d-f73e-4e4c-9d16-7c41e426db19;418.35;0.22;BUY
2016-01-21T01:09:01.643000;2016-01-21T01:09:01.730000;99f72fc9-d0a6-4cc2-889a-ece0dad91567;418.35;0.223;BUY
2016-01-21T01:09:01.643000;2016-01-21T01:09:01.730000;e3624c08-f151-4cba-ad9f-a79c5559c3b3;418.35;0.221;BUY
2016-01-21T01:09:01.643000;2016-01-21T01:09:01.730000;e18ea47e-59b2-44f0-8737-e822cb4af6de;418.35;0.222;BUY
2016-01-21T01:09:01.643000;2016-01-21T01:09:01.730000;0e5f9639-51da-4f17-8ca1-6d929a5770fb;418.35;0.23;BUY
2016-01-21T01:09:01.643000;2016-01-21T01:09:01.730000;6d5dac7e-ca09-480b-9a30-7ba88d5c0e36;418.39;0.01;BUY
2016-01-21T01:09:01.643000;2016-01-21T01:09:01.730000;c5fe3a71-1aff-424e-92e2-867777a8d80b;418.43;0.01;BUY
2016-01-21T01:09:01.643000;2016-01-21T01:09:01.763000;a2f35634-5a97-43d7-bc6e-06c6a902b918;418.47;0.01;BUY
2016-01-21T01:09:01.643000;2016-01-21T01:09:01.763000;77d15de4-cf5f-4b92-92ac-ca8dc8f2dd44;418.51;0.01;BUY
2016-01-21T01:09:01.643000;2016-01-21T01:09:01.763000;2cf33e53-7e76-4447-a6df-28969b27be9f;418.55;0.01;BUY
2016-01-21T01:09:01.643000;2016-01-21T01:09:01.763000;133dd000-eb45-41a4-8604-9e879674b038;418.59;0.01;BUY
2016-01-21T01:09:01.643000;2016-01-21T01:09:01.763000;0fddbd99-a91c-4c84-9508-f1f43701b209;418.59;0.02971;BUY
2016-01-21T01:09:01.643000;2016-01-21T01:09:01.763000;a9152334-bca5-4aa9-915d-3a0811eda15e;418.63;0.01;BUY
2016-01-21T01:09:01.643000;2016-01-21T01:09:01.763000;1ba1c21d-30d8-41b0-b7f9-9de8a01cbff4;418.67;0.01;BUY
2016-01-21T01:09:01.643000;2016-01-21T01:09:01.763000;2fcefead-1f7d-4ec9-a90e-205d4b928b9d;418.7;0.01;BUY
2016-01-21T01:09:01.643000;2016-01-21T01:09:01.763000;779f71a2-a39a-450a-9532-7cc52670c084;418.71;0.01;BUY
2016-01-21T01:09:01.643000;2016-01-21T01:09:01.763000;e518b86a-8364-46ee-a622-4271aa43c952;418.75;0.01;BUY
2016-01-21T01:09:01.643000;2016-01-21T01:09:01.777000;f8052f9f-2c09-4f6f-b3b6-c61e4bd3edac;418.75;0.075;BUY
2016-01-21T01:09:01.643000;2016-01-21T01:09:01.777000;102d722a-2569-4e89-9ce1-b6b28b7cd8d5;418.77;0.01;BUY
2016-01-21T01:09:01.643000;2016-01-21T01:09:01.777000;c82ec851-190f-4e7f-a7c2-9626d699e9c9;418.79;0.01;BUY
2016-01-21T01:09:01.643000;2016-01-21T01:09:01.777000;7c3d9460-eebb-4269-abb8-39777c9f7fbf;418.81;0.1;BUY
2016-01-21T01:09:01.643000;2016-01-21T01:09:01.777000;011bcbc0-ea79-4737-b066-b9569d5c5313;418.83;0.01;BUY
2016-01-21T01:09:01.643000;2016-01-21T01:09:01.777000;8a41aa7a-43d8-4d52-ab76-bd928609bd97;418.88;0.02968;BUY
2016-01-21T01:09:01.647000;2016-01-21T01:09:01.793000;c149df19-ea45-473b-b66b-b0cede65d179;418.92;0.01;BUY
2016-01-21T01:09:01.647000;2016-01-21T01:09:01.793000;ad549040-2879-4d5a-b26a-869e95874cda;419.04;0.01;BUY
2016-01-21T01:09:01.647000;2016-01-21T01:09:01.793000;e8fe488e-cbbb-48a9-8732-d0b1633df364;419.1;0.01;BUY
2016-01-21T01:09:01.647000;2016-01-21T01:09:01.793000;b575d8b6-ecd8-40d9-bd53-f6008f05f201;419.11;0.01;BUY
2016-01-21T01:09:01.647000;2016-01-21T01:09:01.810000;9e55f5ec-cbd6-422f-91fc-f7e22a7652ea;419.15;0.01;BUY
2016-01-21T01:09:01.647000;2016-01-21T01:09:01.810000;e0fe4f6a-fad3-48ad-9ef3-7affff6a8ed0;419.17;0.02;BUY
2016-01-21T01:09:01.647000;2016-01-21T01:09:01.810000;87f9b107-79c9-4b90-a491-cd3433a9efd6;419.17;0.02965;BUY
2016-01-21T01:09:01.647000;2016-01-21T01:09:01.810000;bc69dd58-1ae8-45ec-bde9-5ca7e8064074;419.19;0.01;BUY
2016-01-21T01:09:01.647000;2016-01-21T01:09:01.810000;994480ed-b694-4989-a0bf-c8771793c6f6;419.25;0.02091895;BUY
2016-01-21T01:09:01.647000;2016-01-21T01:09:01.827000;724e9da1-c49e-46d5-955f-bf193dc67727;419.36;0.01;BUY
2016-01-21T01:09:01.647000;2016-01-21T01:09:01.827000;f25b4c6b-edc8-4347-99b7-038672b6952f;419.42;0.01;BUY
2016-01-21T01:09:01.647000;2016-01-21T01:09:01.827000;6a365a3e-7a8c-409d-a64e-49ad65979305;419.43;0.01;BUY
2016-01-21T01:09:01.647000;2016-01-21T01:09:01.827000;545ca432-f069-4f61-b8e9-c0a429698e0f;419.46;0.02961;BUY
2016-01-21T01:09:01.647000;2016-01-21T01:09:01.840000;4bfb6d89-ebb9-4abb-b127-4aa7e39a05f5;419.59;4.32;BUY
2016-01-21T01:09:01.647000;2016-01-21T01:09:01.840000;25bc09ce-8706-4d4b-b65f-bb90d501ae0c;419.6;0.30140155;BUY
2016-01-21T01:09:15.760000;2016-01-21T01:09:15.810000;088570e0-5203-42e6-9265-e9c3946be022;419.27;0.12;SELL
2016-01-21T01:09:15.763000;2016-01-21T01:09:15.810000;a8dee057-7df0-4ed9-a2c9-a652a73d1e35;419.27;0.113;SELL
2016-01-21T01:09:15.763000;2016-01-21T01:09:15.827000;1c11a639-e563-41f3-8922-0ca5e7eda3ef;419.26;0.01;SELL
2016-01-21T01:09:15.763000;2016-01-21T01:09:15.827000;0e69b898-3c8b-4487-8a3e-579f353d2bcd;419.23;0.07;SELL
2016-01-21T01:09:15.763000;2016-01-21T01:09:15.827000;0a96d692-4ed5-494e-b030-be57558aa355;419.22;0.108;SELL
2016-01-21T01:09:15.763000;2016-01-21T01:09:15.827000;06ede53d-b159-454c-9190-306580ce51b8;419.17;0.02963;SELL
2016-01-21T01:09:15.763000;2016-01-21T01:09:15.840000;45b9310a-82a1-4fe6-bfb8-bc39ca6d52e6;419.17;0.095;SELL
2016-01-21T01:09:15.763000;2016-01-21T01:09:15.840000;f984b74a-1751-4231-8660-ec8bcdc256b3;419.07;7.05437;SELL
2016-01-21T01:09:32.097000;2016-01-21T01:09:32.137000;50036ad8-2178-4118-a1c0-7bcbb961f422;419.46;0.02962;BUY
2016-01-21T01:09:32.100000;2016-01-21T01:09:32.137000;cc37e5fc-34ac-451b-951c-38a7ae3ae936;419.58;0.01;BUY
2016-01-21T01:09:32.100000;2016-01-21T01:09:32.170000;31b242a5-a716-4383-abd3-1d1cc36dcd6d;419.6;5.03302;BUY
2016-01-21T01:09:51.923000;2016-01-21T01:09:51.967000;f4262256-7b2f-48e3-b03b-9bd812216c85;419.59;0.52063649;BUY
2016-01-21T01:10:02.223000;2016-01-21T01:10:02.263000;ccdc6d81-1daf-480c-bd89-b08e27adc73d;419.59;0.91321;BUY
2016-01-21T01:10:14.447000;2016-01-21T01:10:14.497000;699fe8cc-5a16-4880-ad6f-c1cf523dac4a;419.59;3.2461;BUY
2016-01-21T01:10:31.430000;2016-01-21T01:10:31.467000;2d5081df-ee85-4d92-8b41-3872c38894c6;419.61;0.48794;BUY
2016-01-21T01:10:47.040000;2016-01-21T01:10:47.077000;e7193a71-2999-4bd0-8331-8c519061d7a5;419.61;2.72;BUY
2016-01-21T01:10:47.040000;2016-01-21T01:10:47.090000;49181a9e-7b22-4bde-95f4-de3aaa5f685d;419.62;0.01;BUY
2016-01-21T01:10:47.040000;2016-01-21T01:10:47.090000;9d9ff84c-3982-4ac9-b147-653c968fe25e;419.71;0.01;BUY
2016-01-21T01:10:47.040000;2016-01-21T01:10:47.107000;c639ad43-6e80-4dbc-bcdb-0ab6093d324b;419.72;0.01;BUY
2016-01-21T01:11:01.847000;2016-01-21T01:11:01.873000;10f6e588-2792-439a-926a-9b8191c958db;419.75;0.02;BUY
2016-01-21T01:11:01.847000;2016-01-21T01:11:01.887000;3b1314e3-65f9-4e5b-b393-a017b428ecf8;419.75;1.26616;BUY
2016-01-21T01:11:02.560000;2016-01-21T01:11:02.607000;ea076930-f413-4c96-b22f-d1005bf23b21;419.75;3.92;BUY
2016-01-21T01:11:04.973000;2016-01-21T01:11:04.997000;2c0a91ff-a2dc-4cfc-b43f-b2843b264b28;419.75;3.952;BUY
2016-01-21T01:11:07.137000;2016-01-21T01:11:07.183000;35261ee0-e1b9-412c-b4d4-be33048b90e6;419.75;1.61184;BUY
2016-01-21T01:11:07.137000;2016-01-21T01:11:07.183000;bf474c05-dcb4-45f8-8fd2-876796c1eab4;419.75;0.02959;BUY
2016-01-21T01:11:11.907000;2016-01-21T01:11:11.950000;0c136f94-cd94-437a-af91-73241d0ef0fc;419.8;0.01;BUY
2016-01-21T01:11:11.907000;2016-01-21T01:11:11.950000;8d70d491-e9cb-40cb-aec8-59a8faa4cd91;419.81;0.01;BUY
2016-01-21T01:11:11.910000;2016-01-21T01:11:11.950000;e6ec5a4b-8926-4079-8aa3-05b9cd94ea98;419.81;0.01;BUY
2016-01-21T01:11:14.577000;2016-01-21T01:11:14.607000;5cbb284e-c66f-4bae-8867-c63ac79ad737;419.82;0.01;BUY
2016-01-21T01:11:14.577000;2016-01-21T01:11:14.623000;b8066de2-077f-43f1-97e7-97fabf439626;419.83;0.01;BUY
2016-01-21T01:11:14.577000;2016-01-21T01:11:14.623000;f2e26b82-530c-421e-824a-ae51df7adb48;419.84;0.01;BUY
2016-01-21T01:11:14.577000;2016-01-21T01:11:14.637000;e2568aab-82c6-4b93-9553-85a54fdefec9;419.89;3.612;BUY
2016-01-21T01:11:18.493000;2016-01-21T01:11:18.527000;849872e8-1d6e-468f-9c57-408437a4acbc;419.89;3.744;BUY
2016-01-21T01:11:24.687000;2016-01-21T01:11:24.717000;68c44c50-2f1d-4b8c-9827-e59492453d76;419.89;3.74578569;BUY
2016-01-21T01:11:26.090000;2016-01-21T01:11:26.123000;71015297-8ec2-4b32-a661-80224fd5e2ad;419.89;5.0;BUY
2016-01-21T01:11:29.220000;2016-01-21T01:11:29.247000;5c68e332-b99f-4298-abdf-92403da6cd79;419.89;3.23537988;BUY
2016-01-21T01:11:29.220000;2016-01-21T01:11:29.263000;c7923b04-5971-4037-a143-f2018eea8553;419.99;0.01;BUY
2016-01-21T01:11:29.220000;2016-01-21T01:11:29.263000;bd63d84a-758e-4f25-a34f-8ffee0b238e3;420.0;1.20638328;BUY
2016-01-21T01:11:29.650000;2016-01-21T01:11:29.700000;06920d2f-8484-489c-b03d-eb6959437c4b;420.0;0.08;BUY
2016-01-21T01:11:30.070000;2016-01-21T01:11:30.107000;be38c2b5-e4b8-430a-8a3d-21d61d2cade3;420.0;3.567;BUY
2016-01-21T01:11:32.473000;2016-01-21T01:11:32.513000;728920da-85dc-4b59-acf6-54e9877fc7dc;419.94;0.24;SELL
2016-01-21T01:11:32.473000;2016-01-21T01:11:32.513000;6644ae65-7c29-4218-8ca7-3e8ee037663a;419.93;0.01;SELL
2016-01-21T01:11:32.473000;2016-01-21T01:11:32.527000;5ddce7f6-dacd-46d9-9790-cd745d0375ea;419.93;0.18;SELL
2016-01-21T01:11:32.473000;2016-01-21T01:11:32.527000;0b9897ce-88f0-4c8a-b2e7-60e895049b0e;419.92;0.24;SELL
2016-01-21T01:11:32.473000;2016-01-21T01:11:32.543000;c1e9e18c-649c-4915-88ea-f20eb8fa7eca;419.91;0.01;SELL
2016-01-21T01:11:32.477000;2016-01-21T01:11:32.543000;c80d9fc0-0756-4021-a3ff-58df901a11c3;419.9;0.49975;SELL
2016-01-21T01:11:34.503000;2016-01-21T01:11:34.543000;bc565718-8fe5-48ca-871f-557ff269b450;420.0;3.69;BUY
2016-01-21T01:11:44.450000;2016-01-21T01:11:44.480000;3a808873-4bcd-4b6f-9def-c76d973b6420;420.0;3.793;BUY
2016-01-21T01:11:45.063000;2016-01-21T01:11:45.107000;700dc76c-cf57-4caf-823b-cfe728f2cfdd;420.0;0.052;BUY
2016-01-21T01:11:46.663000;2016-01-21T01:11:46.700000;d88a7f0d-df7e-4a3c-8d31-a48987db9cb0;420.0;0.23750148;BUY
2016-01-21T01:11:46.767000;2016-01-21T01:11:46.793000;f4dd5708-b661-4abf-840b-c09bfd97e483;420.0;3.363;BUY
2016-01-21T01:11:49.180000;2016-01-21T01:11:49.217000;4657fa74-9f40-4918-b00d-2a9c5154f13c;420.0;4.134;BUY
2016-01-21T01:11:58.040000;2016-01-21T01:11:58.077000;0cfab9ac-6bed-49ee-b6d8-f3d437a0a71e;420.0;2.3437219;BUY
2016-01-21T01:11:58.040000;2016-01-21T01:11:58.090000;076f347a-907e-46b2-8fa9-fb846586d970;420.0;0.01;BUY
2016-01-21T01:11:58.040000;2016-01-21T01:11:58.090000;50bb272b-b653-4901-a158-39fb8319850b;420.0;0.01163;BUY
2016-01-21T01:11:58.040000;2016-01-21T01:11:58.090000;641e2133-320f-4fa2-b406-81632b1ac2a0;420.0;0.01;BUY
2016-01-21T01:11:58.040000;2016-01-21T01:11:58.090000;7679bc23-03d9-4068-bba9-039e2a781694;420.04;0.0246481;BUY
2016-01-21T01:12:02.603000;2016-01-21T01:12:02.637000;e8220db4-8a11-40da-8849-157bf04d4975;420.03;1.27208;SELL
2016-01-21T01:12:10.120000;2016-01-21T01:12:10.153000;fd4a7742-a39b-43c3-8cf8-fd3e1c6aca5d;420.04;0.0049019;BUY
2016-01-21T01:12:10.120000;2016-01-21T01:12:10.170000;d5b6d5fd-2aca-48f6-9dfe-69cac996a0dd;420.09;0.01;BUY
2016-01-21T01:12:10.120000;2016-01-21T01:12:10.170000;6befc112-056d-40f8-889e-574e1c9be997;420.11;0.01;BUY
2016-01-21T01:12:10.120000;2016-01-21T01:12:10.170000;6e91b947-91e7-4e63-a1d7-c35b739a7f1b;420.14;0.01;BUY
2016-01-21T01:12:13.320000;2016-01-21T01:12:13.373000;85a2ed39-cda6-47f0-8d49-0eabeafc0b70;420.33;0.02;BUY
2016-01-21T01:12:13.320000;2016-01-21T01:12:13.387000;1da4f5ad-d752-42d5-8f1e-82560335f740;420.33;0.02953;BUY
2016-01-21T01:12:13.320000;2016-01-21T01:12:13.387000;04790de3-ffcc-4c0e-b1c7-046fae26e621;420.33;25.0;BUY
2016-01-21T01:12:13.320000;2016-01-21T01:12:13.403000;08de0af3-da0c-4d74-9c94-3f132be686be;420.43;0.01;BUY
2016-01-21T01:12:13.320000;2016-01-21T01:12:13.403000;081f9f31-2432-4d1e-ab6d-037efba2d6ba;420.44;0.01;BUY
2016-01-21T01:12:13.320000;2016-01-21T01:12:13.403000;5280dec4-f83b-4288-9c66-553964298f53;420.45;0.01;BUY
2016-01-21T01:12:13.320000;2016-01-21T01:12:13.403000;4d462b7c-ac5b-47c4-ad6e-a1e88bba5ebb;420.5;0.01;BUY
2016-01-21T01:12:13.320000;2016-01-21T01:12:13.403000;7eae5199-4660-46be-95d0-986b8d26f606;420.51;0.01;BUY
2016-01-21T01:12:13.320000;2016-01-21T01:12:13.420000;b2edcdf9-383b-4723-a32a-e218fb9e16d1;420.56;0.01;BUY
2016-01-21T01:12:13.323000;2016-01-21T01:12:13.420000;e616e0d6-7f00-4a10-87f7-88e303af6183;420.56;0.36448214;BUY
2016-01-21T01:12:13.323000;2016-01-21T01:12:13.420000;66a09b6c-3021-4aa3-94aa-b705979f3cce;420.58;0.01;BUY
2016-01-21T01:12:13.323000;2016-01-21T01:12:13.420000;ff1c6602-1c9c-46e9-bbd3-27611b0d350c;420.62;0.02949;BUY
2016-01-21T01:12:13.323000;2016-01-21T01:12:13.433000;ba55577c-1be0-4682-8ab3-d1f0c5df38e2;420.65;0.01;BUY
2016-01-21T01:12:13.323000;2016-01-21T01:12:13.433000;d5072cc7-9956-4d52-8acc-7f1d4d31070c;420.68;0.01;BUY
2016-01-21T01:12:13.323000;2016-01-21T01:12:13.433000;af252b52-d4d0-44cb-88e3-258c77f57660;420.73;0.01;BUY
2016-01-21T01:12:13.323000;2016-01-21T01:12:13.433000;4526b335-a881-4db5-9777-b704698cd9a3;420.77;0.01;BUY
2016-01-21T01:12:13.323000;2016-01-21T01:12:13.480000;4e8a9d9a-d2ca-4d2b-9b68-0a2fe8625b1c;420.79;2.369;BUY
2016-01-21T01:12:13.323000;2016-01-21T01:12:13.480000;69d48e4c-05fd-4d78-98aa-45532a836c34;420.9;0.02;BUY
2016-01-21T01:12:13.323000;2016-01-21T01:12:13.480000;277362d5-098e-40f7-a972-6ad78ee3c94a;420.91;0.01;BUY
2016-01-21T01:12:13.323000;2016-01-21T01:12:13.480000;917ddb9a-2709-4cf8-a991-67c15b8e86ba;420.92;0.03048;BUY
2016-01-21T01:12:13.323000;2016-01-21T01:12:13.480000;50a147e4-5617-4efe-a4ec-d342ba2f0d6b;420.96;0.01;BUY
2016-01-21T01:12:13.323000;2016-01-21T01:12:13.480000;cca3e89f-4fad-46ae-8d09-24da5ec257a9;421.0;0.01;BUY
2016-01-21T01:12:13.323000;2016-01-21T01:12:13.480000;4e0c22b0-3cd9-4110-b11a-51f7a141589d;421.0;0.01;BUY
