time_exchange;time_coinpai;guid;price;base_amount;taker_side
2016-01-31T00:00:01.560000;2016-01-31T00:00:01.610000;743ee49a-7ab1-4075-819c-3b6462e4ca2c;378.46;1.16476;BUY
2016-01-31T00:00:11.170000;2016-01-31T00:00:11.220000;493bf5f5-bbb1-41ac-a074-b23d70705a8a;378.46;0.79070937;BUY
2016-01-31T00:00:31.617000;2016-01-31T00:00:31.673000;87c302ff-8a36-4940-a29b-295545c7d2b0;378.46;0.44714;BUY
2016-01-31T00:00:40.023000;2016-01-31T00:00:40.063000;60bb1140-7b72-4f1f-8250-e377068eb6c9;378.46;0.19;BUY
2016-01-31T00:00:49.793000;2016-01-31T00:00:49.860000;29bd00d1-fe22-453d-8edc-9a98cf1c5355;378.46;0.0823472;BUY
2016-01-31T00:01:02.630000;2016-01-31T00:01:02.673000;5e8869d4-cbe7-4ca1-9948-79d38ab6eba1;378.46;0.13854;BUY
2016-01-31T00:01:24.633000;2016-01-31T00:01:24.673000;3397c04f-855a-4b1f-8af9-1e05842cb8db;378.45;0.53791045;SELL
2016-01-31T00:01:24.633000;2016-01-31T00:01:24.690000;791cf56a-bd5d-481b-9e13-cedf88d4a1e7;378.45;0.17737178;SELL
2016-01-31T00:01:24.633000;2016-01-31T00:01:24.690000;0ef4229d-e92c-4779-b720-3ff768e2b035;378.45;0.03471777;SELL
2016-01-31T00:01:24.743000;2016-01-31T00:01:24.783000;36227141-dfed-497c-8215-4bdd0f27d77c;378.45;0.13828223;SELL
2016-01-31T00:01:24.743000;2016-01-31T00:01:24.800000;1dbce875-e12b-4562-912f-03f8c1147d88;378.45;2.65171777;SELL
2016-01-31T00:01:31.733000;2016-01-31T00:01:31.767000;c77d4f58-53f8-4790-a5af-8e62b306b608;378.42;0.20116;SELL
2016-01-31T00:01:54.827000;2016-01-31T00:01:54.893000;d33308bf-99ca-4eb9-9549-171b0e7c1c30;378.44;1.39;SELL
2016-01-31T00:02:01.573000;2016-01-31T00:02:01.610000;22724173-183b-4b08-badc-13e29fa06814;378.44;0.36781;SELL
2016-01-31T00:02:06.727000;2016-01-31T00:02:06.767000;8977356c-f73a-42cd-8305-611c39081d88;378.44;0.86;SELL
2016-01-31T00:02:31.683000;2016-01-31T00:02:31.720000;f4481c06-109f-4c82-8c7d-058d5351851a;378.43;0.05422;BUY
2016-01-31T00:02:40.580000;2016-01-31T00:02:40.627000;c8b3a2b1-3fea-43d7-a5db-41a044ec4d56;378.43;0.0729084;BUY
2016-01-31T00:03:01.560000;2016-01-31T00:03:01.597000;5ac31820-9cf2-477c-803d-a538a0cbfc9c;378.37;2.50832;SELL
2016-01-31T00:03:49.880000;2016-01-31T00:03:49.907000;c04ce759-70cf-4ffe-8100-8fc972497914;378.41;0.19;BUY
2016-01-31T00:03:51.447000;2016-01-31T00:03:51.487000;235369b0-7e68-42fe-95b5-5b071921857a;378.44;0.078;BUY
2016-01-31T00:04:01.553000;2016-01-31T00:04:01.580000;46f908ee-8f14-4715-9cf1-67d9382a7517;378.41;0.708;BUY
2016-01-31T00:04:01.553000;2016-01-31T00:04:01.610000;851893fc-9767-4880-8786-0702c7017a86;378.44;1.425;BUY
2016-01-31T00:04:01.553000;2016-01-31T00:04:01.610000;93999b30-079e-4704-9092-499458cf2fba;378.44;0.18;BUY
2016-01-31T00:04:01.553000;2016-01-31T00:04:01.610000;c00e7e77-cd7f-4322-a307-acfa8e9275b0;378.45;0.38909;BUY
2016-01-31T00:04:24.037000;2016-01-31T00:04:24.063000;73d8b91b-3169-4679-aedf-3d7cf6b82309;378.44;0.0149084;BUY
2016-01-31T00:05:01.540000;2016-01-31T00:05:01.563000;a8c32eab-75f0-4ef9-93c1-cf12f36f0f5e;378.46;0.23534;BUY
2016-01-31T00:05:30.607000;2016-01-31T00:05:30.627000;4bb25f59-fa6b-4e9e-b821-49f83b58381c;378.45;3.819;SELL
2016-01-31T00:05:30.607000;2016-01-31T00:05:30.657000;a667146d-9ec1-40c9-82f6-5ee123e7e2a1;378.45;0.14;SELL
2016-01-31T00:05:30.607000;2016-01-31T00:05:30.657000;7b48f9e9-aa84-4752-844d-aa945980cb73;378.45;0.33049;SELL
2016-01-31T00:06:30.550000;2016-01-31T00:06:30.580000;dd2562aa-00c7-413a-987b-6d98d5e05e4c;378.46;4.50513343;BUY
2016-01-31T00:06:30.550000;2016-01-31T00:06:30.597000;83b3e219-cd01-477d-bcd4-7b39fb4a1c39;378.47;0.01;BUY
2016-01-31T00:06:30.550000;2016-01-31T00:06:30.610000;92f3177d-a661-433e-b462-ca0206563d40;378.48;0.01;BUY
2016-01-31T00:06:30.550000;2016-01-31T00:06:30.657000;2e9481d4-6961-49c7-8b35-578b4ec849fe;378.49;0.01;BUY
2016-01-31T00:06:30.550000;2016-01-31T00:06:30.690000;87f2440b-f0d3-4e31-b8f7-8df6a728fa1b;378.5;0.01;BUY
2016-01-31T00:06:30.550000;2016-01-31T00:06:30.703000;5d65e4b7-20be-4bfd-9460-042aba81678c;378.51;0.01;BUY
2016-01-31T00:06:30.550000;2016-01-31T00:06:30.703000;ce84c5fe-dfea-4083-97e5-e26c0e7a8087;378.53;0.01;BUY
2016-01-31T00:06:30.550000;2016-01-31T00:06:30.703000;2184146c-6d9d-4646-bfa0-279bdbdbd13c;378.54;0.01;BUY
2016-01-31T00:06:30.550000;2016-01-31T00:06:30.703000;5b235446-a480-4af9-a198-35cba7c411cd;378.55;0.01;BUY
2016-01-31T00:06:30.550000;2016-01-31T00:06:30.703000;17be6ca9-ffc4-4111-a597-5bb84b77da1e;378.55;0.01;BUY
2016-01-31T00:06:30.550000;2016-01-31T00:06:30.720000;8a262e18-15bd-4bc9-9a17-2cba833ccc91;378.55;0.01;BUY
2016-01-31T00:06:30.550000;2016-01-31T00:06:30.720000;3a40ae8e-f893-4f61-81d9-860327a17462;378.56;0.01;BUY
2016-01-31T00:06:30.550000;2016-01-31T00:06:30.720000;8f7251e0-5d58-42c3-b43e-4cb0e06dfbd7;378.57;0.01;BUY
2016-01-31T00:06:30.553000;2016-01-31T00:06:30.720000;1af420fb-3787-4820-a825-643b227eb3d9;378.57;0.01;BUY
2016-01-31T00:06:30.553000;2016-01-31T00:06:30.720000;8f56a572-b925-44d4-add4-b1625ed6288d;378.58;0.01;BUY
2016-01-31T00:06:30.553000;2016-01-31T00:06:30.720000;7113a5ed-f702-4a3c-8302-66d9202b75d2;378.58;0.01;BUY
2016-01-31T00:06:30.553000;2016-01-31T00:06:30.720000;70e8c4c7-c37d-4fee-968f-b78e34c81b4e;378.59;0.01;BUY
2016-01-31T00:06:30.553000;2016-01-31T00:06:30.720000;a1cdc5f5-1b6a-4a0b-9999-4a3bb4f5cd98;378.59;0.01;BUY
2016-01-31T00:06:30.553000;2016-01-31T00:06:30.720000;96a0f722-f888-40e3-a3f1-dddd4c1b05e1;378.61;0.01;BUY
2016-01-31T00:06:30.553000;2016-01-31T00:06:30.720000;7c9b6648-683d-4c8b-99f5-773196cb723a;378.68;0.01;BUY
2016-01-31T00:06:30.553000;2016-01-31T00:06:30.720000;7f08f749-0fea-4f7e-a4bc-3a4bee2d35ae;378.68;0.01;BUY
2016-01-31T00:06:30.553000;2016-01-31T00:06:30.720000;ed85f17c-03da-4b0f-bebc-a371d42f0456;378.68;1.144;BUY
2016-01-31T00:06:30.553000;2016-01-31T00:06:30.720000;93d26213-ad7b-44ec-b38c-8888ff13c0d7;378.69;0.01;BUY
2016-01-31T00:06:30.553000;2016-01-31T00:06:30.720000;13ad65a2-488e-487c-a715-755aee79ab2a;378.69;0.01;BUY
2016-01-31T00:06:30.553000;2016-01-31T00:06:30.720000;e5d5fa08-6576-4b90-81fe-46a7b34b2764;378.7;0.01;BUY
2016-01-31T00:06:30.553000;2016-01-31T00:06:30.720000;508bff81-cb27-4a36-902d-e0ec76272543;378.72;1.135;BUY
2016-01-31T00:06:30.553000;2016-01-31T00:06:30.720000;a383290e-5e4e-4397-8409-89f80ea3ff66;378.75;1.147;BUY
2016-01-31T00:06:30.553000;2016-01-31T00:06:30.720000;7c41e5c5-e1e0-4cb5-aed3-11e1b6ea1ffc;378.78;0.01;BUY
2016-01-31T00:06:30.553000;2016-01-31T00:06:30.720000;c62de06d-b9be-4d05-b93d-a1a20f8d1a68;378.78;0.43889657;BUY
2016-01-31T00:07:00.637000;2016-01-31T00:07:00.673000;32088038-b867-4e1d-a19f-7f14a37fa4ea;378.72;0.01;BUY
2016-01-31T00:07:00.637000;2016-01-31T00:07:00.673000;641cf4cb-90b4-4c3a-9583-cff92394836d;378.73;0.01;BUY
2016-01-31T00:07:00.637000;2016-01-31T00:07:00.690000;eacb51f4-8b9d-47fd-b786-452108a6fd43;378.73;0.01;BUY
2016-01-31T00:07:00.637000;2016-01-31T00:07:00.690000;967767ec-cc0a-4906-829d-b7c4e3f96e36;378.74;0.01;BUY
2016-01-31T00:07:00.640000;2016-01-31T00:07:00.690000;7bc34048-4f78-4569-b24a-beb1732da45a;378.74;0.01;BUY
2016-01-31T00:07:00.640000;2016-01-31T00:07:00.813000;8f86402d-6ff0-4c79-bd6b-e299748badab;378.75;0.01;BUY
2016-01-31T00:07:00.640000;2016-01-31T00:07:00.813000;baa5ad47-b746-46af-aba7-5c185de72421;378.76;0.01;BUY
2016-01-31T00:07:00.640000;2016-01-31T00:07:00.813000;f8979b94-c0ac-43fc-bac4-c23381dd8f9c;378.76;0.01;BUY
2016-01-31T00:07:00.640000;2016-01-31T00:07:00.813000;d4e2e631-af29-4d45-80f9-15a6a3922c25;378.77;0.01;BUY
2016-01-31T00:07:00.640000;2016-01-31T00:07:00.813000;b3eb685d-11b2-4e2b-8684-12310ddb1f08;378.77;0.01;BUY
2016-01-31T00:07:00.640000;2016-01-31T00:07:00.813000;901bba90-3b4d-4007-b9cc-3823a5094705;378.79;0.01;BUY
2016-01-31T00:07:00.640000;2016-01-31T00:07:00.813000;8639206a-89a0-45ec-b52f-e85ff16f77d1;378.8;0.01;BUY
2016-01-31T00:07:00.640000;2016-01-31T00:07:00.813000;a65514de-6062-4368-9bce-6abcab0b65e6;378.81;0.01;BUY
2016-01-31T00:07:00.640000;2016-01-31T00:07:00.813000;d7427c9d-2493-41a4-941c-78994d80adb8;378.82;0.01;BUY
2016-01-31T00:07:00.640000;2016-01-31T00:07:00.813000;9e197c99-26db-4ddb-8ed7-e2837f9c7be1;378.83;0.01;BUY
2016-01-31T00:07:00.640000;2016-01-31T00:07:00.813000;72e6c983-e38d-4f11-ab73-95aecf4fc36f;378.83;0.0503;BUY
2016-01-31T00:07:30.773000;2016-01-31T00:07:30.800000;8eef483f-20b4-4fef-82a1-360ac1cc9911;378.83;0.02944;BUY
2016-01-31T00:08:00.640000;2016-01-31T00:08:00.657000;ebe400ba-832c-4a7a-b483-cbbd75a9dbea;378.83;0.17026;BUY
2016-01-31T00:08:00.640000;2016-01-31T00:08:00.673000;16273585-21df-49be-ab89-1af450124a29;378.84;0.0059;BUY
2016-01-31T00:08:30.603000;2016-01-31T00:08:30.627000;4c918f43-43ca-4dfe-a6f1-9736166ff50d;378.84;0.0041;BUY
2016-01-31T00:08:30.607000;2016-01-31T00:08:30.643000;5d4b960d-7411-43b2-83cd-5ba00e9e978a;378.85;0.01;BUY
2016-01-31T00:08:30.607000;2016-01-31T00:08:30.643000;05237e83-6552-47ca-a1ba-df33524edcd2;378.86;0.01;BUY
2016-01-31T00:08:30.607000;2016-01-31T00:08:30.643000;1628c455-ac6f-41fc-8a91-d0f455947d74;378.87;0.01;BUY
2016-01-31T00:08:30.607000;2016-01-31T00:08:30.643000;d269ecff-6f8f-4eed-b97b-6c2c7e85fcde;378.88;0.01;BUY
2016-01-31T00:08:30.607000;2016-01-31T00:08:30.753000;a2be76e2-b721-4750-9dbf-9f71ccedc53d;378.88;0.01;BUY
2016-01-31T00:08:30.607000;2016-01-31T00:08:30.753000;6b578564-6416-4ae0-b0b0-9bb7aa37f05b;378.88;0.01;BUY
2016-01-31T00:08:30.607000;2016-01-31T00:08:30.753000;e8f01a62-a0d0-45f2-897c-1e91f6ccdc5d;378.9;0.01;BUY
2016-01-31T00:08:30.607000;2016-01-31T00:08:30.753000;46bc393d-bb83-483e-923c-55df210cc1cf;378.9;0.01;BUY
2016-01-31T00:08:30.607000;2016-01-31T00:08:30.753000;61b9cc80-d2ed-494a-9ef6-dd036f26d702;378.92;0.02;BUY
2016-01-31T00:08:30.607000;2016-01-31T00:08:30.753000;47e922e3-900a-4e6c-a77a-f68ead4ac842;378.94;0.28;BUY
2016-01-31T00:08:30.607000;2016-01-31T00:08:30.753000;19e91629-a667-471a-bb66-753b7242c792;378.97;0.88988;BUY
2016-01-31T00:09:00.687000;2016-01-31T00:09:00.707000;1290dadb-a9e5-47c4-adbb-15f8c377b27b;378.97;0.01;BUY
2016-01-31T00:09:00.690000;2016-01-31T00:09:00.737000;d9927146-5c1d-4a70-a129-b6152874848c;378.97;0.01;BUY
2016-01-31T00:09:00.690000;2016-01-31T00:09:00.737000;9e2f383b-babb-414b-b952-277a4eb6e2ca;378.98;0.01;BUY
2016-01-31T00:09:00.690000;2016-01-31T00:09:00.737000;52330f11-6b1c-4890-b74d-66d89f0ac903;378.98;0.01;BUY
2016-01-31T00:09:00.690000;2016-01-31T00:09:00.737000;2e1c9dcd-c431-45a0-91de-cb32ff98f005;378.99;0.01;BUY
2016-01-31T00:09:00.690000;2016-01-31T00:09:00.847000;2232f6a3-4a60-42f7-a853-efe639548f5b;378.99;0.01;BUY
2016-01-31T00:09:00.690000;2016-01-31T00:09:00.847000;42213e28-b588-48cf-90c4-f13d07578a89;379.0;0.01;BUY
2016-01-31T00:09:00.690000;2016-01-31T00:09:00.847000;92f4acf8-9597-4b23-b31d-2a9b4b61fc87;379.02;0.02;BUY
2016-01-31T00:09:00.690000;2016-01-31T00:09:00.847000;877a8835-263a-4a5e-a299-8b7276a4a096;379.07;0.01;BUY
2016-01-31T00:09:00.690000;2016-01-31T00:09:00.847000;ce077733-a715-4ffb-9746-340bb08d1041;379.08;0.01;BUY
2016-01-31T00:09:00.690000;2016-01-31T00:09:00.847000;2f436148-3746-47aa-897a-2fd0ce61ed98;379.08;0.115;BUY
2016-01-31T00:09:00.690000;2016-01-31T00:09:00.847000;31da6fa2-f41a-4c66-b5d4-72f2ecd0f531;379.09;0.01;BUY
2016-01-31T00:09:00.690000;2016-01-31T00:09:00.847000;14ab9777-33cd-44d1-9637-acda97d12c36;379.1;0.105;BUY
2016-01-31T00:09:00.690000;2016-01-31T00:09:00.847000;eb58f480-0c5c-4def-91d5-bc3e6033153f;379.12;0.08;BUY
2016-01-31T00:09:00.690000;2016-01-31T00:09:00.847000;ed3ca5d4-8c67-4a3e-844e-7893daa11ad8;379.13;0.05198;BUY
2016-01-31T00:10:00.630000;2016-01-31T00:10:00.643000;80182485-6eb4-49d1-974b-008de86168f4;379.15;0.01;BUY
2016-01-31T00:10:00.630000;2016-01-31T00:10:00.673000;1e94d7a2-e66b-48d9-92ec-bb97cde98689;379.15;0.01;BUY
2016-01-31T00:10:00.630000;2016-01-31T00:10:00.673000;338b6457-6754-46ca-a7df-92242a882dad;379.15;0.073;BUY
2016-01-31T00:10:00.630000;2016-01-31T00:10:00.673000;a55a4517-93c2-46a9-9d3c-9f4a9dbe50ad;379.16;0.01;BUY
2016-01-31T00:10:00.630000;2016-01-31T00:10:00.673000;804f5ba4-20d6-48ce-a7f4-4d195cc65acb;379.16;0.01;BUY
2016-01-31T00:10:00.630000;2016-01-31T00:10:00.690000;197958fa-00e0-4984-abb9-f41ce84db3b1;379.17;0.01;BUY
2016-01-31T00:10:00.630000;2016-01-31T00:10:00.690000;7cf168f8-cbbc-4715-9e8e-9d244495acc7;379.18;0.093;BUY
2016-01-31T00:10:00.630000;2016-01-31T00:10:00.767000;7082f961-6b5a-48cb-9def-c3b76592ae01;379.21;0.01;BUY
2016-01-31T00:10:00.630000;2016-01-31T00:10:00.783000;ba096f62-030e-482d-a32f-667c5ec983d9;379.21;0.010025;BUY
2016-01-31T00:10:00.630000;2016-01-31T00:10:00.783000;df87a8fa-dcde-41ad-ba44-81dd4fbc7b95;379.21;0.107;BUY
2016-01-31T00:10:00.630000;2016-01-31T00:10:00.783000;69bd972b-9aaa-46f4-932e-9586f1f64f38;379.22;0.01;BUY
2016-01-31T00:10:00.630000;2016-01-31T00:10:00.783000;89c4903d-df92-4b3e-8779-33e0765c1d36;379.22;0.02;BUY
2016-01-31T00:10:00.630000;2016-01-31T00:10:00.783000;57d0649c-5a33-4756-94e5-255b1eca489e;379.22;1.148455;BUY
2016-01-31T00:11:00.627000;2016-01-31T00:11:00.643000;2498c6e8-f645-4b8f-bb42-c1dfd65ebfce;379.13;0.01158;SELL
2016-01-31T00:11:31.120000;2016-01-31T00:11:31.173000;5cde71c7-7189-4e81-8a0c-e3cdbd64689f;379.14;1.11;BUY
2016-01-31T00:11:31.120000;2016-01-31T00:11:31.190000;237e7e81-fc75-48a4-a470-185b17bb16f6;379.15;1.066;BUY
2016-01-31T00:11:31.120000;2016-01-31T00:11:31.190000;9e544395-17a9-4b3f-9b1c-09b3b0a95d87;379.17;1.081;BUY
2016-01-31T00:11:31.120000;2016-01-31T00:11:31.190000;d67dfa6c-2722-48e6-95e2-a9988763393f;379.2;1.039;BUY
2016-01-31T00:11:31.120000;2016-01-31T00:11:31.190000;0e28c172-0d20-453b-a265-21fdd5d4ff66;379.22;0.13;BUY
2016-01-31T00:11:31.120000;2016-01-31T00:11:31.207000;ff2fce35-c101-46a4-96d5-06fd47e3d351;379.23;1.054;BUY
2016-01-31T00:11:31.120000;2016-01-31T00:11:31.207000;8e413e70-48a9-49e8-8e92-b9d67271ddb3;379.23;19.29;BUY
2016-01-31T00:11:31.120000;2016-01-31T00:11:31.207000;7d9572b1-63aa-4d0c-8b41-0a39959cb34c;379.24;2.78;BUY
2016-01-31T00:11:31.123000;2016-01-31T00:11:31.207000;4dbc0dd9-58a3-4a60-8cda-c5cda45919e0;379.25;22.45;BUY
2016-01-31T00:12:00.633000;2016-01-31T00:12:00.690000;383d5e5b-5bff-4a09-a720-908131553e49;379.17;0.758;BUY
2016-01-31T00:12:00.633000;2016-01-31T00:12:00.707000;f0a71660-93f8-438c-b8d6-b0ca37346b72;379.2;0.814;BUY
2016-01-31T00:12:00.633000;2016-01-31T00:12:00.707000;faa1518e-a8d5-4a1a-a27c-175528a7bdcd;379.23;0.764;BUY
2016-01-31T00:12:00.633000;2016-01-31T00:12:00.720000;e5c0bd22-ba78-4202-adda-63bf4f2d6127;379.24;5.91;BUY
2016-01-31T00:12:00.633000;2016-01-31T00:12:00.720000;a823f748-ee6b-47b9-88be-6901f170d192;379.25;2.55;BUY
2016-01-31T00:12:00.633000;2016-01-31T00:12:00.720000;3cdd1044-5cf8-45b8-9ac9-2e974d568436;379.26;1.099;BUY
2016-01-31T00:12:00.633000;2016-01-31T00:12:00.720000;64b8bfe0-7173-4186-9287-93e4060ea2db;379.29;0.01;BUY
2016-01-31T00:12:00.633000;2016-01-31T00:12:00.720000;f7024d2a-9441-4482-8388-125f2596f80f;379.29;1.08;BUY
2016-01-31T00:12:00.633000;2016-01-31T00:12:00.720000;cdec512f-f9fa-4ae1-9f75-e3362819e08b;379.32;0.02;BUY
2016-01-31T00:12:00.633000;2016-01-31T00:12:00.720000;069da86a-bc36-45de-afcc-c66be30f6707;379.32;1.062;BUY
2016-01-31T00:12:00.633000;2016-01-31T00:12:00.720000;587cb8e0-101c-4a85-acfe-906f0c656189;379.35;1.068;BUY
2016-01-31T00:12:00.633000;2016-01-31T00:12:00.720000;ed6079ae-f8ef-4bfc-b973-bb71115123af;379.38;1.062;BUY
2016-01-31T00:12:00.633000;2016-01-31T00:12:00.720000;0abdc507-5004-43ca-9868-da3770853d6b;379.39;0.01;BUY
2016-01-31T00:12:00.633000;2016-01-31T00:12:00.720000;414d2ef6-4fd3-4cc2-a642-f7d0ba77734e;379.4;0.01;BUY
2016-01-31T00:12:00.633000;2016-01-31T00:12:00.753000;f6d0f769-b503-4589-aab0-384b339859bc;379.41;1.089;BUY
2016-01-31T00:12:00.633000;2016-01-31T00:12:00.767000;4ded678b-6891-47e3-8c42-a20bf4853880;379.42;0.02;BUY
2016-01-31T00:12:00.633000;2016-01-31T00:12:00.767000;05b84af5-057e-4753-9772-d5cf55f2e755;379.43;0.01;BUY
2016-01-31T00:12:00.633000;2016-01-31T00:12:00.767000;97743858-556e-46aa-b11f-66a1462ad21d;379.43;0.01;BUY
2016-01-31T00:12:00.633000;2016-01-31T00:12:00.767000;fc9744f5-a4e7-45be-a1fe-6cee4c470afa;379.44;0.01;BUY
2016-01-31T00:12:00.633000;2016-01-31T00:12:00.767000;25634244-b61a-4c85-a189-fbe1c3a00cec;379.44;0.01;BUY
2016-01-31T00:12:00.637000;2016-01-31T00:12:00.767000;e5fcdfa6-7110-45fb-b8a6-70e81da15030;379.44;1.079;BUY
2016-01-31T00:12:00.637000;2016-01-31T00:12:00.767000;6b5f89f9-a1a2-4282-90ee-c2f9ab09a311;379.45;0.01;BUY
2016-01-31T00:12:00.637000;2016-01-31T00:12:00.767000;7420b266-7bab-4014-9f50-0f50d0dcaec6;379.46;0.01;BUY
2016-01-31T00:12:00.637000;2016-01-31T00:12:00.767000;450985f8-0935-48ee-85f1-f4592669af1d;379.46;0.01;BUY
2016-01-31T00:12:00.637000;2016-01-31T00:12:00.783000;58b6718b-33d8-4182-8889-e04e84aa3b91;379.47;0.01;BUY
2016-01-31T00:12:00.637000;2016-01-31T00:12:00.783000;393def5d-8c6b-4186-b0fb-b83c05d3a212;379.47;0.01;BUY
2016-01-31T00:12:00.637000;2016-01-31T00:12:00.783000;649f531d-b80d-403a-b454-34f286aec455;379.47;1.052;BUY
2016-01-31T00:12:00.637000;2016-01-31T00:12:00.783000;4287d9e5-fd1d-47d2-997e-d78897656164;379.48;0.01;BUY
2016-01-31T00:12:00.637000;2016-01-31T00:12:00.783000;662297e6-1ff0-4271-9247-6a4310b95ad9;379.49;0.01;BUY
2016-01-31T00:12:00.637000;2016-01-31T00:12:00.783000;355cdfff-11d6-44bf-85ff-854822ea3c05;379.5;1.106;BUY
2016-01-31T00:12:00.637000;2016-01-31T00:12:00.783000;4cd990a2-74dc-4344-826c-d5991a68f39c;379.52;0.02;BUY
2016-01-31T00:12:00.637000;2016-01-31T00:12:00.783000;4ffdc3e2-9bf7-4288-bab7-cbcba24ca1ff;379.53;0.784;BUY
2016-01-31T00:12:00.637000;2016-01-31T00:12:00.783000;9aacd6d7-fd0e-4c59-974f-208f71bcb400;379.54;0.02;BUY
2016-01-31T00:12:00.637000;2016-01-31T00:12:00.783000;3a9b44ef-2b8e-4330-ad7a-04a5b9c01943;379.56;0.78;BUY
2016-01-31T00:12:00.637000;2016-01-31T00:12:00.800000;ee6c941e-4983-4583-88ad-2c37d90155c5;379.57;0.01;BUY
2016-01-31T00:12:00.637000;2016-01-31T00:12:00.800000;ae7b9b16-011b-4f8d-bcc8-c4f59b180077;379.57;0.01;BUY
2016-01-31T00:12:00.637000;2016-01-31T00:12:00.800000;e2c7f3a7-18ce-470b-b181-95ec56a0a20c;379.59;0.765;BUY
2016-01-31T00:12:00.637000;2016-01-31T00:12:00.800000;61d9ae15-e448-476c-bb69-ec1845409a37;379.62;0.02;BUY
2016-01-31T00:12:00.637000;2016-01-31T00:12:00.800000;25e57701-e716-4c40-bd58-dd4ce80c80af;379.62;0.01;BUY
2016-01-31T00:12:00.637000;2016-01-31T00:12:00.800000;80e980bd-e8e5-4908-86d4-8315fa15e10b;379.62;0.76;BUY
2016-01-31T00:12:00.637000;2016-01-31T00:12:00.800000;aae6a4a5-c8f3-4f4b-b653-7e37df800da1;379.64;0.01;BUY
2016-01-31T00:12:00.637000;2016-01-31T00:12:00.800000;0b62e421-0aa8-4eb3-b58e-20e48c0b454f;379.67;0.01;BUY
2016-01-31T00:12:00.637000;2016-01-31T00:12:00.800000;1895ad12-248b-4a17-a168-9aaf7fc69b16;379.67;0.01;BUY
2016-01-31T00:12:00.637000;2016-01-31T00:12:00.800000;99758430-e24b-49d7-bd27-927108398b7d;379.68;0.01;BUY
2016-01-31T00:12:00.640000;2016-01-31T00:12:00.813000;17c7e1b2-86ed-4623-97aa-609bd6128325;379.68;0.01;BUY
2016-01-31T00:12:00.640000;2016-01-31T00:12:00.813000;b7713e1b-0654-495e-9609-c74b98a052d9;379.69;0.01;BUY
2016-01-31T00:12:00.640000;2016-01-31T00:12:00.813000;4a85ff51-7fca-437c-9855-a261a2f48f55;379.69;0.01;BUY
2016-01-31T00:12:00.640000;2016-01-31T00:12:00.813000;14d6fb1b-1ce9-4c8a-ba0a-a5c0f921d01c;379.7;0.01;BUY
2016-01-31T00:12:00.640000;2016-01-31T00:12:00.813000;77c76163-400a-42ae-ae9b-d194e8ca81ab;379.7;0.01;BUY
2016-01-31T00:12:00.640000;2016-01-31T00:12:00.813000;25a734e7-f81c-449e-822d-ae6a36e0835c;379.7;4.17;BUY
2016-01-31T00:12:00.640000;2016-01-31T00:12:00.813000;2a390ce8-7c01-4c2d-a194-dfe1fc210fc1;379.71;0.01;BUY
2016-01-31T00:12:00.640000;2016-01-31T00:12:00.813000;8bef423b-a427-4a79-a7fc-c5571341c8aa;379.71;0.01;BUY
2016-01-31T00:12:00.640000;2016-01-31T00:12:00.813000;b1fdb798-53f6-4ed1-a0ca-57c89baa3527;379.72;0.02;BUY
2016-01-31T00:12:00.640000;2016-01-31T00:12:00.813000;e1be60d3-fa70-4eb0-90d1-c29f44d4586b;379.73;0.01;BUY
2016-01-31T00:12:00.640000;2016-01-31T00:12:00.813000;7d020f04-596d-4f9f-b9f1-6a16aebbbf3d;379.73;4.457;BUY
2016-01-31T00:12:00.640000;2016-01-31T00:12:00.813000;c02ad7b3-21e6-4921-9dcf-ae32fcfcb423;379.76;0.01;BUY
2016-01-31T00:12:00.640000;2016-01-31T00:12:00.813000;a86af46c-84d7-4e03-a578-f4d17fd82d4c;379.76;0.01;BUY
2016-01-31T00:12:00.640000;2016-01-31T00:12:00.813000;9a4ae3c3-1762-4b0b-9b75-076a33b1e1dc;379.78;0.01;BUY
2016-01-31T00:12:00.640000;2016-01-31T00:12:00.813000;ca0b44bb-80db-413f-a926-c4501c13bd7b;379.79;0.01;BUY
2016-01-31T00:12:00.643000;2016-01-31T00:12:00.830000;d9e7d110-ef7e-43b6-a7ae-d4a4bf4c5873;379.8;0.01;BUY
2016-01-31T00:12:00.643000;2016-01-31T00:12:00.830000;2c12d21f-03aa-4fb9-86f7-44ca4fb01740;379.81;0.01;BUY
2016-01-31T00:12:00.643000;2016-01-31T00:12:00.830000;cf298c45-08f4-47d8-a8e0-da748667b806;379.82;0.01;BUY
2016-01-31T00:12:00.643000;2016-01-31T00:12:00.830000;2de9a115-13fd-4a82-bcb6-77281efd517f;379.83;0.01;BUY
2016-01-31T00:12:00.643000;2016-01-31T00:12:00.830000;4a1e141e-e96a-4ee4-8af6-3a0de6673960;379.84;0.01;BUY
2016-01-31T00:12:00.643000;2016-01-31T00:12:00.830000;397f533a-4474-4c62-9c44-55512512c1e9;379.84;0.01;BUY
2016-01-31T00:12:00.643000;2016-01-31T00:12:00.830000;2d322596-b0e9-4376-9429-69aef510cc39;379.86;0.01;BUY
2016-01-31T00:12:00.643000;2016-01-31T00:12:00.847000;a380e742-1d43-4f83-b44e-e67d5e58fb1b;379.86;0.01;BUY
2016-01-31T00:12:00.643000;2016-01-31T00:12:00.847000;63bbeca1-90e2-49cb-a13c-e8767474eeb2;379.88;0.01;BUY
2016-01-31T00:12:00.643000;2016-01-31T00:12:00.847000;978d18d8-cf54-4441-aac6-0abff97e6277;379.88;0.01;BUY
2016-01-31T00:12:00.643000;2016-01-31T00:12:00.847000;528132eb-2ec9-4b82-99b5-943fd970acd8;379.9;0.01;BUY
2016-01-31T00:12:00.643000;2016-01-31T00:12:00.847000;46bbf811-d009-45d0-9002-2f2c2afc7fd5;379.9;0.01;BUY
2016-01-31T00:12:00.643000;2016-01-31T00:12:00.847000;9e561d8c-1850-443b-8f55-594fe6bb09b5;379.9;0.01;BUY
2016-01-31T00:12:00.643000;2016-01-31T00:12:00.863000;b4c05b6e-3f0b-4aad-baf8-179c1d1a49b5;379.9;2.0;BUY
2016-01-31T00:12:00.643000;2016-01-31T00:12:00.863000;124c18ca-f363-44bc-9ad3-aee8a827b585;379.91;0.11561;BUY
2016-01-31T00:12:30.623000;2016-01-31T00:12:30.673000;d30eeb5a-d016-49a6-8be9-d680539a41ee;379.39;0.01;SELL
2016-01-31T00:12:30.623000;2016-01-31T00:12:30.690000;139793a2-c291-4553-ab77-be6ee364f278;379.38;0.00258;SELL
2016-01-31T00:13:00.673000;2016-01-31T00:13:00.720000;9f67afad-affa-4932-8c0b-d7b160161030;379.43;0.02129;BUY
2016-01-31T00:13:31.980000;2016-01-31T00:13:32.017000;f354ddf2-86a5-4ccb-ad8a-c90ef2b17400;379.46;0.115;BUY
2016-01-31T00:13:31.980000;2016-01-31T00:13:32.017000;6a525290-d38d-4246-82a9-c38f114942c3;379.49;0.089;BUY
2016-01-31T00:13:31.980000;2016-01-31T00:13:32.033000;dac85afd-f39c-4ead-88b2-dc5eec801ae4;379.5;0.01;BUY
2016-01-31T00:13:31.980000;2016-01-31T00:13:32.033000;61c42ed7-90b9-4f68-9590-ee7273d06848;379.51;0.01;BUY
2016-01-31T00:13:31.980000;2016-01-31T00:13:32.050000;21b519ee-b567-434f-96a8-5501088cec0f;379.51;0.01;BUY
2016-01-31T00:13:31.980000;2016-01-31T00:13:32.050000;a7b11e66-fbe7-49d2-ab1f-c159ad80bd77;379.52;0.01;BUY
2016-01-31T00:13:31.980000;2016-01-31T00:13:32.050000;38e45803-077f-455a-b4f9-072ef2902b86;379.52;0.01;BUY
2016-01-31T00:13:31.980000;2016-01-31T00:13:32.050000;77cbe659-6b1e-4cb0-9d7f-58ad61633d29;379.52;0.096;BUY
2016-01-31T00:13:31.980000;2016-01-31T00:13:32.050000;3d92a69c-9bdd-4366-99d1-be5478aacf48;379.55;0.076;BUY
2016-01-31T00:13:31.980000;2016-01-31T00:13:32.050000;f5799310-a58d-4968-a2f8-06adabe8413d;379.55;0.63306;BUY
2016-01-31T00:14:00.750000;2016-01-31T00:14:00.783000;12648cff-c0ea-41cd-819b-f0ba0788a34f;379.54;0.129;BUY
2016-01-31T00:14:00.750000;2016-01-31T00:14:00.800000;fe9a806c-2a7d-4ccc-ae4c-84ba4ac41b93;379.57;0.01;BUY
2016-01-31T00:14:00.750000;2016-01-31T00:14:00.800000;0225240f-6765-4021-8968-f91e14d87bc5;379.57;0.11;BUY
2016-01-31T00:14:00.750000;2016-01-31T00:14:00.817000;63ce1cc0-1aa4-43ff-a97f-75952884c78c;379.6;0.112;BUY
2016-01-31T00:14:00.750000;2016-01-31T00:14:00.817000;a9bd0f4e-97ac-4825-a147-10960af98db5;379.63;0.01;BUY
2016-01-31T00:14:00.750000;2016-01-31T00:14:00.817000;b0b1a562-4da3-4389-9acc-546266cbbbfb;379.63;0.112;BUY
2016-01-31T00:14:00.750000;2016-01-31T00:14:00.817000;0ab67632-026e-467f-9ea0-6fda8efe3365;379.64;0.01;BUY
2016-01-31T00:14:00.753000;2016-01-31T00:14:00.817000;ce48345a-462b-4f12-99cc-56f111cf9621;379.66;0.101;BUY
2016-01-31T00:14:00.753000;2016-01-31T00:14:00.817000;4a73846c-fe5a-490f-8a1f-6733b7601297;379.69;0.078;BUY
2016-01-31T00:14:00.753000;2016-01-31T00:14:00.847000;95fc32eb-8d2e-4572-81b5-cc6a624cc536;379.71;0.63675;BUY
2016-01-31T00:14:09.900000;2016-01-31T00:14:09.940000;a9995bb8-5dd0-4fc9-9603-bc35e5127046;379.63;0.09374001;BUY
2016-01-31T00:14:30.743000;2016-01-31T00:14:30.783000;5cb7d7b0-f163-48aa-9050-96eef6536b6d;379.62;0.25;BUY
2016-01-31T00:14:30.743000;2016-01-31T00:14:30.783000;c30bad26-f7d6-4f76-8cae-8f0cdd42b42c;379.62;0.099;BUY
2016-01-31T00:14:30.743000;2016-01-31T00:14:30.783000;b8823b27-cbec-4092-967d-891897f10731;379.72;0.01537;BUY
2016-01-31T00:14:34.217000;2016-01-31T00:14:34.253000;17be773e-d1a2-482a-be91-779150f18185;379.73;0.070257;BUY
2016-01-31T00:15:00.777000;2016-01-31T00:15:00.817000;c20655b6-906c-44da-b13b-7e9885dad9fd;379.66;0.01;SELL
2016-01-31T00:15:00.777000;2016-01-31T00:15:00.847000;313b88c1-b73a-44b7-b3b8-a54519ded7ca;379.65;0.01;SELL
2016-01-31T00:15:00.777000;2016-01-31T00:15:00.847000;8e57d5bf-7e92-45f6-a2f1-32e45e97e739;379.58;0.01;SELL
2016-01-31T00:15:00.777000;2016-01-31T00:15:00.847000;d5aae6c3-5782-4e8a-8fe7-e3edaba80045;379.56;0.06622;SELL
2016-01-31T00:15:30.687000;2016-01-31T00:15:30.753000;b55dcb73-4805-443b-9922-3aa6611ed12b;379.69;0.13;SELL
2016-01-31T00:15:30.687000;2016-01-31T00:15:30.767000;2cc4811f-b510-4b77-9189-586b4fdca136;379.68;0.391;SELL
2016-01-31T00:15:30.687000;2016-01-31T00:15:30.767000;cf82dd36-1a05-4d38-8356-5f3a70216c20;379.67;1.03094578;SELL
2016-01-31T00:15:30.687000;2016-01-31T00:15:30.767000;b6d3f507-614e-4700-beaf-b9313d3686de;379.67;0.3090447;SELL
2016-01-31T00:15:30.687000;2016-01-31T00:15:30.783000;dd3dc7a4-cf9c-4a5e-bc52-89c561190772;379.59;0.31;SELL
2016-01-31T00:15:30.687000;2016-01-31T00:15:30.783000;b069d381-8a12-455d-9472-88dd34d79dd3;379.56;0.077;SELL
2016-01-31T00:15:30.690000;2016-01-31T00:15:30.783000;1ea8fa5d-13d0-4c2e-afe7-c5de5237c041;379.55;0.109;SELL
2016-01-31T00:15:30.690000;2016-01-31T00:15:30.783000;7367e444-fa33-45b9-9c04-ab8013b1fe5e;379.54;0.087;SELL
2016-01-31T00:15:30.690000;2016-01-31T00:15:30.783000;0dbf878d-e1c5-49cf-874e-a5f48c9a4a30;379.53;0.103;SELL
2016-01-31T00:15:30.690000;2016-01-31T00:15:30.783000;356ee99b-e3fa-43d6-ac41-f4bdd34f1704;379.52;0.104;SELL
2016-01-31T00:15:30.690000;2016-01-31T00:15:30.783000;ea47e8a1-a203-4fbc-ab2b-f180d7fc17eb;379.49;0.01;SELL
2016-01-31T00:15:30.690000;2016-01-31T00:15:30.783000;7f5e0ff2-6545-43ab-be5a-27cec9aeffae;379.49;0.121;SELL
2016-01-31T00:15:30.690000;2016-01-31T00:15:30.783000;12b4eea0-10b3-4ade-bd4b-2724fdcdae9e;379.44;0.329;SELL
2016-01-31T00:15:30.690000;2016-01-31T00:15:30.800000;441143fe-cb74-43af-9b19-7d3c41a90636;379.43;0.01;SELL
2016-01-31T00:15:30.690000;2016-01-31T00:15:30.800000;7b213c42-d3e1-4c43-9637-d1630f7825c1;379.41;0.01;SELL
2016-01-31T00:15:30.690000;2016-01-31T00:15:30.800000;1277fc62-7be6-4e50-9078-413ddbd4a304;379.41;0.344;SELL
2016-01-31T00:15:30.690000;2016-01-31T00:15:30.800000;8cfffe69-a9df-458f-9563-546cb21984a0;379.39;0.01;SELL
2016-01-31T00:15:30.690000;2016-01-31T00:15:30.817000;cc0055f9-72a6-44da-b054-bf77540f4189;379.38;0.00742;SELL
2016-01-31T00:15:30.690000;2016-01-31T00:15:30.817000;d1e29fff-f84e-4318-a500-ddde989c8b28;379.38;0.01;SELL
2016-01-31T00:15:30.690000;2016-01-31T00:15:30.817000;27f4e96a-d449-4c1d-b7e8-9b9248392975;379.38;0.01;SELL
2016-01-31T00:15:30.690000;2016-01-31T00:15:30.817000;5dbf173d-973a-44a9-8e14-6caa2bd4df1c;379.38;0.01;SELL
2016-01-31T00:15:30.690000;2016-01-31T00:15:30.817000;89227e3e-b0c3-416b-9777-bd84391b3344;379.38;0.01;SELL
2016-01-31T00:15:30.690000;2016-01-31T00:15:30.817000;43307c6f-1199-4658-877e-a1a6e46be677;379.37;0.135;SELL
2016-01-31T00:15:30.693000;2016-01-31T00:15:30.817000;0188e971-b7ac-4806-ad24-d5b0ade90d50;379.34;0.119;SELL
2016-01-31T00:15:30.693000;2016-01-31T00:15:30.817000;fd0ce698-1e86-4f35-8d18-706703f7e3c7;379.28;0.01;SELL
2016-01-31T00:15:30.693000;2016-01-31T00:15:30.817000;407fef2c-d822-4146-98df-5fa0d9d996f4;379.26;0.257;SELL
2016-01-31T00:15:30.693000;2016-01-31T00:15:30.817000;0a1ec81c-d1b2-4002-8037-adc75e5d25e5;379.23;0.01;SELL
2016-01-31T00:15:30.693000;2016-01-31T00:15:30.817000;864b4d0e-4ce1-4c0b-9681-8aeed0ea5c8f;379.23;0.01;SELL
2016-01-31T00:15:30.693000;2016-01-31T00:15:30.817000;28baaf4d-f236-4510-a42a-899774ff87ca;379.23;0.01;SELL
2016-01-31T00:15:30.693000;2016-01-31T00:15:30.863000;f1623624-b473-431a-9f38-009aaa501158;379.23;0.01;SELL
2016-01-31T00:15:30.693000;2016-01-31T00:15:30.863000;63bd93f9-42cd-42de-a759-f87070c438e1;379.23;0.01;SELL
2016-01-31T00:15:30.693000;2016-01-31T00:15:30.863000;54365eb3-fdc9-4b1b-867b-9f8669ffe2a8;379.23;0.269;SELL
2016-01-31T00:15:30.693000;2016-01-31T00:15:30.863000;10b9887f-f37e-4272-9b55-4802b79c0367;379.22;0.01;SELL
2016-01-31T00:15:30.693000;2016-01-31T00:15:30.863000;7b6e210f-581a-454c-8395-534553237474;379.22;0.01;SELL
2016-01-31T00:15:30.693000;2016-01-31T00:15:30.863000;48c39f1b-4627-4971-9fc6-39b26f0f13ac;379.22;0.01;SELL
2016-01-31T00:15:30.693000;2016-01-31T00:15:30.863000;559ba001-1745-4564-aa06-2433555c81b6;379.22;0.01;SELL
2016-01-31T00:15:30.693000;2016-01-31T00:15:30.877000;6aeceb9a-c57c-44e0-860b-091aa5b09eb1;379.22;0.01;SELL
2016-01-31T00:15:30.693000;2016-01-31T00:15:30.893000;2b753a38-abaa-4626-aeee-68a266646a5a;379.22;0.01;SELL
2016-01-31T00:15:30.693000;2016-01-31T00:15:30.893000;746d88a8-d4f8-46af-b047-90a7bb94de49;379.22;0.01;SELL
2016-01-31T00:15:30.697000;2016-01-31T00:15:30.893000;8608cd88-8a19-4b50-880a-252ea7acbda6;379.22;0.01;SELL
2016-01-31T00:15:30.697000;2016-01-31T00:15:30.893000;6b0427f0-7f28-457e-98e8-f68eea2d528e;379.22;0.01;SELL
2016-01-31T00:15:30.697000;2016-01-31T00:15:30.893000;34c833f8-c4d8-402c-a5f2-18d6bc6f93f9;379.22;0.01;SELL
2016-01-31T00:15:30.697000;2016-01-31T00:15:30.893000;98886a0d-1d17-4fdb-8ffc-a676f6d48fcd;379.22;0.01;SELL
2016-01-31T00:15:30.697000;2016-01-31T00:15:30.893000;e1bc7189-36dc-4e6d-8641-64144159a5d1;379.22;0.01;SELL
2016-01-31T00:15:30.697000;2016-01-31T00:15:30.893000;c538f764-5f0d-4a3b-a010-4900337cc2ec;379.22;0.01;SELL
2016-01-31T00:15:30.697000;2016-01-31T00:15:30.893000;3b0b0961-8306-4f04-8bdc-fba449bf8d76;379.22;0.01;SELL
2016-01-31T00:15:30.697000;2016-01-31T00:15:30.893000;f9200197-cc37-4419-87b3-94beccf56e67;379.22;0.01;SELL
2016-01-31T00:15:30.697000;2016-01-31T00:15:30.893000;1c26234a-5a5b-4949-897c-ec76701ffcf5;379.21;0.01;SELL
2016-01-31T00:15:30.697000;2016-01-31T00:15:30.893000;e4974173-fafc-4592-b0f9-9618eead722f;379.21;0.01;SELL
2016-01-31T00:15:30.697000;2016-01-31T00:15:30.893000;010d70ab-eab0-4abe-a769-c1e9119a9ce2;379.21;0.01;SELL
2016-01-31T00:15:30.697000;2016-01-31T00:15:30.893000;4cc779e6-42ba-4eb0-bb03-d100bf830142;379.21;0.01;SELL
2016-01-31T00:15:30.697000;2016-01-31T00:15:30.893000;70ed1ddb-1759-4b93-afc6-f9c2a3421b34;379.21;0.01;SELL
2016-01-31T00:15:30.697000;2016-01-31T00:15:30.893000;51c9bb73-e774-4a9a-be10-278ac3fa7cc5;379.21;0.01;SELL
2016-01-31T00:15:30.697000;2016-01-31T00:15:30.893000;39f76dac-a383-4452-b8fb-adcc43ad0fd7;379.21;0.01;SELL
2016-01-31T00:15:30.697000;2016-01-31T00:15:30.893000;dbf6cde0-90a2-47ad-af2c-d735d5e2aa10;379.21;0.01;SELL
2016-01-31T00:15:30.697000;2016-01-31T00:15:30.893000;7068d418-7322-4b52-9196-de7cb781db7e;379.21;0.01;SELL
2016-01-31T00:15:30.700000;2016-01-31T00:15:30.910000;28925be3-879b-4f32-b913-1ee691efdb14;379.21;0.01;SELL
2016-01-31T00:15:30.700000;2016-01-31T00:15:30.910000;091f7e45-393c-4025-acc6-7b71b9ec81db;379.21;0.01;SELL
2016-01-31T00:15:30.700000;2016-01-31T00:15:30.910000;9f745780-d5b7-47fd-9e59-6f35ed0c8d37;379.21;0.01;SELL
2016-01-31T00:15:30.700000;2016-01-31T00:15:30.910000;d29cc940-f422-4a00-903c-84667e21200c;379.21;0.01;SELL
2016-01-31T00:15:30.700000;2016-01-31T00:15:30.910000;d2b61d41-a050-4fcd-99dd-c9acdaf98392;379.21;0.01;SELL
2016-01-31T00:15:30.700000;2016-01-31T00:15:30.910000;6e5252d9-f5f2-4ddf-95d5-bf70944d48d8;379.21;0.01;SELL
2016-01-31T00:15:30.700000;2016-01-31T00:15:30.910000;4b801d51-bde1-4097-a011-b7ce927075bd;379.21;0.01;SELL
2016-01-31T00:15:30.700000;2016-01-31T00:15:30.910000;df59cd7b-8060-471b-ae31-e8fa15a3d4e7;379.21;0.01;SELL
2016-01-31T00:15:30.700000;2016-01-31T00:15:30.910000;5d37fe96-136c-4b9b-836b-365b7a3f2bf9;379.2;0.01;SELL
2016-01-31T00:15:30.700000;2016-01-31T00:15:30.910000;2f8c62cd-02b1-4670-bbed-3edec47f3e4f;379.2;0.01;SELL
2016-01-31T00:15:30.700000;2016-01-31T00:15:30.910000;fa020aaf-53e7-4f0e-bb74-6340395e82d8;379.2;0.01;SELL
2016-01-31T00:15:30.700000;2016-01-31T00:15:30.910000;a594313a-a38f-4c33-8732-5b87e731b159;379.2;0.01;SELL
2016-01-31T00:15:30.700000;2016-01-31T00:15:30.910000;f877cf10-3d76-41c7-8294-8e002254ec3e;379.2;0.01;SELL
2016-01-31T00:15:30.700000;2016-01-31T00:15:30.910000;4c752f9c-7315-4b11-90ef-f27b300e8b7c;379.2;0.01;SELL
2016-01-31T00:15:30.700000;2016-01-31T00:15:30.910000;847734b8-8405-4728-a90f-eb5a84328ccf;379.2;0.01;SELL
2016-01-31T00:15:30.703000;2016-01-31T00:15:30.910000;34b72092-fc91-4d28-b610-f15520d90eed;379.2;0.01;SELL
2016-01-31T00:15:30.703000;2016-01-31T00:15:30.910000;d6566351-d66e-446f-910e-2e6996ef7f46;379.2;0.01;SELL
2016-01-31T00:15:30.703000;2016-01-31T00:15:30.910000;8d978342-180c-41a3-b82e-3a98dc85982c;379.2;0.01;SELL
2016-01-31T00:15:30.703000;2016-01-31T00:15:30.910000;f8f05d25-c3f9-43ff-8689-6eb552113514;379.2;0.01;SELL
2016-01-31T00:15:30.703000;2016-01-31T00:15:30.957000;517eca71-e811-47a9-8133-1889a8939df8;379.2;0.01;SELL
2016-01-31T00:15:30.703000;2016-01-31T00:15:30.957000;9b7f88f2-5204-4a5a-88eb-4632ec286075;379.2;0.01;SELL
2016-01-31T00:15:30.703000;2016-01-31T00:15:30.957000;2d5d1bcf-ed7c-4e85-bcac-99a58c3d3bff;379.2;0.01;SELL
2016-01-31T00:15:30.703000;2016-01-31T00:15:30.957000;9c9baaf1-c084-40c1-b64c-f20a6aba3e39;379.2;0.01;SELL
2016-01-31T00:15:30.703000;2016-01-31T00:15:30.957000;27c931c2-7ea3-45b2-b6ee-6704f7e8e672;379.2;0.01;SELL
2016-01-31T00:15:30.703000;2016-01-31T00:15:30.957000;2edd2c7b-c255-48f4-b5cd-1a8cd87ab9d7;379.2;0.01;SELL
2016-01-31T00:15:30.703000;2016-01-31T00:15:30.957000;f7548236-d33b-4b0a-9b09-fbb47bfc024e;379.2;0.01;SELL
2016-01-31T00:15:30.703000;2016-01-31T00:15:30.957000;5caa69d0-df50-4c59-a65e-44348b419ec0;379.2;0.01;SELL
2016-01-31T00:15:30.703000;2016-01-31T00:15:30.957000;ca4d61be-821c-412f-ab41-52ee16efc38d;379.2;0.01;SELL
2016-01-31T00:15:30.703000;2016-01-31T00:15:30.957000;2349cdb7-6d6b-4328-ac22-b80d9c8e57d6;379.2;0.01;SELL
2016-01-31T00:15:30.703000;2016-01-31T00:15:30.957000;1aa2516b-9aed-4898-8db8-6aaa82ed3b98;379.2;0.294;SELL
2016-01-31T00:15:30.703000;2016-01-31T00:15:30.957000;20563926-4bc1-4679-bdff-a776dcd99559;379.19;0.01;SELL
2016-01-31T00:15:30.703000;2016-01-31T00:15:30.957000;d4be43b8-1d5b-442d-ade8-2aea82d98d50;379.19;0.01;SELL
2016-01-31T00:15:30.703000;2016-01-31T00:15:30.970000;6c1db65f-ccac-4475-adfb-faf26fd9cda6;379.19;0.01;SELL
2016-01-31T00:15:30.703000;2016-01-31T00:15:30.970000;23231269-8663-4df2-937a-7774bdcfab58;379.19;0.01;SELL
2016-01-31T00:15:30.707000;2016-01-31T00:15:30.970000;bd694c27-902a-46be-b946-50572d9a4405;379.19;0.01;SELL
2016-01-31T00:15:30.707000;2016-01-31T00:15:30.987000;709853bf-3ff0-4bf0-b7a0-cad4fb269f6d;379.19;0.01;SELL
2016-01-31T00:15:30.707000;2016-01-31T00:15:30.987000;3d3afc88-9ce3-4af5-be57-9188e1047d06;379.19;0.01;SELL
2016-01-31T00:15:30.707000;2016-01-31T00:15:30.987000;435cad8c-75b1-4670-8c41-3944b4042d64;379.19;0.01;SELL
2016-01-31T00:15:30.707000;2016-01-31T00:15:30.987000;d1be662c-16df-4784-8266-0201978a98c3;379.19;0.01;SELL
2016-01-31T00:15:30.707000;2016-01-31T00:15:30.987000;2e7a942f-46bf-430d-9b59-d0b5364ccde8;379.19;0.01;SELL
2016-01-31T00:15:30.707000;2016-01-31T00:15:31.003000;bc05aaec-19c2-42a1-8969-51d295946b7a;379.19;0.01;SELL
2016-01-31T00:15:30.707000;2016-01-31T00:15:31.003000;d25d42e4-ade6-4294-bd89-ec51614a6a71;379.18;0.01;SELL
2016-01-31T00:15:30.707000;2016-01-31T00:15:31.003000;dc000679-a73e-48a3-bf70-4a2775d83053;379.18;0.01;SELL
2016-01-31T00:15:30.707000;2016-01-31T00:15:31.003000;f87a88e3-05cd-4f5a-a967-ceffd484c553;379.17;0.01;SELL
2016-01-31T00:15:30.707000;2016-01-31T00:15:31.003000;3d1eef15-7317-4213-bc5f-28a3eee4dc69;379.17;0.296;SELL
2016-01-31T00:15:30.707000;2016-01-31T00:15:31.003000;5d68ceac-13b4-4414-82ae-ec1f0411627d;379.16;0.010025;SELL
2016-01-31T00:15:30.707000;2016-01-31T00:15:31.003000;f8a398fa-296f-4275-8853-a5acc2bd8145;379.16;0.01;SELL
2016-01-31T00:15:30.707000;2016-01-31T00:15:31.003000;8575a018-75e3-4b47-b8e8-1b3a81c65109;379.16;0.01;SELL
2016-01-31T00:15:30.707000;2016-01-31T00:15:31.003000;d37494a8-9e2c-4961-927e-bf116e6f0dd1;379.15;0.089;SELL
2016-01-31T00:15:30.707000;2016-01-31T00:15:31.003000;9734ece0-17cd-4b23-85db-90539d946337;379.14;0.302;SELL
2016-01-31T00:15:30.707000;2016-01-31T00:15:31.003000;de27fa96-560e-4096-8068-4a498510e50e;379.12;0.099;SELL
2016-01-31T00:15:30.707000;2016-01-31T00:15:31.003000;91a8a4c5-61ed-4c6a-b70a-05e5aea2cde3;379.11;0.01;SELL
2016-01-31T00:15:30.710000;2016-01-31T00:15:31.003000;d2574ab3-1c37-4284-9fe2-b539ed7b6006;379.09;0.082;SELL
2016-01-31T00:15:30.710000;2016-01-31T00:15:31.003000;22a6edd8-e01c-4bee-a30f-92b322c5f599;379.08;0.26;SELL
2016-01-31T00:15:30.710000;2016-01-31T00:15:31.003000;41f3318c-240d-48ba-8b0b-b10bed61d1fb;379.06;0.25;SELL
2016-01-31T00:15:30.710000;2016-01-31T00:15:31.003000;87e4a3df-2bb5-47cf-ad04-c3d2e18d6cae;379.05;0.01;SELL
2016-01-31T00:15:30.710000;2016-01-31T00:15:31.003000;438c32b2-ef2e-4400-a4f2-7635a14ad8a0;379.04;0.01;SELL
2016-01-31T00:15:30.710000;2016-01-31T00:15:31.003000;12863508-67d5-4e2c-8b20-679e72f8b3f6;379.03;0.01;SELL
2016-01-31T00:15:30.710000;2016-01-31T00:15:31.003000;d5029ebc-5a95-4d7a-ad5c-10791d1ef06f;379.03;0.01;SELL
2016-01-31T00:15:30.710000;2016-01-31T00:15:31.003000;6706ae1e-9921-475b-8a8d-60b9c400867e;379.03;0.32;SELL
2016-01-31T00:15:30.710000;2016-01-31T00:15:31.017000;5593955e-7b6e-43b2-8cf9-ed2eb351d869;378.92;0.01;SELL
2016-01-31T00:15:30.710000;2016-01-31T00:15:31.033000;efa2c48c-6fa1-4daa-a101-5325c7008882;378.87;0.01;SELL
2016-01-31T00:15:30.710000;2016-01-31T00:15:31.033000;437522c4-1235-4f58-824b-053a2fe76981;378.87;0.01;SELL
2016-01-31T00:15:30.710000;2016-01-31T00:15:31.033000;e7f3179e-c69c-4e66-9297-8763a7bb0561;378.86;0.01;SELL
2016-01-31T00:15:30.710000;2016-01-31T00:15:31.033000;8ac99a16-c6c1-481c-9f47-036b11703ee4;378.86;0.01;SELL
2016-01-31T00:15:30.710000;2016-01-31T00:15:31.033000;1937d5cd-522f-401b-b2b8-454006992d6d;378.86;0.01;SELL
2016-01-31T00:15:30.710000;2016-01-31T00:15:31.033000;a14443c5-1aba-4b6f-8bff-5d691c5d6f5f;378.86;0.01;SELL
2016-01-31T00:15:30.710000;2016-01-31T00:15:31.033000;c3fca32e-7090-4d2f-abd1-fe7abc59edb7;378.86;0.50816452;SELL
2016-01-31T00:16:31.470000;2016-01-31T00:16:31.503000;235c45c8-d111-40d8-a28d-f73bc54d5244;379.35;0.01;BUY
2016-01-31T00:16:31.470000;2016-01-31T00:16:31.517000;60a12687-f2d0-43dc-a68c-411eeb52d273;379.35;0.01;BUY
2016-01-31T00:16:31.470000;2016-01-31T00:16:31.517000;8297a8b4-182b-4d67-ba46-2c5e9c43bba7;379.35;0.031;BUY
2016-01-31T00:17:00.890000;2016-01-31T00:17:00.923000;46fe8635-340a-4cb5-9fbb-df3822ee8625;379.35;0.01;BUY
2016-01-31T00:17:00.890000;2016-01-31T00:17:00.940000;c3f3a48c-d392-4f95-b497-b7a154f85259;379.35;0.36;BUY
2016-01-31T00:17:00.890000;2016-01-31T00:17:00.940000;569bee77-49b9-482c-a0c3-6c060d249d10;379.36;0.01;BUY
2016-01-31T00:17:00.890000;2016-01-31T00:17:00.940000;5810293c-e6f1-4bc3-9927-4696a7153e62;379.36;0.01;BUY
2016-01-31T00:17:00.890000;2016-01-31T00:17:00.957000;fb2ebe53-d96b-472d-9f63-ae5865fc65b6;379.37;0.01;BUY
2016-01-31T00:17:00.890000;2016-01-31T00:17:00.957000;ba772306-f0c0-4c05-b0d2-6987b20232c4;379.38;0.01;BUY
2016-01-31T00:17:00.890000;2016-01-31T00:17:00.957000;4501d1b3-e24e-4c6f-a428-8189f2a086ec;379.38;0.01;BUY
2016-01-31T00:17:00.890000;2016-01-31T00:17:00.957000;b95deaaa-cfef-4315-800f-1eecdae37313;379.39;0.01;BUY
2016-01-31T00:17:00.890000;2016-01-31T00:17:00.957000;09be384f-2d6c-4570-8d14-cd3d094658ce;379.39;0.01;BUY
2016-01-31T00:17:00.890000;2016-01-31T00:17:00.970000;06a8494b-3c50-4d39-8d9e-80575c0e5f80;379.4;0.01;BUY
2016-01-31T00:17:00.890000;2016-01-31T00:17:00.970000;169461e3-f618-45d5-a846-7e0a2fb9e303;379.4;0.01;BUY
2016-01-31T00:17:00.890000;2016-01-31T00:17:00.970000;c8d71df8-53f6-45c6-ae3c-0ad415b1a5ee;379.41;0.01;BUY
2016-01-31T00:17:00.893000;2016-01-31T00:17:00.970000;02502d22-0158-4cf2-bb74-dc7b6791072c;379.41;0.01;BUY
2016-01-31T00:17:00.893000;2016-01-31T00:17:00.970000;4d9ef267-1c69-49f2-bc0e-dd3b291942d1;379.42;0.01;BUY
2016-01-31T00:17:00.893000;2016-01-31T00:17:00.970000;1e0f6cd9-ee3a-40c1-9a9d-50be1208c779;379.42;0.01;BUY
2016-01-31T00:17:00.893000;2016-01-31T00:17:00.970000;32c9212b-5c24-424a-9d0f-3aecb2f60041;379.43;0.01;BUY
2016-01-31T00:17:00.893000;2016-01-31T00:17:00.970000;b2845995-f42d-4b1b-991b-c855236e0834;379.43;0.01;BUY
2016-01-31T00:17:00.893000;2016-01-31T00:17:00.970000;9bb7f313-8855-4918-bb10-4432ed643a7d;379.44;0.01;BUY
2016-01-31T00:17:00.893000;2016-01-31T00:17:00.970000;3a09f3e5-6e1a-4370-80d9-4e7cbf7cb73b;379.44;0.01;BUY
2016-01-31T00:17:00.893000;2016-01-31T00:17:00.970000;3e4f3a5b-fca5-4e62-876c-f8f2c78fbfe5;379.45;0.01;BUY
2016-01-31T00:17:00.893000;2016-01-31T00:17:00.970000;47203a7a-765f-4fc2-aace-b2cbec71a348;379.45;0.01;BUY
2016-01-31T00:17:00.893000;2016-01-31T00:17:00.987000;624e63f1-14fe-476c-83a5-953178998cf5;379.46;0.01;BUY
2016-01-31T00:17:00.893000;2016-01-31T00:17:00.987000;e2c6d1ad-cdb9-49e2-bdc9-780255222553;379.46;0.01;BUY
2016-01-31T00:17:00.893000;2016-01-31T00:17:00.987000;b6cb9b4c-eee5-4d95-a297-a55c7e0f310c;379.47;0.01;BUY
2016-01-31T00:17:00.893000;2016-01-31T00:17:00.987000;035734ed-1352-4834-91a0-dea567e239e7;379.47;0.01;BUY
2016-01-31T00:17:00.893000;2016-01-31T00:17:00.987000;8144dd2a-70c7-4065-ab45-5d9aa8319392;379.48;0.01;BUY
2016-01-31T00:17:00.893000;2016-01-31T00:17:00.987000;27e54810-32dd-4119-8496-c02c428498fa;379.48;0.01;BUY
2016-01-31T00:17:00.893000;2016-01-31T00:17:00.987000;9380b7c3-f701-49b0-a13c-7ffce5c123af;379.49;0.01;BUY
2016-01-31T00:17:00.893000;2016-01-31T00:17:00.987000;6a7b7698-e9c1-4d3a-8cc3-253c1bb3b973;379.49;0.01;BUY
2016-01-31T00:17:00.893000;2016-01-31T00:17:01.003000;0f64bcd7-4f9d-4c5f-8e31-6b0a431fe6f8;379.5;0.01;BUY
2016-01-31T00:17:00.893000;2016-01-31T00:17:01.003000;78d6f897-f279-4295-be8c-1e25133dca46;379.5;0.01;BUY
2016-01-31T00:17:00.893000;2016-01-31T00:17:01.017000;6573713a-bd89-41d7-a451-cdd45bc4a444;379.51;0.01;BUY
2016-01-31T00:17:00.897000;2016-01-31T00:17:01.017000;fc7b0731-7a29-4ed3-ba72-c7965a8a5dbf;379.52;0.01;BUY
2016-01-31T00:17:00.897000;2016-01-31T00:17:01.017000;4315f8da-2529-4da0-a3e5-5e78ea02de58;379.52;0.01;BUY
2016-01-31T00:17:00.897000;2016-01-31T00:17:01.067000;20bb6157-c304-4bed-b91b-9c2f98d512aa;379.53;0.01;BUY
2016-01-31T00:17:00.897000;2016-01-31T00:17:01.067000;b0bf4bd1-8847-45c1-bd6a-a78cd2c6791e;379.53;0.01;BUY
2016-01-31T00:17:00.897000;2016-01-31T00:17:01.067000;ac3efac7-a91f-4da7-b103-7ea003c2285e;379.53;0.342;BUY
2016-01-31T00:17:30.960000;2016-01-31T00:17:31.003000;ed224045-f7fe-4323-bc10-a78ccf702eb9;379.54;0.01;BUY
2016-01-31T00:17:30.960000;2016-01-31T00:17:31.003000;c03e665d-a75b-44a8-80b9-c48e1a77fb84;379.54;0.01;BUY
2016-01-31T00:17:30.960000;2016-01-31T00:17:31.017000;15835331-8d0e-4f3a-aff2-c287365f2df8;379.55;0.01;BUY
2016-01-31T00:17:30.960000;2016-01-31T00:17:31.017000;7c08643f-5e54-4c37-9c32-a5db921c4ef7;379.55;0.01;BUY
2016-01-31T00:17:30.960000;2016-01-31T00:17:31.017000;bc069cc7-2d46-4771-8b20-4ae1faf5b122;379.56;0.01;BUY
2016-01-31T00:17:30.963000;2016-01-31T00:17:31.017000;052a551c-acf4-4579-bd32-4b2f8dfc3bbf;379.56;0.01;BUY
2016-01-31T00:17:30.963000;2016-01-31T00:17:31.017000;3bb0a407-5d59-47b4-bb57-810e5a6aa5ca;379.57;0.01;BUY
2016-01-31T00:17:30.963000;2016-01-31T00:17:31.017000;3f26f854-f19f-4e24-9f84-370dc6f650b7;379.57;0.01;BUY
2016-01-31T00:17:30.963000;2016-01-31T00:17:31.050000;29607b18-4db1-4f82-b462-99f0ef048af1;379.58;0.01;BUY
2016-01-31T00:17:30.963000;2016-01-31T00:17:31.050000;562cb7da-002d-4ef6-9609-df21658c89e2;379.59;0.01;BUY
2016-01-31T00:17:30.963000;2016-01-31T00:17:31.050000;9dcd1e43-0d0e-4714-86e6-6fd3ffe2f17a;379.59;0.01;BUY
2016-01-31T00:17:30.963000;2016-01-31T00:17:31.050000;d0022ae6-43b0-45c9-aaa2-16307c08c3b6;379.6;0.01;BUY
2016-01-31T00:17:30.963000;2016-01-31T00:17:31.050000;5a466bd5-75c6-4f9b-9154-9fcfb90a68aa;379.6;0.01;BUY
2016-01-31T00:17:30.963000;2016-01-31T00:17:31.050000;91079b46-a7a8-40e3-a4a3-3c649907ee79;379.61;0.01;BUY
2016-01-31T00:17:30.963000;2016-01-31T00:17:31.050000;fe4ab103-417b-47ed-bd5a-b38a69e2bd68;379.62;0.01;BUY
2016-01-31T00:17:30.963000;2016-01-31T00:17:31.050000;7786d825-2e53-4e8d-98f4-cb98eba5090b;379.62;0.01;BUY
2016-01-31T00:17:30.963000;2016-01-31T00:17:31.067000;d1342265-37ba-49d9-88c8-ad1e6f2b2dc6;379.63;0.01;BUY
2016-01-31T00:17:30.963000;2016-01-31T00:17:31.067000;e4e2a87f-48db-4caa-8cc4-66f9cd3da568;379.63;0.01;BUY
2016-01-31T00:17:30.967000;2016-01-31T00:17:31.067000;b3ab32c5-aed6-45bb-a8bc-3c8ced7b1b8d;379.64;0.01;BUY
2016-01-31T00:17:30.967000;2016-01-31T00:17:31.067000;ce96abed-8e95-4781-a588-9eac69265acc;379.64;0.01;BUY
2016-01-31T00:17:30.967000;2016-01-31T00:17:31.067000;560506cf-7d2c-4cb4-9e68-d27002a31a11;379.65;0.01;BUY
2016-01-31T00:17:30.967000;2016-01-31T00:17:31.067000;dcab81be-6e33-4938-a368-a8f0d96ab4f4;379.66;0.01;BUY
2016-01-31T00:17:30.967000;2016-01-31T00:17:31.067000;0993e325-79e0-4dd5-9f5c-50b5fd3f31c4;379.66;0.01;BUY
2016-01-31T00:17:30.967000;2016-01-31T00:17:31.080000;15c92ea0-7b27-473e-9215-c2cc0d275c03;379.67;0.01;BUY
2016-01-31T00:17:30.967000;2016-01-31T00:17:31.113000;fec4e46a-e2bd-468d-88eb-2e7d5556e154;379.67;0.01;BUY
2016-01-31T00:17:30.967000;2016-01-31T00:17:31.113000;8e716aaa-13f3-4d51-acc7-d8def2fb035a;379.68;0.01;BUY
2016-01-31T00:17:30.967000;2016-01-31T00:17:31.113000;1c4cf9fa-0d25-416f-a7d9-a73817ab8ec0;379.68;0.01;BUY
2016-01-31T00:17:30.967000;2016-01-31T00:17:31.113000;6c14b91b-459e-408d-a17b-0f4005b20d94;379.69;0.01;BUY
2016-01-31T00:17:30.967000;2016-01-31T00:17:31.113000;8fb84f1b-3b2a-4921-ad6b-3a06c1525883;379.69;0.01;BUY
2016-01-31T00:17:30.967000;2016-01-31T00:17:31.127000;b32f1955-ac88-4573-9b3b-e9f0b9a0d157;379.7;0.01;BUY
2016-01-31T00:17:30.967000;2016-01-31T00:17:31.127000;6585baa1-a604-4cf1-b2aa-9bc59c3ab2ac;379.7;0.01;BUY
2016-01-31T00:17:30.967000;2016-01-31T00:17:31.127000;d325545d-0b47-46d8-9452-42d87515f616;379.71;0.01;BUY
2016-01-31T00:17:30.967000;2016-01-31T00:17:31.127000;c369092f-8dc2-4186-bf26-2eac535db9ff;379.71;0.01;BUY
2016-01-31T00:17:30.967000;2016-01-31T00:17:31.127000;058de2ed-41e1-4b8e-81ab-0df43f2db6df;379.72;0.01;BUY
2016-01-31T00:17:30.967000;2016-01-31T00:17:31.127000;4f8bf7c3-2748-45f9-b612-ecefdd44ce7a;379.72;0.01;BUY
2016-01-31T00:17:30.970000;2016-01-31T00:17:31.127000;0fe6cfa0-2679-4c5c-81c4-f45a7048f76b;379.73;0.01;BUY
2016-01-31T00:17:30.970000;2016-01-31T00:17:31.127000;c1fd00d0-ce82-42af-ad32-2300a2e9770f;379.73;0.01;BUY
2016-01-31T00:17:30.970000;2016-01-31T00:17:31.127000;f29fece8-57c3-486b-bbfe-32c50d939afb;379.74;0.00055;BUY
2016-01-31T00:18:30.710000;2016-01-31T00:18:30.753000;6ef2abf9-4d43-4655-9172-00122bc64705;379.72;0.207;BUY
2016-01-31T00:18:30.710000;2016-01-31T00:18:30.753000;53ed6d31-0f7d-4c34-b2dc-f262b076f9f5;379.73;0.037;BUY
2016-01-31T00:19:01.377000;2016-01-31T00:19:01.423000;a9acabf0-1849-4034-8700-411ed30d2490;379.71;0.145;BUY
2016-01-31T00:19:01.377000;2016-01-31T00:19:01.423000;604eba35-c2d4-46e0-a017-a28a4cdd58cb;379.72;0.556;BUY
2016-01-31T00:19:30.803000;2016-01-31T00:19:30.847000;7fbc6a55-ad59-471f-ad4b-9aa200d7519a;379.7;0.138;BUY
2016-01-31T00:19:30.803000;2016-01-31T00:19:30.847000;20a11722-59bd-47d8-98e4-61faa6b7155e;379.71;0.0193;BUY
2016-01-31T00:20:30.793000;2016-01-31T00:20:30.817000;3fe70424-ff33-4803-93a7-91576b7da315;379.59;0.0181;BUY
2016-01-31T00:21:00.907000;2016-01-31T00:21:00.923000;0ca2b2cb-73d0-45f6-8718-3e46c305bb26;379.6;0.127;BUY
2016-01-31T00:21:00.907000;2016-01-31T00:21:00.957000;0db8c2ca-7c1e-43d1-91be-bad8999fbc84;379.62;0.13;BUY
2016-01-31T00:21:00.907000;2016-01-31T00:21:00.957000;5cbc1755-cc0a-4f1d-bddb-95a2d89bdaa3;379.63;0.143;BUY
2016-01-31T00:21:00.907000;2016-01-31T00:21:00.957000;d71cb369-e835-4a17-932a-f3269fb96ab2;379.66;0.078;BUY
2016-01-31T00:21:00.907000;2016-01-31T00:21:00.970000;6283f1d5-aeae-40f0-b1a3-0969dd5ed23d;379.68;0.04489;BUY
2016-01-31T00:22:30.927000;2016-01-31T00:22:30.940000;a8532b4b-81bb-426c-9023-3ed5c84e03a5;379.57;0.05439;BUY
2016-01-31T00:23:01.130000;2016-01-31T00:23:01.143000;9eda5242-9a04-4145-b881-37b6393c8b3f;379.57;0.71252;BUY
2016-01-31T00:23:30.887000;2016-01-31T00:23:30.893000;d981f7f7-2cb3-4359-b80a-6e2569d0ccc3;379.57;0.159;BUY
2016-01-31T00:23:30.887000;2016-01-31T00:23:30.910000;539eadfa-c4f9-4b24-9df1-329327048f0c;379.57;0.02;BUY
2016-01-31T00:23:30.887000;2016-01-31T00:23:30.910000;b04297ed-01ef-46c4-95b1-34338620be67;379.57;0.01;BUY
2016-01-31T00:23:30.887000;2016-01-31T00:23:30.910000;47d88fc3-eea2-48bb-821d-362ddd7d5e9a;379.57;0.01;BUY
2016-01-31T00:23:30.887000;2016-01-31T00:23:30.923000;b33a8cbc-43e0-40d8-b3fa-0313dda3dd5b;379.57;0.01;BUY
2016-01-31T00:23:30.887000;2016-01-31T00:23:30.957000;cb284d35-fa4c-44fe-9e4f-cc32c3671b43;379.57;1.03895;BUY
2016-01-31T00:23:35.747000;2016-01-31T00:23:35.753000;0442e1e9-5612-4a6c-ae21-8f6d3b629680;379.57;0.104;SELL
2016-01-31T00:25:00.910000;2016-01-31T00:25:00.940000;4b623a2d-316b-4907-a4ad-ea5b42317791;379.57;0.0320388;SELL
2016-01-31T00:25:00.910000;2016-01-31T00:25:00.940000;792c7226-f9f4-495d-a4f2-f4928f46ff3c;379.57;0.0377012;SELL
2016-01-31T00:25:10.843000;2016-01-31T00:25:10.863000;3a9fa70f-d9aa-46df-9748-d0ad125bd565;379.57;0.108;SELL
2016-01-31T00:25:30.877000;2016-01-31T00:25:30.877000;ab2df83e-204a-463d-85c9-f0eebb14c60a;379.56;0.01;SELL
2016-01-31T00:25:30.877000;2016-01-31T00:25:30.893000;2972d413-7384-4740-890c-972d50dfdd36;379.45;0.15191;SELL
2016-01-31T00:26:01.007000;2016-01-31T00:26:01.020000;afb27f8b-7a3d-4dc1-8f3e-0b8771af4a57;379.37;0.13049;BUY
2016-01-31T00:26:30.993000;2016-01-31T00:26:30.973000;40a803c3-632b-47ac-8152-6cfec56e2c6a;379.37;0.26178;BUY
2016-01-31T00:26:46.207000;2016-01-31T00:26:46.177000;5e0f484c-592c-44ea-a638-95b6b2afe033;379.55;0.0423084;BUY
2016-01-31T00:27:07.540000;2016-01-31T00:27:07.520000;e7268c0e-2aeb-42d7-a002-28ff6e48728c;379.54;0.09;BUY
2016-01-31T00:28:00.930000;2016-01-31T00:28:00.910000;f5f5aff5-8888-45fc-9c55-890655d3e42a;379.59;0.25;BUY
2016-01-31T00:28:00.930000;2016-01-31T00:28:00.927000;e1c895ca-5666-4698-a708-8c04024b933c;379.59;0.09;BUY
2016-01-31T00:28:00.933000;2016-01-31T00:28:00.927000;fa7088b0-8d7c-4f09-8e36-3a4c992611f2;379.6;0.11;BUY
2016-01-31T00:28:00.933000;2016-01-31T00:28:00.987000;416c1032-3643-4b17-8142-5cdc4e4df16e;379.61;0.091;BUY
2016-01-31T00:28:00.933000;2016-01-31T00:28:01.003000;10c139ac-a14d-4eda-b9d5-97d641072854;379.62;0.14;BUY
2016-01-31T00:28:00.933000;2016-01-31T00:28:01.003000;c43386e0-02bd-42ba-b5da-cc2b0212ec33;379.63;0.096;BUY
2016-01-31T00:28:00.933000;2016-01-31T00:28:01.003000;9604075f-006a-4963-a3b5-9be61bfb98dd;379.66;0.118;BUY
2016-01-31T00:28:00.933000;2016-01-31T00:28:01.003000;ed7280b5-82c5-4d36-b571-60123e4e97de;379.69;0.126;BUY
2016-01-31T00:28:00.933000;2016-01-31T00:28:01.020000;6fa9623f-1758-4c6c-bc3b-4594f7631bed;379.71;1.2814;BUY
2016-01-31T00:33:11.360000;2016-01-31T00:33:11.333000;925e4929-85da-49d7-97e3-2fadbc8dc07a;379.53;0.01;BUY
2016-01-31T00:35:02.403000;2016-01-31T00:35:02.347000;6d144925-d019-464f-b5d7-f76785cbdf16;379.36;0.19;BUY
2016-01-31T00:35:22.830000;2016-01-31T00:35:22.787000;e3c93225-e179-4ff2-a5db-d849cfb05f1a;379.55;3.179;BUY
2016-01-31T00:35:43.147000;2016-01-31T00:35:43.097000;926ee5d9-a385-4d29-9ffc-9de2713ef52b;379.66;0.25764157;BUY
2016-01-31T00:36:01.513000;2016-01-31T00:36:01.473000;34a050bd-a088-47ae-8452-db8512d3398b;379.37;0.5;SELL
2016-01-31T00:36:01.513000;2016-01-31T00:36:01.473000;bafa049a-9e78-4ec1-99bb-f081a6b68e2f;379.35;0.172;SELL
2016-01-31T00:36:01.513000;2016-01-31T00:36:01.487000;af254383-4b95-4a7f-810a-6bb7c9d0ca6b;379.32;0.158;SELL
2016-01-31T00:36:01.517000;2016-01-31T00:36:01.487000;b59bf7c4-8d48-4a2f-8dea-4837393a2318;379.31;0.01;SELL
2016-01-31T00:36:01.517000;2016-01-31T00:36:01.487000;241e7204-a670-4f0b-998a-c99afab1cd40;379.31;0.01;SELL
2016-01-31T00:36:01.517000;2016-01-31T00:36:01.503000;069b9009-f169-43d3-a444-cd64d61404e6;379.31;0.01;SELL
2016-01-31T00:36:01.517000;2016-01-31T00:36:01.503000;73185367-ca72-469e-a7d1-14fc4e9b2b4b;379.31;0.01;SELL
2016-01-31T00:36:01.517000;2016-01-31T00:36:01.503000;757ac18a-6d6c-4e1b-9a4d-0a0bb04d574b;379.31;0.01;SELL
2016-01-31T00:36:01.517000;2016-01-31T00:36:01.503000;8053151d-5885-411c-9c07-ab07dfa7d595;379.31;0.01;SELL
2016-01-31T00:36:01.517000;2016-01-31T00:36:01.503000;d8d83359-e27f-4c73-b8c7-4baaab019449;379.31;0.01;SELL
2016-01-31T00:36:01.517000;2016-01-31T00:36:01.503000;1c6339e1-26b5-443b-8dce-3603294c631e;379.31;0.01;SELL
2016-01-31T00:36:01.517000;2016-01-31T00:36:01.503000;29b53539-f31b-44da-9155-8ec16493c84f;379.31;0.01;SELL
2016-01-31T00:36:01.517000;2016-01-31T00:36:01.503000;23ec9da3-2d59-49a0-834f-56fee78fcc79;379.3;0.01;SELL
2016-01-31T00:36:01.517000;2016-01-31T00:36:01.503000;8e71356b-82eb-48ad-9fd6-2a898d88b2d5;379.3;0.01;SELL
2016-01-31T00:36:01.517000;2016-01-31T00:36:01.503000;06159c32-da4e-4c26-be33-7acbfe8251ae;379.3;0.01;SELL
2016-01-31T00:36:01.517000;2016-01-31T00:36:01.503000;43bc166d-1eaf-4180-a0f0-840ef250f97c;379.3;0.01;SELL
2016-01-31T00:36:01.517000;2016-01-31T00:36:01.537000;c1177c15-4790-4c30-9bd3-787c293d0ebd;379.3;0.01;SELL
2016-01-31T00:36:01.517000;2016-01-31T00:36:01.537000;2b482d3b-4ca4-47a5-9dc7-805424b41b38;379.3;0.01;SELL
2016-01-31T00:36:01.517000;2016-01-31T00:36:01.537000;b4e6500f-f4ed-4206-897a-f9177e186095;379.3;0.01;SELL
2016-01-31T00:36:01.517000;2016-01-31T00:36:01.550000;90b6132d-0c49-4bc3-9169-504131639156;379.3;0.01;SELL
2016-01-31T00:36:01.517000;2016-01-31T00:36:01.550000;fd9ad3ee-047b-4bed-984c-cba390439ccf;379.3;0.01;SELL
2016-01-31T00:36:01.517000;2016-01-31T00:36:01.550000;96555916-e3b4-4a9e-8f29-2a9ff402930d;379.3;0.01;SELL
2016-01-31T00:36:01.517000;2016-01-31T00:36:01.550000;018f08f0-2d48-4cd7-ae76-487722d9fcb8;379.3;0.01;SELL
2016-01-31T00:36:01.517000;2016-01-31T00:36:01.550000;36460c53-59ff-4cb0-ae9b-845052d788fa;379.3;0.01;SELL
2016-01-31T00:36:01.517000;2016-01-31T00:36:01.550000;de4cff09-9ae0-4672-85b6-624955165c25;379.3;0.01;SELL
2016-01-31T00:36:01.517000;2016-01-31T00:36:01.550000;2cd734dc-c0da-498e-81f4-6a4a14356f20;379.3;0.01;SELL
2016-01-31T00:36:01.517000;2016-01-31T00:36:01.550000;145d3e7a-404a-4797-b0fd-5a55ec7191de;379.3;0.01;SELL
2016-01-31T00:36:01.520000;2016-01-31T00:36:01.550000;f8ed7acc-e1f2-4745-a829-f9a48227a50a;379.3;0.01;SELL
2016-01-31T00:36:01.520000;2016-01-31T00:36:01.550000;22b8a485-7f87-4604-a17c-1fa4e0f8165d;379.3;0.01;SELL
2016-01-31T00:36:01.520000;2016-01-31T00:36:01.550000;20f96f38-de32-477d-b18c-a0ff0d137b59;379.3;0.01;SELL
2016-01-31T00:36:01.520000;2016-01-31T00:36:01.550000;4b1da6d4-06ce-401e-9bf5-1008fe451370;379.3;0.01;SELL
2016-01-31T00:36:01.520000;2016-01-31T00:36:01.550000;73de005e-baa2-45dd-8b4e-eba77d4e5c8b;379.3;0.01;SELL
2016-01-31T00:36:01.520000;2016-01-31T00:36:01.567000;296fb1b7-8882-4209-a9e5-e7f2b099ec7d;379.3;0.01;SELL
2016-01-31T00:36:01.520000;2016-01-31T00:36:01.567000;e61483c6-fca8-4b28-ad72-111966efcb26;379.3;0.01;SELL
2016-01-31T00:36:01.520000;2016-01-31T00:36:01.567000;960459c5-3438-4a01-870e-3b05d4e4b05b;379.3;0.01;SELL
2016-01-31T00:36:01.520000;2016-01-31T00:36:01.567000;c601bda4-dbdd-484c-a3f0-e15c79a882e1;379.29;0.01;SELL
2016-01-31T00:36:01.520000;2016-01-31T00:36:01.567000;4a038991-a084-4e34-84ea-c8cf282d768b;379.29;0.01;SELL
2016-01-31T00:36:01.520000;2016-01-31T00:36:01.567000;a6a6ae90-d674-4f59-a7f7-cb82976fe7e8;379.29;0.01;SELL
2016-01-31T00:36:01.520000;2016-01-31T00:36:01.613000;8178e31d-3cb8-48c2-9cac-a4929625884f;379.29;0.01;SELL
2016-01-31T00:36:01.520000;2016-01-31T00:36:01.613000;def9d6c1-8e3e-44bf-9019-5b980e3ee4bd;379.29;0.01;SELL
2016-01-31T00:36:01.520000;2016-01-31T00:36:01.613000;379b731f-2fed-4116-8bb2-b2b55b390b45;379.29;0.01;SELL
2016-01-31T00:36:01.520000;2016-01-31T00:36:01.613000;62b3aaa2-8c6c-41ec-9413-f78e7ed8a64f;379.29;0.21;SELL
2016-01-31T00:36:01.520000;2016-01-31T00:36:01.613000;144672cf-4e00-4b10-8f37-686470b72432;379.27;0.01;SELL
2016-01-31T00:36:01.520000;2016-01-31T00:36:01.613000;5803fd1f-5da0-4e7c-a29a-63c5165dfccb;379.27;0.01;SELL
2016-01-31T00:36:01.520000;2016-01-31T00:36:01.613000;24dd46dc-7276-40e5-8ea6-94bffc5117ec;379.27;0.01;SELL
2016-01-31T00:36:01.520000;2016-01-31T00:36:01.613000;140dda3c-ef2b-4b04-a9c7-c9b5f387dbb5;379.27;0.01;SELL
2016-01-31T00:36:01.520000;2016-01-31T00:36:01.613000;72b7cfa6-1e14-4c98-a26f-118db48ad5fe;379.27;0.01;SELL
2016-01-31T00:36:01.523000;2016-01-31T00:36:01.613000;fc3e4d84-5a4f-46be-bf0b-089f1ca00216;379.27;0.01;SELL
2016-01-31T00:36:01.523000;2016-01-31T00:36:01.613000;8fd2a6f5-c4eb-468e-8a7f-5e3ae09734ac;379.27;0.01;SELL
2016-01-31T00:36:01.523000;2016-01-31T00:36:01.613000;a07a2ed6-dc20-4dff-879a-df6798bca346;379.27;0.01;SELL
2016-01-31T00:36:01.523000;2016-01-31T00:36:01.613000;e5799607-9491-4c5d-a2e8-2a933e27978d;379.26;0.01;SELL
2016-01-31T00:36:01.523000;2016-01-31T00:36:01.613000;8e3c8280-010d-451e-b10f-015a1a69292c;379.26;0.01;SELL
2016-01-31T00:36:01.523000;2016-01-31T00:36:01.613000;791176d0-4708-4bbb-a83d-8d031c046376;379.26;0.01;SELL
2016-01-31T00:36:01.523000;2016-01-31T00:36:01.613000;96c092e3-53d7-4b51-a874-d448c5393311;379.26;0.01;SELL
2016-01-31T00:36:01.523000;2016-01-31T00:36:01.613000;97aaed9a-ac18-43a4-9db9-a9b580dfc5a4;379.26;0.208;SELL
2016-01-31T00:36:01.523000;2016-01-31T00:36:01.613000;bca24f75-0044-46ad-aa5f-dbe020ac5a5e;379.24;0.01;SELL
2016-01-31T00:36:01.523000;2016-01-31T00:36:01.613000;71f09874-b748-4cfc-ae20-7dd74238dd75;379.24;0.01;SELL
2016-01-31T00:36:01.523000;2016-01-31T00:36:01.613000;1ef4a3e5-39a7-4219-ae6b-fd30353863a9;379.24;0.01;SELL
2016-01-31T00:36:01.523000;2016-01-31T00:36:01.613000;57534495-ce8d-4a3f-aebe-0b29ebcbdbc4;379.24;0.01;SELL
2016-01-31T00:36:01.523000;2016-01-31T00:36:01.613000;ec3947d8-6384-4f74-92ec-d0b6bb87e3f7;379.24;0.01;SELL
2016-01-31T00:36:01.523000;2016-01-31T00:36:01.613000;d92530b2-7458-49d8-a1a4-dc6f5b00f898;379.24;0.01;SELL
2016-01-31T00:36:01.523000;2016-01-31T00:36:01.613000;e01f2a95-570a-4ad0-8150-a8b72ca60e02;379.24;0.01;SELL
2016-01-31T00:36:01.523000;2016-01-31T00:36:01.613000;ecdfe450-a85e-43e2-a3af-067fa3d378f2;379.24;0.01;SELL
2016-01-31T00:36:01.523000;2016-01-31T00:36:01.630000;6e3b6651-9159-469e-89b7-b22afb7cc098;379.23;0.01;SELL
2016-01-31T00:36:01.523000;2016-01-31T00:36:01.630000;e412e92b-2cfe-4cba-bb85-24cfa242d617;379.23;0.01;SELL
2016-01-31T00:36:01.523000;2016-01-31T00:36:01.630000;8d3b3189-a401-4469-95fc-a64ddcee034b;379.23;0.01;SELL
2016-01-31T00:36:01.523000;2016-01-31T00:36:01.630000;a331a08e-074e-41ea-a600-2b63c329b6c0;379.23;0.01;SELL
2016-01-31T00:36:01.523000;2016-01-31T00:36:01.630000;69c2a183-5040-47be-b70e-2353c861b264;379.23;0.01;SELL
2016-01-31T00:36:01.523000;2016-01-31T00:36:01.630000;4e4e99b3-c61e-4594-bbe9-a6abd22bd03c;379.23;0.01;SELL
2016-01-31T00:36:01.523000;2016-01-31T00:36:01.630000;faad5b27-3dc2-4177-994f-a872e0d35e07;379.23;0.01;SELL
2016-01-31T00:36:01.523000;2016-01-31T00:36:01.630000;0cd436b6-f3b0-4096-8046-35c806efb506;379.23;0.01;SELL
2016-01-31T00:36:01.527000;2016-01-31T00:36:01.630000;b67b9f4d-7286-4e58-ae37-3204a54765ac;379.23;0.01;SELL
2016-01-31T00:36:01.527000;2016-01-31T00:36:01.630000;9d2c6f7e-a2c5-4d0d-a89b-06c4398a4723;379.23;0.218;SELL
2016-01-31T00:36:01.527000;2016-01-31T00:36:01.630000;3156ab70-4d41-4b38-bb15-02eaa9d874e4;379.22;0.01;SELL
2016-01-31T00:36:01.527000;2016-01-31T00:36:01.630000;062419af-412f-49c2-9b9c-27dbba3a6e59;379.22;0.01;SELL
2016-01-31T00:36:01.527000;2016-01-31T00:36:01.630000;d48d6c90-dfc4-469f-b7d1-0b4d37d68a3b;379.22;0.01;SELL
2016-01-31T00:36:01.527000;2016-01-31T00:36:01.630000;2dd38eba-5639-45ec-bb25-f94168ebfb3f;379.22;0.01;SELL
2016-01-31T00:36:01.527000;2016-01-31T00:36:01.630000;a3946c8c-3b7a-4242-a77b-dd978d6a64ac;379.22;0.01;SELL
2016-01-31T00:36:01.527000;2016-01-31T00:36:01.643000;70c369c2-4181-445a-aaa9-164a5c611301;379.2;0.214;SELL
2016-01-31T00:36:01.527000;2016-01-31T00:36:01.643000;166d2d69-e12a-43aa-aec6-2a240256f904;379.17;0.234;SELL
2016-01-31T00:36:01.527000;2016-01-31T00:36:01.643000;f74ee9e7-816e-4de2-987a-390f5b6b94b9;379.14;0.138;SELL
2016-01-31T00:36:01.527000;2016-01-31T00:36:01.643000;68d2bf49-0e20-44a3-b8b3-8b892fa8a8e7;379.14;0.48;SELL
2016-01-31T00:36:01.527000;2016-01-31T00:36:01.643000;dd6712ad-4243-4175-a6d7-28e1e8a4f3e7;379.12;0.01;SELL
2016-01-31T00:36:01.527000;2016-01-31T00:36:01.660000;f851709e-48f4-4e41-a8fa-0e0b99d9c581;379.12;0.01;SELL
2016-01-31T00:36:01.527000;2016-01-31T00:36:01.660000;78bf1664-53b2-44d0-94ce-7a2504fec554;379.11;0.01;SELL
2016-01-31T00:36:01.527000;2016-01-31T00:36:01.660000;f7c4e814-0e2a-430a-be0e-e4d4022e4bc3;379.08;0.01;SELL
2016-01-31T00:36:01.527000;2016-01-31T00:36:01.660000;99eac7a8-094c-43aa-858d-1d772ecb386c;379.06;10.99693;SELL
2016-01-31T00:37:01.737000;2016-01-31T00:37:01.690000;5fcddd82-ab19-44d1-8616-d76a0cf99689;379.1;0.01;SELL
2016-01-31T00:37:01.737000;2016-01-31T00:37:01.690000;5c86161e-af40-4594-9813-1a733ca2159b;379.1;0.164;SELL
2016-01-31T00:37:01.737000;2016-01-31T00:37:01.707000;6325c5ef-aecc-4f9b-8d57-b0c8f7e52cc9;379.1;0.53475153;SELL
2016-01-31T00:37:01.737000;2016-01-31T00:37:01.707000;9c9129aa-2c49-4daf-8590-81ee20a844ea;379.07;0.01;SELL
2016-01-31T00:37:01.737000;2016-01-31T00:37:01.707000;d39f6523-fa37-482d-8312-028fe0520837;379.07;0.05628847;SELL
2016-01-31T00:38:02.807000;2016-01-31T00:38:02.753000;2bc87a75-ff4d-4098-99ee-593cc12b9819;379.07;0.0167;BUY
2016-01-31T00:38:32.223000;2016-01-31T00:38:32.160000;7f36a5f1-068a-4ad1-a79b-69fa252c1646;379.07;0.3633;BUY
2016-01-31T00:38:32.223000;2016-01-31T00:38:32.177000;b8a03cfa-1bea-413d-9b7d-674fde6988cc;379.07;0.03151;BUY
2016-01-31T00:39:01.430000;2016-01-31T00:39:01.380000;76a0e757-6d8e-48eb-82c8-23d3b7203a2f;379.15;0.01;BUY
2016-01-31T00:39:01.430000;2016-01-31T00:39:01.393000;7509462e-ca32-4f33-b21b-72b3901e7d64;379.16;0.01;BUY
2016-01-31T00:39:01.430000;2016-01-31T00:39:01.393000;afe12809-0fc6-4a73-8e6e-d51bb2626e78;379.17;0.01;BUY
2016-01-31T00:39:01.430000;2016-01-31T00:39:01.393000;2b0afc6b-5983-4bf9-b59b-98b2d7161e99;379.17;0.01;BUY
2016-01-31T00:39:01.430000;2016-01-31T00:39:01.457000;e14c9293-e24b-41e7-8ae1-c0f51450278b;379.18;0.01;BUY
2016-01-31T00:39:01.430000;2016-01-31T00:39:01.457000;168623f6-92d5-485f-b4a5-64822983fceb;379.18;0.00429;BUY
2016-01-31T00:39:31.550000;2016-01-31T00:39:31.487000;cb08d9f7-206c-4123-bcae-3e55a6826dfb;379.18;0.37499;BUY
2016-01-31T00:40:01.573000;2016-01-31T00:40:01.503000;81faf356-f0d4-40bb-b904-aaf694fe5ce7;379.18;2.17768;BUY
2016-01-31T00:40:31.480000;2016-01-31T00:40:31.410000;3f36648f-7eb0-4d9c-8f7b-0a0b963e305b;379.18;0.02505;BUY
2016-01-31T00:41:01.480000;2016-01-31T00:41:01.427000;9a55f409-dc54-4dfd-8394-d467b19e49df;379.17;2.01447;BUY
2016-01-31T00:42:31.647000;2016-01-31T00:42:31.687000;2ddb8655-66ab-4e39-975f-f29864f9385a;379.17;0.03453;SELL
2016-01-31T00:42:34.333000;2016-01-31T00:42:34.373000;998edeb6-13ba-43bb-a743-d7244844d4b8;379.17;0.338;SELL
2016-01-31T00:42:34.337000;2016-01-31T00:42:34.390000;30d6c19b-b23c-4339-b498-00b557f8e8cb;379.17;2.51747;SELL
2016-01-31T00:42:34.337000;2016-01-31T00:42:34.390000;cde89fcb-f1eb-49b9-9712-3c1e24222b1d;379.17;0.697;SELL
2016-01-31T00:42:34.337000;2016-01-31T00:42:34.390000;5c5922b9-1e66-4c68-a2bc-d970a5922827;379.17;0.04805161;SELL
2016-01-31T00:42:34.337000;2016-01-31T00:42:34.390000;af0fe5f2-3365-48c6-9b29-0ca4bcb71097;379.16;0.701;SELL
2016-01-31T00:42:34.337000;2016-01-31T00:42:34.407000;a2bd5cfb-8068-4b87-8852-b02eb0c53d1d;379.14;0.43284993;SELL
2016-01-31T00:43:01.503000;2016-01-31T00:43:01.547000;3ffc0a52-23bf-4a80-84d3-7a0095c3b2ec;379.1;0.106;SELL
2016-01-31T00:43:01.503000;2016-01-31T00:43:01.563000;8c679603-716a-48ae-a288-bb59fd4fe620;379.06;1.11038;SELL
2016-01-31T00:43:31.447000;2016-01-31T00:43:31.483000;649ceaa2-1ffa-4a37-8c42-4f4cffb48367;379.17;0.01;BUY
2016-01-31T00:43:31.447000;2016-01-31T00:43:31.500000;d0653b25-b35a-4420-9193-48ba532d2989;379.17;0.01;BUY
2016-01-31T00:43:31.447000;2016-01-31T00:43:31.500000;a913a824-cc7b-413e-8d0d-63714056dfa4;379.18;0.22495;BUY
2016-01-31T00:43:31.447000;2016-01-31T00:43:31.500000;7b238420-0cfd-4390-9409-ea570d3c5269;379.21;0.01;BUY
2016-01-31T00:43:31.447000;2016-01-31T00:43:31.500000;85829ce2-31e4-4ccf-818e-e73e406cc58d;379.21;0.01;BUY
2016-01-31T00:43:31.447000;2016-01-31T00:43:31.593000;2919d7d3-b80f-40ce-9e00-54035508c1ef;379.21;0.010025;BUY
2016-01-31T00:43:31.447000;2016-01-31T00:43:31.593000;56dbbb56-ee26-4a3f-ab7b-5ad00b33854b;379.22;0.01;BUY
2016-01-31T00:43:31.450000;2016-01-31T00:43:31.593000;caeda52f-30f5-4ca6-97f6-6352c812fe1c;379.23;0.01;BUY
2016-01-31T00:43:31.450000;2016-01-31T00:43:31.593000;e18209f1-7f4b-4943-bf20-6a48e9d4ae57;379.23;0.01;BUY
2016-01-31T00:43:31.450000;2016-01-31T00:43:31.593000;82a43060-8994-4379-9952-3219f5da403b;379.24;0.01;BUY
2016-01-31T00:43:31.450000;2016-01-31T00:43:31.593000;f5cb1918-734f-4224-974d-3696c3dc0ec7;379.24;0.01;BUY
2016-01-31T00:43:31.450000;2016-01-31T00:43:31.593000;9fd66ad2-2873-4109-a92f-644105654f6e;379.24;0.088265;BUY
2016-01-31T00:44:01.450000;2016-01-31T00:44:01.483000;a8e5014f-d494-4012-bdb1-9520a90280bc;379.19;0.30234;BUY
2016-01-31T00:44:31.470000;2016-01-31T00:44:31.500000;730c2897-f2b6-484c-bb2e-ac0372d3b947;379.19;0.26151;BUY
2016-01-31T00:45:01.453000;2016-01-31T00:45:01.483000;c8c86a65-700c-4a02-8a9a-2609f3dbd141;379.16;0.010025;SELL
2016-01-31T00:45:01.453000;2016-01-31T00:45:01.500000;faee7cb4-d3a4-4e51-bf81-0a2d633bc0c1;379.16;0.082845;SELL
2016-01-31T00:45:32.757000;2016-01-31T00:45:32.780000;c4e38849-f6f0-42f5-893b-47213e64f88e;379.19;1.90462;BUY
2016-01-31T00:45:33.203000;2016-01-31T00:45:33.250000;d6795d50-a909-4815-8037-f19ced1ded17;379.19;0.01;BUY
2016-01-31T00:46:01.660000;2016-01-31T00:46:01.687000;69205c9e-abd0-4d30-8c2c-097197cbb402;379.19;0.50791;BUY
2016-01-31T00:46:30.647000;2016-01-31T00:46:30.673000;580ceaa6-23bb-46e1-9bb0-9249a04c1c1f;379.11;0.01;SELL
2016-01-31T00:46:30.647000;2016-01-31T00:46:30.703000;1cc0fc46-76d7-447e-b694-06e818abcea7;379.11;0.01;SELL
2016-01-31T00:46:30.647000;2016-01-31T00:46:30.703000;8953bf09-28e6-4efc-8460-79f4ebc2e665;379.11;0.01;SELL
2016-01-31T00:46:30.647000;2016-01-31T00:46:30.703000;99c5eede-6bb2-4492-ab31-effe62eaae1d;379.11;0.128;SELL
2016-01-31T00:46:30.647000;2016-01-31T00:46:30.720000;1f9e37b8-a860-4392-b6cf-cbc5a14d402d;379.08;0.112;SELL
2016-01-31T00:46:30.647000;2016-01-31T00:46:30.720000;4f0d07be-21a6-49a8-b5d4-e268862bed51;379.07;0.01;SELL
2016-01-31T00:46:30.647000;2016-01-31T00:46:30.720000;8e497fcd-1c49-4770-9ae6-5b1710eec492;379.07;0.01;SELL
2016-01-31T00:46:30.647000;2016-01-31T00:46:30.720000;6b717d01-e834-496a-bb01-1f8c00b8427c;379.05;0.126;SELL
2016-01-31T00:46:30.647000;2016-01-31T00:46:30.733000;998c1a8c-9d65-4a7c-b1fb-fe69b3af2d8a;379.02;0.107;SELL
2016-01-31T00:46:30.647000;2016-01-31T00:46:30.767000;70430d44-c97f-4a28-9fd9-b9504fcb6bfb;379.0;0.0115;SELL
2016-01-31T00:46:30.647000;2016-01-31T00:46:30.780000;118292a6-3ca1-4809-963e-32960b519a9d;379.0;0.1855;SELL
2016-01-31T00:46:31.553000;2016-01-31T00:46:31.577000;045b4937-e330-4035-bae8-3229443825d8;379.18;0.01;BUY
2016-01-31T00:46:31.553000;2016-01-31T00:46:31.610000;3ef87bca-d3e7-4a08-b515-702f5e5eaebc;379.19;0.01;BUY
2016-01-31T00:46:31.553000;2016-01-31T00:46:31.610000;33c4dbe8-f3e3-4ca5-ae25-2937ea705b7d;379.19;0.01;BUY
2016-01-31T00:46:31.553000;2016-01-31T00:46:31.610000;fb499da9-59a2-4ca0-99d4-842f5e3cf83e;379.2;0.01;BUY
2016-01-31T00:46:31.553000;2016-01-31T00:46:31.610000;538e4d97-d84f-473b-b810-c7e62ecbe63a;379.2;0.01;BUY
2016-01-31T00:46:31.553000;2016-01-31T00:46:31.627000;b0935de6-832b-4a19-a6b3-43388546db44;379.21;0.01;BUY
2016-01-31T00:46:31.557000;2016-01-31T00:46:31.627000;4c01a7ea-44d4-45ff-819d-e16bf48187e5;379.21;0.01;BUY
2016-01-31T00:46:31.557000;2016-01-31T00:46:31.627000;da898eff-24f5-49a9-88e5-ce86871cf80e;379.21;0.010025;BUY
2016-01-31T00:46:31.557000;2016-01-31T00:46:31.627000;a4a84b50-10d7-4eb4-abe0-7640ae113eb6;379.22;0.01;BUY
2016-01-31T00:46:31.557000;2016-01-31T00:46:31.627000;f2f34c1c-3c07-4dec-80c7-b2dca8a8d7ec;379.22;0.892545;BUY
2016-01-31T00:47:02.417000;2016-01-31T00:47:02.453000;d25b8ec1-cc60-4ff5-896e-d19cbefee2a6;379.14;0.3522;BUY
2016-01-31T00:47:31.570000;2016-01-31T00:47:31.610000;846d86b4-f17f-43bb-ad0d-eafd422808df;379.15;0.01;BUY
2016-01-31T00:47:31.570000;2016-01-31T00:47:31.610000;b4a7a6b5-0664-4927-8522-387c3b498fff;379.15;0.01;BUY
2016-01-31T00:47:31.570000;2016-01-31T00:47:31.610000;20774d52-4bcf-4754-8521-360f90d4aff7;379.15;0.32138;BUY
2016-01-31T00:48:02.170000;2016-01-31T00:48:02.203000;3d068261-909b-4b94-ab9f-72230fa591af;379.16;0.01;BUY
2016-01-31T00:48:02.170000;2016-01-31T00:48:02.203000;f2929c9e-aae4-48ec-97c3-5558beb7a09c;379.16;0.01;BUY
2016-01-31T00:48:02.170000;2016-01-31T00:48:02.203000;d9805c2a-c3b0-49df-9ccf-538450986902;379.17;0.01;BUY
2016-01-31T00:48:02.170000;2016-01-31T00:48:02.203000;d0268a3a-88f3-4c41-961a-4e902dc8cbf7;379.18;0.62362;BUY
2016-01-31T00:48:31.530000;2016-01-31T00:48:31.547000;775c70e3-e109-4421-a414-2c1ed5dae1c7;379.2;0.06953892;BUY
2016-01-31T00:48:31.530000;2016-01-31T00:48:31.577000;0be27c49-0701-4bf5-8acb-b334d48b37d7;379.22;0.01;BUY
2016-01-31T00:48:31.530000;2016-01-31T00:48:31.577000;eaaf8888-627d-460e-b065-ee708d84b1f5;379.22;0.18280108;BUY
2016-01-31T00:49:01.483000;2016-01-31T00:49:01.500000;cbd60e2b-ecbc-4954-ad90-b5d5ab0995bc;379.22;0.11719892;BUY
2016-01-31T00:49:01.483000;2016-01-31T00:49:01.517000;6f82dfa1-1a35-4341-914b-d45d1b295bc5;379.25;0.01;BUY
2016-01-31T00:49:01.483000;2016-01-31T00:49:01.517000;5e47a9d2-8332-40c4-8d60-790a968238de;379.25;0.01;BUY
2016-01-31T00:49:01.483000;2016-01-31T00:49:01.517000;8d001032-ba05-45fc-99f1-88450a937b07;379.26;0.01;BUY
2016-01-31T00:49:01.483000;2016-01-31T00:49:01.517000;6ede9126-c834-48e0-b00b-c42a2c655ea4;379.26;0.28;BUY
2016-01-31T00:49:01.483000;2016-01-31T00:49:01.610000;19fc633f-3e05-43ca-a062-b319ac6b3784;379.27;0.01;BUY
2016-01-31T00:49:01.483000;2016-01-31T00:49:01.610000;8fc47813-0467-4629-bb45-1c13f05ece50;379.27;0.01;BUY
2016-01-31T00:49:01.483000;2016-01-31T00:49:01.610000;8f30fbf2-e7f3-4f51-8504-f1d6902b0814;379.28;0.01;BUY
2016-01-31T00:49:01.483000;2016-01-31T00:49:01.610000;98c5c504-29a8-4806-ad55-ad96529f6555;379.29;0.01;BUY
2016-01-31T00:49:01.483000;2016-01-31T00:49:01.610000;3d612a53-0d42-4ebd-875a-8be7dd23c03e;379.29;0.00768108;BUY
2016-01-31T00:49:31.697000;2016-01-31T00:49:31.720000;23f4c4c0-792e-4a19-9204-ed6d20b40331;379.28;0.67;SELL
2016-01-31T00:49:31.697000;2016-01-31T00:49:31.733000;b9ca9cbe-826a-444b-98c3-22ca4e7ec550;379.27;0.148;SELL
2016-01-31T00:49:31.697000;2016-01-31T00:49:31.733000;fc4706b6-6c6a-4b72-9a36-81e065e99537;379.27;0.02;SELL
2016-01-31T00:49:31.697000;2016-01-31T00:49:31.733000;94ccd6e4-d549-4861-b2fd-5a46ab64f464;379.25;0.01;SELL
2016-01-31T00:49:31.697000;2016-01-31T00:49:31.733000;1b979378-59a6-4412-afa5-e24f4a4b0018;379.24;0.184;SELL
2016-01-31T00:49:31.697000;2016-01-31T00:49:31.827000;9b34bf3b-3773-4b5f-ac3f-159ff0b01582;379.23;0.15;SELL
2016-01-31T00:49:31.700000;2016-01-31T00:49:31.827000;1f6d61a9-f9b1-461b-94b7-b3005ee26a68;379.22;0.076;SELL
2016-01-31T00:49:31.700000;2016-01-31T00:49:31.827000;b0c0f62d-2b9f-4b82-b121-9d94fbc28500;379.21;0.148;SELL
2016-01-31T00:49:31.700000;2016-01-31T00:49:31.827000;1747ff16-271c-4881-a056-89dc618983d4;379.2;0.15;SELL
2016-01-31T00:49:31.700000;2016-01-31T00:49:31.827000;b73b33dc-0aca-499f-8da6-93012ac4c5bb;379.19;0.182;SELL
2016-01-31T00:49:31.700000;2016-01-31T00:49:31.827000;37ffd765-9b40-4517-bd6d-a93652466722;379.18;0.188;SELL
2016-01-31T00:49:31.700000;2016-01-31T00:49:31.827000;b1c33b71-d7aa-4135-9df0-2f11d8409197;379.18;0.15287;SELL
2016-01-31T00:50:01.510000;2016-01-31T00:50:01.530000;ecb08900-b7bd-4341-81e5-c28edf8dcf20;379.27;0.01;BUY
2016-01-31T00:50:01.510000;2016-01-31T00:50:01.547000;95e32be8-980c-4995-8dd6-78bfbb1e4b39;379.27;0.01;BUY
2016-01-31T00:50:01.510000;2016-01-31T00:50:01.547000;2a5ce317-e616-4639-90b1-de5dccaaf817;379.27;0.098;BUY
2016-01-31T00:50:01.510000;2016-01-31T00:50:01.547000;45bd11e0-5590-448b-8715-06389009e205;379.27;0.14605;BUY
2016-01-31T00:51:01.373000;2016-01-31T00:51:01.390000;83ddd6e7-58cd-47b7-bc7f-3bdb1c9767a1;379.17;0.010025;SELL
2016-01-31T00:51:01.373000;2016-01-31T00:51:01.407000;87fa570f-4bd4-4910-b227-b64692b43381;379.17;0.040715;SELL
2016-01-31T00:51:31.497000;2016-01-31T00:51:31.517000;083752b7-c176-412c-9f16-66c75aeb899b;379.26;0.01;BUY
2016-01-31T00:51:31.497000;2016-01-31T00:51:31.530000;881a770e-0b3f-4d8a-8c5e-8f560116630e;379.26;0.01;BUY
2016-01-31T00:51:31.497000;2016-01-31T00:51:31.530000;63b10ad8-42ac-4065-8019-a994e32cca6d;379.27;0.01;BUY
2016-01-31T00:51:31.497000;2016-01-31T00:51:31.563000;e67de4fb-2157-4b95-b570-3cc48ab7bea9;379.28;0.01;BUY
2016-01-31T00:51:31.497000;2016-01-31T00:51:31.563000;e353113a-2bad-4585-aca2-2491fb185e59;379.28;0.01;BUY
2016-01-31T00:51:31.497000;2016-01-31T00:51:31.577000;535feef5-d632-4007-b995-e1dd7db915bf;379.29;0.00231892;BUY
2016-01-31T00:51:31.497000;2016-01-31T00:51:31.577000;478eb1b7-60c4-423d-a21f-4d4effec8a32;379.29;0.21588108;BUY
2016-01-31T00:52:32.360000;2016-01-31T00:52:32.377000;a2f5de15-874a-4f59-94df-6eb4ac392a9f;379.26;0.01;BUY
2016-01-31T00:52:32.360000;2016-01-31T00:52:32.390000;24022a14-620f-487f-bf53-7b2f6fb0f8a8;379.26;0.01;BUY
2016-01-31T00:52:32.360000;2016-01-31T00:52:32.390000;3d871c5a-1e66-4b54-a783-576ba9e11969;379.27;0.01;BUY
2016-01-31T00:52:32.360000;2016-01-31T00:52:32.390000;ff00802e-5aed-4ff1-9328-a150657fe6e1;379.27;0.01;BUY
2016-01-31T00:52:32.360000;2016-01-31T00:52:32.390000;5de7f8d1-c971-41b2-b4b3-0daf560fb6c9;379.29;0.29097;BUY
2016-01-31T00:53:01.580000;2016-01-31T00:53:01.593000;5c73813c-f3c3-46a4-ad54-b661ced35291;379.26;0.01;BUY
2016-01-31T00:53:01.580000;2016-01-31T00:53:01.610000;c0793c6b-25e4-4ba8-a494-38ba85a158ec;379.26;0.01;BUY
2016-01-31T00:53:01.580000;2016-01-31T00:53:01.610000;050621ba-2c04-4828-aceb-e5d5d46a2b46;379.27;0.01;BUY
2016-01-31T00:53:01.580000;2016-01-31T00:53:01.610000;3f74a8f3-6b03-417a-b17b-2214603ddc2a;379.29;0.00903;BUY
2016-01-31T00:53:01.580000;2016-01-31T00:53:01.610000;4327da4b-3da5-45b8-b491-575d04db9468;379.3;0.01;BUY
2016-01-31T00:53:01.580000;2016-01-31T00:53:01.610000;5ec89cc7-c243-4fcd-b600-b39de14471d3;379.3;0.01;BUY
2016-01-31T00:53:01.580000;2016-01-31T00:53:01.627000;be1253e1-59ba-4645-ae53-64323e110952;379.31;0.01;BUY
2016-01-31T00:53:01.580000;2016-01-31T00:53:01.687000;1e08b180-d201-4c40-897a-8c607da632be;379.31;0.01;BUY
2016-01-31T00:53:01.580000;2016-01-31T00:53:01.687000;a0c6b4d7-6008-4136-a5be-02483b9e2e45;379.31;0.44343;BUY
2016-01-31T00:53:31.560000;2016-01-31T00:53:31.563000;10d3aa37-36c9-491a-93f7-3d10e6262a54;379.26;0.01;BUY
2016-01-31T00:53:31.560000;2016-01-31T00:53:31.593000;ce6251c9-5396-45cd-aff4-0a01fa20ee3b;379.26;0.01;BUY
2016-01-31T00:53:31.560000;2016-01-31T00:53:31.593000;5281ef11-7502-4f47-a8c3-e67f6789b94c;379.27;0.01;BUY
2016-01-31T00:53:31.560000;2016-01-31T00:53:31.593000;a0b1245e-5898-4ccb-b447-6d8a7a821a93;379.28;0.01;BUY
2016-01-31T00:53:31.560000;2016-01-31T00:53:31.593000;84740804-b30f-4686-b120-88ce280748a3;379.29;0.01;BUY
2016-01-31T00:53:31.560000;2016-01-31T00:53:31.673000;468633c6-35c1-4e13-89ec-4bff960afd5c;379.29;0.01;BUY
2016-01-31T00:53:31.560000;2016-01-31T00:53:31.673000;955d4461-6531-4b13-b506-45720b452ffe;379.29;0.3;BUY
2016-01-31T00:53:31.560000;2016-01-31T00:53:31.673000;98bab591-66da-4a40-8941-59ba0342cb2a;379.3;0.01;BUY
2016-01-31T00:53:31.560000;2016-01-31T00:53:31.673000;2e7398d4-61bb-42a7-8e28-694d62b11f8c;379.31;0.93694;BUY
2016-01-31T00:54:01.553000;2016-01-31T00:54:01.563000;db7542f3-a62a-4206-a89e-2a90bd35a40b;379.26;0.01;BUY
2016-01-31T00:54:01.553000;2016-01-31T00:54:01.580000;55b024cd-2929-471e-be59-64afdbed7dbc;379.27;0.01;BUY
2016-01-31T00:54:01.553000;2016-01-31T00:54:01.580000;f9faa87a-2dd2-42a3-b62d-4e55dd4a6417;379.27;0.01;BUY
2016-01-31T00:54:01.553000;2016-01-31T00:54:01.580000;42434262-993d-4b0a-ab96-8a28fea788ea;379.28;0.01;BUY
2016-01-31T00:54:01.553000;2016-01-31T00:54:01.580000;5debe629-f588-48eb-8f95-09a1672ce48c;379.28;0.01;BUY
2016-01-31T00:54:01.553000;2016-01-31T00:54:01.580000;97291cf9-8c43-4081-a80b-7751cc386c49;379.29;0.01;BUY
2016-01-31T00:54:01.553000;2016-01-31T00:54:01.593000;0a45fdfa-233b-48e1-b7f6-b74c6d7770ad;379.29;0.01;BUY
2016-01-31T00:54:01.557000;2016-01-31T00:54:01.593000;6de80e8b-b7fd-4250-9919-98efee8ab19f;379.29;0.3;BUY
2016-01-31T00:54:01.557000;2016-01-31T00:54:01.593000;55fa6aff-2291-48de-bca9-88c80d1fe89f;379.3;0.01;BUY
2016-01-31T00:54:01.557000;2016-01-31T00:54:01.593000;e7bd203b-c2c7-4933-834f-95606714be68;379.3;0.01;BUY
2016-01-31T00:54:01.557000;2016-01-31T00:54:01.593000;7b1e14c5-f285-4029-a1f0-44091559085b;379.31;0.0933;BUY
2016-01-31T00:54:31.533000;2016-01-31T00:54:31.547000;4ce14f8d-7a16-460f-8701-e93a4eeb3792;379.28;0.04;BUY
2016-01-31T00:54:31.533000;2016-01-31T00:54:31.563000;8e2bff0d-ada2-400e-9fff-2da8ab9bb092;379.3;0.01;BUY
2016-01-31T00:54:31.533000;2016-01-31T00:54:31.563000;63a9cd3f-7b5c-4117-98cd-39ccd27bda69;379.31;0.13;BUY
2016-01-31T00:54:31.533000;2016-01-31T00:54:31.563000;861453e2-1bfc-47e0-8159-7e2c33cae8a1;379.32;0.01;BUY
2016-01-31T00:54:31.533000;2016-01-31T00:54:31.563000;f99836fc-cb73-4590-82a5-54b45d76b7f8;379.32;0.01;BUY
2016-01-31T00:54:31.533000;2016-01-31T00:54:31.563000;16b5b732-5639-4c7c-89f2-e8d6c9fcd02b;379.32;2.14;BUY
2016-01-31T00:54:31.533000;2016-01-31T00:54:31.563000;ee9b7ed3-ad16-4601-956b-df608bffad5e;379.33;0.01;BUY
2016-01-31T00:54:31.537000;2016-01-31T00:54:31.580000;4638f001-ef80-467c-972c-b170e4517ceb;379.33;0.01;BUY
2016-01-31T00:54:31.537000;2016-01-31T00:54:31.640000;6b41664f-5d91-4652-b1c5-ff50732107a2;379.34;0.01;BUY
2016-01-31T00:54:31.537000;2016-01-31T00:54:31.640000;77eec226-14db-4b76-ac6c-8edc4549e08e;379.34;0.01;BUY
2016-01-31T00:54:31.537000;2016-01-31T00:54:31.640000;c23a6954-20e9-40b7-ac64-6625eb0f17ca;379.34;0.82334;BUY
2016-01-31T00:55:01.490000;2016-01-31T00:55:01.500000;a28c8e65-b09e-4052-8573-5943165e5c97;379.29;0.3;BUY
2016-01-31T00:55:01.490000;2016-01-31T00:55:01.517000;747221f6-4995-4ebe-8d1e-e7b47d322748;379.29;0.04;BUY
2016-01-31T00:55:01.490000;2016-01-31T00:55:01.517000;2a431cf8-b1fc-4896-b578-e4523deb2502;379.31;2.53432;BUY
2016-01-31T00:55:31.507000;2016-01-31T00:55:31.517000;c839d18b-de05-45bf-a7db-956c22af7ac1;379.19;0.01329;SELL
2016-01-31T00:56:31.587000;2016-01-31T00:56:31.593000;2cb72795-936d-4d41-adbf-42578d4b0e2d;379.21;0.010025;BUY
2016-01-31T00:56:31.587000;2016-01-31T00:56:31.593000;5232141f-8f7b-4e7c-a683-a7378186c02e;379.28;0.260445;BUY
2016-01-31T00:57:01.533000;2016-01-31T00:57:01.623000;897c3b35-5435-4705-bfe2-ab148371e281;379.26;0.23098;BUY
2016-01-31T00:57:31.580000;2016-01-31T00:57:31.670000;5577dd84-1607-40d5-a0ad-a98fec07c72c;379.27;0.26;BUY
2016-01-31T00:57:31.580000;2016-01-31T00:57:31.687000;da8f09f7-92c2-4879-9c18-a7d25bd85dce;379.28;0.02;BUY
2016-01-31T00:57:31.580000;2016-01-31T00:57:31.687000;f96927c0-00ad-45a0-9e96-5470fce344f7;379.31;1.43;BUY
2016-01-31T00:57:31.580000;2016-01-31T00:57:31.687000;2dadd40e-0257-4a9c-bae2-0c3ca5d9fdf6;379.32;1.8166;BUY
2016-01-31T00:58:01.993000;2016-01-31T00:58:02.077000;73a6da3b-82aa-427e-bb4a-c5e33b300257;379.27;0.25824;BUY
2016-01-31T00:58:32.397000;2016-01-31T00:58:32.497000;70865d90-06cc-4a73-9dfa-cd4c28838b13;379.18;0.01;SELL
2016-01-31T00:58:32.397000;2016-01-31T00:58:32.530000;7e7b3d83-ec11-4d09-bf1c-69042fe38563;379.18;0.01;SELL
2016-01-31T00:58:32.397000;2016-01-31T00:58:32.530000;41e6dce4-8a67-4cb5-8b20-7032de3e0fba;379.18;0.01;SELL
2016-01-31T00:58:32.397000;2016-01-31T00:58:32.530000;a08928e8-ad46-44c6-8dff-140e2f9c0d93;379.18;0.01;SELL
2016-01-31T00:58:32.400000;2016-01-31T00:58:32.530000;ee1b53f1-9ead-44d8-b132-50fd76518919;379.18;0.01;SELL
2016-01-31T00:58:32.400000;2016-01-31T00:58:32.607000;f2a8f88f-a041-4884-bae5-589530959bb8;379.18;0.01;SELL
2016-01-31T00:58:32.400000;2016-01-31T00:58:32.607000;dfbe2524-5cc4-4fa6-9d09-a9679ee229c8;379.18;0.01;SELL
2016-01-31T00:58:32.400000;2016-01-31T00:58:32.607000;70a3b947-0b65-445c-bde5-0b477e135e81;379.18;0.122;SELL
2016-01-31T00:58:32.400000;2016-01-31T00:58:32.607000;a11a2017-ae55-44d5-836b-de15fd116c64;379.18;0.08;SELL
2016-01-31T00:58:32.400000;2016-01-31T00:58:32.607000;ab49671f-17a4-4bb8-92b5-95a252d13f30;379.18;0.10417012;SELL
2016-01-31T00:58:32.400000;2016-01-31T00:58:32.607000;cfc9cf4c-669d-4b02-984f-9b7777f7cd3e;379.17;0.010025;SELL
2016-01-31T00:58:32.400000;2016-01-31T00:58:32.607000;dbf1b2ea-2b1f-4bbd-be1c-7f0193cab19d;379.16;0.01;SELL
2016-01-31T00:58:32.400000;2016-01-31T00:58:32.607000;e4e8e72a-394f-415c-9deb-414b07bf4d83;379.16;0.01;SELL
2016-01-31T00:58:32.400000;2016-01-31T00:58:32.607000;56764ea8-1381-4880-8585-9ba605531f6a;379.16;0.01;SELL
2016-01-31T00:58:32.400000;2016-01-31T00:58:32.607000;b69e10c9-8191-4fdc-bbe0-30a42bc2eda1;379.16;0.01;SELL
2016-01-31T00:58:32.400000;2016-01-31T00:58:32.607000;077ba280-4906-4be3-8481-6b545629f32a;379.16;0.01;SELL
2016-01-31T00:58:32.400000;2016-01-31T00:58:32.607000;f2e661d3-d29b-4f75-a7b8-797550092d43;379.16;0.01;SELL
2016-01-31T00:58:32.400000;2016-01-31T00:58:32.607000;767b3f12-d5a1-4051-a004-aca817f6d7c6;379.16;0.01;SELL
2016-01-31T00:58:32.400000;2016-01-31T00:58:32.607000;7c497e0d-88ab-439f-a54d-186253137502;379.16;0.01;SELL
2016-01-31T00:58:32.400000;2016-01-31T00:58:32.607000;ceff09ca-8893-4263-9bea-8efd56e1cef7;379.16;0.01;SELL
2016-01-31T00:58:32.400000;2016-01-31T00:58:32.607000;d31d34e4-276e-4701-8282-4f16d70cd832;379.15;0.01;SELL
2016-01-31T00:58:32.400000;2016-01-31T00:58:32.607000;65e63816-7cb8-416b-9245-b1519cee516a;379.15;0.01;SELL
2016-01-31T00:58:32.400000;2016-01-31T00:58:32.607000;30217a5e-9180-4463-95f9-9195451f6f4d;379.15;0.01;SELL
2016-01-31T00:58:32.400000;2016-01-31T00:58:32.607000;fc7397bb-b86e-4f86-b9f9-ceb3d4632162;379.15;0.01;SELL
2016-01-31T00:58:32.400000;2016-01-31T00:58:32.607000;3b2c5a34-6ea2-4123-9e79-ec11af892eca;379.15;0.01;SELL
2016-01-31T00:58:32.403000;2016-01-31T00:58:32.607000;e54c5330-8f14-4cdc-a767-ac41021b06d7;379.15;0.01;SELL
2016-01-31T00:58:32.403000;2016-01-31T00:58:32.607000;709f10d8-a05e-4350-9911-f048f598e72d;379.15;0.01;SELL
2016-01-31T00:58:32.403000;2016-01-31T00:58:32.607000;d6b93128-edf3-4c38-af9f-a117240db5a6;379.15;0.01;SELL
2016-01-31T00:58:32.403000;2016-01-31T00:58:32.607000;13da6cdf-e9b0-43d5-9dc1-c5153289e1fe;379.15;0.01;SELL
2016-01-31T00:58:32.403000;2016-01-31T00:58:32.607000;d6b6601b-5cf7-4d5e-9313-951b51a5c3b3;379.15;0.01;SELL
2016-01-31T00:58:32.403000;2016-01-31T00:58:32.607000;a48afb89-c0ea-4953-9377-42e9c442ae75;379.15;0.01;SELL
2016-01-31T00:58:32.403000;2016-01-31T00:58:32.607000;e85215d3-6d1a-4a31-aec0-c667932ee641;379.15;0.01;SELL
2016-01-31T00:58:32.403000;2016-01-31T00:58:32.607000;cb6283ff-d42d-43df-aaf0-a86cb48cc6f5;379.15;0.01;SELL
2016-01-31T00:58:32.403000;2016-01-31T00:58:32.607000;398521f4-fce4-4698-bcd2-abc51e3eba80;379.15;0.01;SELL
2016-01-31T00:58:32.403000;2016-01-31T00:58:32.607000;58094a96-9480-46da-95c4-9c7619de9aff;379.15;0.01;SELL
2016-01-31T00:58:32.403000;2016-01-31T00:58:32.623000;11abde59-364d-49de-a593-d08925a75758;379.15;0.01;SELL
2016-01-31T00:58:32.403000;2016-01-31T00:58:32.623000;219e70bd-759f-4f8a-bcc4-58f6e94514bc;379.15;0.01;SELL
2016-01-31T00:58:32.403000;2016-01-31T00:58:32.623000;9ae9784a-a62e-4cee-81ac-34bae9576cdc;379.15;0.01;SELL
2016-01-31T00:58:32.403000;2016-01-31T00:58:32.623000;f7c9547c-1840-4dc5-87bb-37fcbc737ea0;379.15;0.01;SELL
2016-01-31T00:58:32.403000;2016-01-31T00:58:32.623000;857bb8a0-118d-44a7-af64-d41becabe529;379.15;0.01;SELL
2016-01-31T00:58:32.403000;2016-01-31T00:58:32.623000;ac2b61b3-f92a-410e-9dd8-a439a6468017;379.15;0.01;SELL
2016-01-31T00:58:32.403000;2016-01-31T00:58:32.623000;8d4b1677-c4a7-48d7-87da-5d352d54de88;379.15;0.01;SELL
2016-01-31T00:58:32.403000;2016-01-31T00:58:32.623000;9370c9cf-3e8a-4394-a66b-45ca0ba135cd;379.15;0.01;SELL
2016-01-31T00:58:32.403000;2016-01-31T00:58:32.623000;70abff9e-0a23-4e06-880f-1cc19adfc3ab;379.15;0.01;SELL
2016-01-31T00:58:32.403000;2016-01-31T00:58:32.623000;8e80b243-dbc5-48a6-b657-505811aa645a;379.15;0.01;SELL
2016-01-31T00:58:32.403000;2016-01-31T00:58:32.623000;5f91ec32-7bdb-4319-9c8e-1299a18e9e2a;379.15;0.01;SELL
2016-01-31T00:58:32.407000;2016-01-31T00:58:32.623000;434bc871-ef79-479f-b781-c4b3e08ba08d;379.15;0.01;SELL
2016-01-31T00:58:32.407000;2016-01-31T00:58:32.623000;2bf7764e-18bf-4960-8179-aab3f090a82f;379.15;0.01;SELL
2016-01-31T00:58:32.407000;2016-01-31T00:58:32.623000;25ab893e-e105-48c5-863e-39552e151d10;379.15;0.01;SELL
2016-01-31T00:58:32.407000;2016-01-31T00:58:32.687000;741d74eb-eb92-4925-ad32-dc768e325470;379.15;0.01;SELL
2016-01-31T00:58:32.407000;2016-01-31T00:58:32.687000;bfdfd81d-2e3e-4e3f-91a4-12350d77674b;379.15;0.01;SELL
2016-01-31T00:58:32.407000;2016-01-31T00:58:32.687000;4dfeab03-9364-4bcd-ba2d-18f18bed85a7;379.15;0.01;SELL
2016-01-31T00:58:32.407000;2016-01-31T00:58:32.687000;3340c4f8-4a8f-4046-82ff-21461deb9bb0;379.15;0.01;SELL
2016-01-31T00:58:32.407000;2016-01-31T00:58:32.687000;43fd3ad5-be02-4bba-9d1a-8d56e7090c22;379.15;0.01;SELL
2016-01-31T00:58:32.407000;2016-01-31T00:58:32.700000;94e27ff4-4ba6-4312-b21b-9e74f3004af3;379.15;0.01;SELL
2016-01-31T00:58:32.407000;2016-01-31T00:58:32.700000;2194bec8-9584-46c2-9478-1b96b312a9e4;379.15;0.01;SELL
2016-01-31T00:58:32.407000;2016-01-31T00:58:32.700000;ddc2b5d0-a0d6-4294-a171-510488bc5cd2;379.15;0.01;SELL
2016-01-31T00:58:32.407000;2016-01-31T00:58:32.700000;0b62487b-f846-4426-89ea-744d24c3cb71;379.15;0.01;SELL
2016-01-31T00:58:32.407000;2016-01-31T00:58:32.700000;f1331c43-d1d1-4b4a-b764-86090ebb85d9;379.15;0.01;SELL
2016-01-31T00:58:32.407000;2016-01-31T00:58:32.700000;086c6a9d-569e-4346-b359-fa94e09686b0;379.15;0.01;SELL
2016-01-31T00:58:32.407000;2016-01-31T00:58:32.700000;f911859f-f81d-4e49-bf16-31d49fddfd06;379.15;0.01;SELL
2016-01-31T00:58:32.407000;2016-01-31T00:58:32.700000;283cbdd5-f409-4619-a31e-56d85c5a4882;379.15;0.01;SELL
2016-01-31T00:58:32.407000;2016-01-31T00:58:32.700000;27508ee7-8fe3-40c5-b243-3bbe02626aa3;379.15;0.01;SELL
2016-01-31T00:58:32.407000;2016-01-31T00:58:32.700000;5f99c89f-268a-4ac8-9403-bcce52108eb9;379.15;0.01;SELL
2016-01-31T00:58:32.407000;2016-01-31T00:58:32.700000;9b3e69b0-7f69-4cdc-bd4a-a3b73bf7a65c;379.15;0.089;SELL
2016-01-31T00:58:32.407000;2016-01-31T00:58:32.700000;f9885dab-5d9f-443c-9c6e-613f616c6778;379.12;0.442;SELL
2016-01-31T00:58:32.407000;2016-01-31T00:58:32.700000;dcb06595-1b7a-41d5-b8f9-cb71316b6674;379.12;0.13;SELL
2016-01-31T00:58:32.410000;2016-01-31T00:58:32.700000;eeb79846-641e-4c88-bd89-4e1e2bc1f70e;379.09;0.115;SELL
2016-01-31T00:58:32.410000;2016-01-31T00:58:32.700000;43c6608b-42f5-4d1a-9949-44152fc0b89f;379.06;0.01;SELL
2016-01-31T00:58:32.410000;2016-01-31T00:58:32.700000;fa9d6b81-0edb-4b9f-bfaa-89655247676b;379.06;0.01;SELL
2016-01-31T00:58:32.410000;2016-01-31T00:58:32.700000;e929d24f-75ad-452f-98d4-550244de0a9b;379.06;0.01;SELL
2016-01-31T00:58:32.410000;2016-01-31T00:58:32.700000;1a53ea9a-8b9b-4e05-89cb-94560e2ad0a6;379.06;0.01;SELL
2016-01-31T00:58:32.410000;2016-01-31T00:58:32.700000;222098f6-645d-4c7e-9779-424542bd2663;379.06;0.01;SELL
2016-01-31T00:58:32.410000;2016-01-31T00:58:32.700000;4f460ead-6b18-4b09-acb7-16f01848a92a;379.06;0.01;SELL
2016-01-31T00:58:32.410000;2016-01-31T00:58:32.700000;81cf3e0f-f500-4ebc-9487-b867406bebb1;379.06;0.01;SELL
2016-01-31T00:58:32.410000;2016-01-31T00:58:32.700000;56589d57-d845-4f44-95d8-5d08a0d3d12e;379.06;0.01;SELL
2016-01-31T00:58:32.410000;2016-01-31T00:58:32.700000;45f0f044-60d8-445c-ae58-0fb806e664cc;379.06;0.01;SELL
2016-01-31T00:58:32.410000;2016-01-31T00:58:32.700000;b938f525-77bf-491c-9140-f6c9aebb35c5;379.06;0.083;SELL
2016-01-31T00:58:32.410000;2016-01-31T00:58:32.700000;622726bc-b94c-4f3f-bd48-af2c4b2ccbbb;379.05;0.01;SELL
2016-01-31T00:58:32.410000;2016-01-31T00:58:32.717000;d2a74248-6ca2-41eb-807c-6be3a109254f;379.05;0.01;SELL
2016-01-31T00:58:32.410000;2016-01-31T00:58:32.717000;93f72f82-90b3-475a-b17e-b201c43ec2a3;379.03;0.094;SELL
2016-01-31T00:58:32.410000;2016-01-31T00:58:32.717000;a1cc8162-349c-421c-8045-a74c0bb93c8a;379.0;1.8145;SELL
2016-01-31T00:58:32.410000;2016-01-31T00:58:32.717000;d8f63fe1-b961-4fb9-b1a7-10926caaadd6;379.0;0.096;SELL
2016-01-31T00:58:32.410000;2016-01-31T00:58:32.717000;344c6666-b72f-4202-bc9a-0828b58dfaab;378.97;0.087;SELL
2016-01-31T00:58:32.410000;2016-01-31T00:58:32.717000;32d9a016-17b8-4115-9f97-da250e42d2e8;378.94;0.083;SELL
2016-01-31T00:58:32.410000;2016-01-31T00:58:32.717000;4bd00b57-03ab-4d16-b213-f8e4b5bb82af;378.91;0.01;SELL
2016-01-31T00:58:32.410000;2016-01-31T00:58:32.717000;ff1133c0-d866-4aaa-a7b1-aa33f421bdd4;378.91;0.2769205;SELL
2016-01-31T00:58:32.410000;2016-01-31T00:58:32.717000;4ba95e60-7801-4f47-8820-a7dae9a42794;378.91;0.091;SELL
2016-01-31T00:58:32.410000;2016-01-31T00:58:32.717000;0ab9fad5-0c51-4407-bb3e-12d21d1ddb8b;378.88;0.3;SELL
2016-01-31T00:58:32.413000;2016-01-31T00:58:32.717000;18c8f2ad-0717-4586-a62b-39a1f61ad119;378.88;0.128;SELL
2016-01-31T00:58:32.413000;2016-01-31T00:58:32.717000;116070f5-5fe5-45a7-acbb-d8a00baae68f;378.85;0.104;SELL
2016-01-31T00:58:32.413000;2016-01-31T00:58:32.717000;e163755e-5f38-4577-98dd-a565f8f56bad;378.82;0.081;SELL
2016-01-31T00:58:32.413000;2016-01-31T00:58:32.717000;a2149c59-e627-4670-a2ea-3bad5cba0c2a;378.79;0.093;SELL
2016-01-31T00:58:32.413000;2016-01-31T00:58:32.717000;fe72979e-96a7-4a65-9797-9fc8c987f98c;378.77;19.85438438;SELL
2016-01-31T00:59:01.517000;2016-01-31T00:59:01.607000;cd966379-0850-4f71-8713-3ef3b3affb7d;379.12;0.047202;BUY
2016-01-31T00:59:01.517000;2016-01-31T00:59:01.623000;894761a5-de49-47ab-9fed-935b07d98c2c;379.15;0.01;BUY
2016-01-31T00:59:01.517000;2016-01-31T00:59:01.623000;87a52c3b-e422-49ca-a6e3-c3f5e38045af;379.15;0.04;BUY
2016-01-31T00:59:01.517000;2016-01-31T00:59:01.653000;db909119-4ebb-486e-b02e-3f7c7ef8212f;379.17;0.01;BUY
2016-01-31T00:59:01.517000;2016-01-31T00:59:01.670000;eb71622e-9192-4c1f-bb5e-074577183731;379.17;0.01;BUY
2016-01-31T00:59:01.520000;2016-01-31T00:59:01.670000;03957b6f-8313-49a5-87de-58ed9bd7f9c2;379.18;0.01;BUY
2016-01-31T00:59:01.520000;2016-01-31T00:59:01.670000;23a3df39-91f2-4431-8aa3-8f3854c7e08c;379.18;0.01;BUY
2016-01-31T00:59:01.520000;2016-01-31T00:59:01.670000;c4deb594-80b6-404b-aa6c-e8cc12242a06;379.19;0.01;BUY
2016-01-31T00:59:01.520000;2016-01-31T00:59:01.670000;eb0af54c-e243-4a7f-b3e5-96f6ea6fe6e4;379.2;0.01;BUY
2016-01-31T00:59:01.520000;2016-01-31T00:59:01.670000;04de0a61-e350-4530-9114-4d1fbabaf4ee;379.21;0.01;BUY
2016-01-31T00:59:01.520000;2016-01-31T00:59:01.670000;09cd45bb-7cf8-482c-b933-79ee9c652567;379.21;0.01;BUY
2016-01-31T00:59:01.520000;2016-01-31T00:59:01.670000;0a42f173-fa92-4174-84d8-8dc09ad43852;379.22;0.01;BUY
2016-01-31T00:59:01.520000;2016-01-31T00:59:01.687000;67619a1d-03c4-405f-9172-6b0fbab3d14b;379.22;0.01;BUY
2016-01-31T00:59:01.520000;2016-01-31T00:59:01.687000;6c35acd7-1b84-42fd-8ddf-890262eb2182;379.23;0.004878;BUY
2016-01-31T01:04:45.597000;2016-01-31T01:04:45.670000;d1191806-6fa8-41c6-82fb-f573f273c531;379.15;0.01;BUY
2016-01-31T01:04:45.597000;2016-01-31T01:04:45.687000;5538dca0-5fbc-4232-b141-27ec417aaeed;379.15;0.01;BUY
2016-01-31T01:04:45.597000;2016-01-31T01:04:45.687000;2bf18d63-2144-4807-ba32-60901b1bd55f;379.16;0.01;BUY
2016-01-31T01:04:45.597000;2016-01-31T01:04:45.687000;dfa5bc49-75ba-4ad4-b2a9-0c3d25ee91a0;379.18;0.01;BUY
2016-01-31T01:04:45.597000;2016-01-31T01:04:45.700000;6107e202-e286-4d6c-a095-1cfcc0c0b625;379.19;0.01;BUY
2016-01-31T01:04:45.597000;2016-01-31T01:04:45.700000;fd850245-db0d-4e34-9262-eaee245ced3a;379.2;0.01;BUY
2016-01-31T01:04:45.597000;2016-01-31T01:04:45.700000;0a5e95d2-c1c5-484b-bc0c-0afe2e172bde;379.2;0.01;BUY
2016-01-31T01:04:45.597000;2016-01-31T01:04:45.700000;713f562a-1db9-4792-ba25-86779450c988;379.22;0.01;BUY
2016-01-31T01:04:45.597000;2016-01-31T01:04:45.717000;0aa44ad0-8fcd-4c0a-9476-ad014f0fcf8f;379.23;0.005122;BUY
2016-01-31T01:04:45.597000;2016-01-31T01:04:45.763000;8cb082cf-e9ad-422a-bc89-8b919b95b815;379.23;0.01;BUY
2016-01-31T01:04:45.597000;2016-01-31T01:04:45.763000;776a4e5e-3285-4705-a69e-1e5d0c0e5f70;379.24;0.01;BUY
2016-01-31T01:04:45.597000;2016-01-31T01:04:45.763000;818707e4-ec85-4330-b0df-b0c9eed22e11;379.24;0.01;BUY
2016-01-31T01:04:45.597000;2016-01-31T01:04:45.763000;146a59e4-aef8-4c38-9ef7-595e6d6ab7d8;379.25;0.01;BUY
2016-01-31T01:04:45.597000;2016-01-31T01:04:45.763000;85d9d40c-ffee-456f-b68d-e2ebb3dce498;379.25;0.01;BUY
2016-01-31T01:04:45.597000;2016-01-31T01:04:45.780000;c8206c48-7477-4167-94b3-bbe59a15c99b;379.27;0.044878;BUY
2016-01-31T01:05:35.490000;2016-01-31T01:05:35.560000;b98869ea-e64c-40ee-803b-f9cadfc036d9;379.06;0.01;SELL
2016-01-31T01:05:35.490000;2016-01-31T01:05:35.560000;ee6467ce-aa9a-4294-8d3a-bc4bb926e2c0;379.06;0.125;SELL
2016-01-31T01:05:35.490000;2016-01-31T01:05:35.560000;04118250-2f8b-4728-93dc-75a8fa92d4a4;379.06;0.115;SELL
2016-01-31T01:07:02.123000;2016-01-31T01:07:02.200000;4df43e8a-8677-415b-beaf-ef123e09cc30;379.15;0.01;BUY
2016-01-31T01:07:02.123000;2016-01-31T01:07:02.200000;7e05f5cf-b314-4776-bea1-d7541884c383;379.16;0.01;BUY
2016-01-31T01:07:02.123000;2016-01-31T01:07:02.200000;262699dc-6cb9-4388-a0b8-dd80120b5096;379.16;0.01;BUY
2016-01-31T01:07:02.123000;2016-01-31T01:07:02.200000;799b50a9-80bf-46e2-ba3f-991b69facf68;379.17;0.01;BUY
2016-01-31T01:07:02.123000;2016-01-31T01:07:02.200000;bbcbe60c-8e32-4bc2-83e6-7c1c1e62eaf3;379.17;0.01;BUY
2016-01-31T01:07:02.123000;2016-01-31T01:07:02.217000;1b1b5a05-ad0e-422b-8337-c0e6d67ebe10;379.18;0.01;BUY
2016-01-31T01:07:02.123000;2016-01-31T01:07:02.233000;52b84cfe-af00-4532-b1a3-7b345b57baa6;379.18;0.01;BUY
2016-01-31T01:07:02.123000;2016-01-31T01:07:02.233000;79f5cac5-4cfa-41bc-aaa7-5de5907dd534;379.18;0.44;BUY
2016-01-31T01:07:02.127000;2016-01-31T01:07:02.233000;af946196-43b4-4dd2-9334-d607c23d999f;379.19;0.01;BUY
2016-01-31T01:07:02.127000;2016-01-31T01:07:02.233000;d7b0ffc5-a5c2-4d5a-9662-55d9aef5ee25;379.2;0.01;BUY
2016-01-31T01:07:02.127000;2016-01-31T01:07:02.233000;56bae461-2454-4539-ad52-6a007da51048;379.21;0.01;BUY
2016-01-31T01:07:02.127000;2016-01-31T01:07:02.233000;af0ce0b6-449f-4d69-9a6d-39be8be4f5e2;379.21;0.01;BUY
2016-01-31T01:07:02.127000;2016-01-31T01:07:02.250000;888e7b5c-815f-493c-9f3a-13dea2971f8d;379.21;0.010025;BUY
2016-01-31T01:07:02.127000;2016-01-31T01:07:02.263000;c04f57b4-e30d-4763-b397-782df57c9559;379.25;0.04;BUY
2016-01-31T01:07:02.127000;2016-01-31T01:07:02.263000;174135b1-0e26-43ac-94f5-e58b202906f6;379.28;2.08;BUY
2016-01-31T01:07:02.127000;2016-01-31T01:07:02.263000;c54ef1b3-10a9-4a05-a8db-ab4c8a148bcb;379.29;0.094215;BUY
2016-01-31T01:07:31.513000;2016-01-31T01:07:31.577000;e26011f0-3cb5-4e1d-a773-ff75e58cdf3b;379.18;0.01;BUY
2016-01-31T01:07:31.513000;2016-01-31T01:07:31.593000;9ed304b6-9a50-4475-a9b4-44669fd83531;379.18;0.01;BUY
2016-01-31T01:07:31.513000;2016-01-31T01:07:31.607000;a9acad2b-7d78-4adc-a3de-8ed876b58a88;379.19;0.01;BUY
2016-01-31T01:07:31.513000;2016-01-31T01:07:31.607000;61e5437d-b455-44cb-9e06-5293eb1979b9;379.2;0.01;BUY
2016-01-31T01:07:31.513000;2016-01-31T01:07:31.607000;478468cc-970c-4aab-968c-4bd70d061df7;379.21;0.01;BUY
2016-01-31T01:07:31.513000;2016-01-31T01:07:31.607000;09695741-df98-48b1-8221-d55c9c6b8afa;379.21;0.01;BUY
2016-01-31T01:07:31.513000;2016-01-31T01:07:31.607000;9d7e111f-0ee1-4325-98bf-b6d1f55ff831;379.22;0.01;BUY
2016-01-31T01:07:31.513000;2016-01-31T01:07:31.607000;0947d8d8-c9df-473b-b5a3-a1e3a342cd84;379.22;0.01;BUY
2016-01-31T01:07:31.513000;2016-01-31T01:07:31.607000;eb862c2e-bcc9-474f-9a70-2cdcd179498c;379.23;0.01;BUY
2016-01-31T01:07:31.513000;2016-01-31T01:07:31.607000;a5c81d77-052c-45a7-93d4-0eeac22a03c3;379.24;0.01;BUY
2016-01-31T01:07:31.513000;2016-01-31T01:07:31.607000;eaa98d46-069f-439c-b6d9-435ac0f754f9;379.24;0.01;BUY
2016-01-31T01:07:31.513000;2016-01-31T01:07:31.607000;ad236c0a-ac6b-42df-98f7-67b710eef8b2;379.25;0.01;BUY
2016-01-31T01:07:31.517000;2016-01-31T01:07:31.607000;22c871af-b947-4b05-acb0-4dd5ed9cad62;379.25;0.01;BUY
2016-01-31T01:07:31.517000;2016-01-31T01:07:31.607000;a80a22b8-f949-4d83-868f-3c7b9da42d29;379.26;0.01;BUY
2016-01-31T01:07:31.517000;2016-01-31T01:07:31.607000;76d6ba71-54d9-46c8-bdd9-46fce9cab1ff;379.26;0.01;BUY
2016-01-31T01:07:31.517000;2016-01-31T01:07:31.607000;3f79d6ff-4664-48cd-9efd-24914585322a;379.26;0.10944;BUY
2016-01-31T01:08:31.367000;2016-01-31T01:08:31.437000;993a5264-b7ab-453a-b1bb-8270610d7c36;379.21;0.01;BUY
2016-01-31T01:08:31.367000;2016-01-31T01:08:31.453000;b8fed66c-3b2f-4202-a190-877bd70dd5c7;379.21;0.01;BUY
2016-01-31T01:08:31.367000;2016-01-31T01:08:31.453000;e5a46104-efbb-40ff-81bd-968859367476;379.22;0.01;BUY
2016-01-31T01:08:31.367000;2016-01-31T01:08:31.453000;eb4df96f-e2f6-4af8-a15b-136b84c62415;379.22;0.01;BUY
2016-01-31T01:08:31.367000;2016-01-31T01:08:31.500000;770c07cf-c40d-4346-9c18-51b60893d290;379.23;0.01;BUY
2016-01-31T01:08:31.367000;2016-01-31T01:08:31.500000;c0c8f96a-7e33-4f9a-baa8-db4032f77223;379.23;0.01;BUY
2016-01-31T01:08:31.367000;2016-01-31T01:08:31.500000;bb8b1df4-d20f-440b-a28d-0803d95e8d3e;379.24;0.01;BUY
2016-01-31T01:08:31.367000;2016-01-31T01:08:31.500000;ae715527-44bd-4ad3-9c77-131acc7eec51;379.25;0.01;BUY
2016-01-31T01:08:31.367000;2016-01-31T01:08:31.500000;1228fabe-a4d7-4a4c-a8b2-6891baff971c;379.25;0.01;BUY
2016-01-31T01:08:31.367000;2016-01-31T01:08:31.500000;a8d0e34a-2467-4770-a5f7-f4d427671862;379.27;0.01;BUY
2016-01-31T01:08:31.367000;2016-01-31T01:08:31.500000;3346b63c-dafd-41ff-8d8d-b7798414195e;379.27;0.16671;BUY
2016-01-31T01:09:01.540000;2016-01-31T01:09:01.593000;b5156d04-b6f5-4a6d-9aaa-935d98905cfe;379.27;0.32692;BUY
2016-01-31T01:09:31.463000;2016-01-31T01:09:31.530000;1d96534b-6426-43e3-810b-c50daf3e7879;379.26;0.26;BUY
2016-01-31T01:09:31.463000;2016-01-31T01:09:31.547000;2ad9b5a2-4cd0-4b00-b776-3d1778e0d5f5;379.27;0.01308;BUY
2016-01-31T01:09:31.463000;2016-01-31T01:09:31.547000;be68e413-b630-494a-a9f7-ae9f3d6898f9;379.29;1.35953;BUY
2016-01-31T01:10:31.553000;2016-01-31T01:10:31.623000;e80ce1d6-8368-4068-a07e-b95b9b1f4d3b;379.28;0.01;BUY
2016-01-31T01:10:31.553000;2016-01-31T01:10:31.623000;cffd7ab5-9213-4f1f-81a4-0175aad1d253;379.3;0.51412;BUY
2016-01-31T01:11:01.413000;2016-01-31T01:11:01.467000;5b300f4e-796e-4b95-8d3e-cde62a379a1e;379.3;0.29659;BUY
2016-01-31T01:11:31.407000;2016-01-31T01:11:31.467000;a5ba13e7-cc06-4361-ad24-df3272d5c013;379.3;0.52585;BUY
2016-01-31T01:12:31.380000;2016-01-31T01:12:31.430000;58ad699e-fd19-4400-85cb-95a74d405a1b;379.3;0.17756;BUY
2016-01-31T01:12:31.380000;2016-01-31T01:12:31.447000;4d084844-f4d8-4866-9d83-289bd148f5e4;379.3;0.62671;BUY
2016-01-31T01:13:01.370000;2016-01-31T01:13:01.417000;85ff847e-f28f-4e68-ad5a-7470755e3dac;379.3;0.31515;BUY
2016-01-31T01:13:30.583000;2016-01-31T01:13:30.617000;dfcefbf5-032c-4db1-85a5-e7900c81d127;379.29;0.04;BUY
2016-01-31T01:13:31.407000;2016-01-31T01:13:31.447000;9e024934-b7aa-4398-bc60-90d8f3b61efd;379.25;0.0374;SELL
