time_exchange;time_coinpai;guid;price;base_amount;taker_side
2016-01-31T00:02:05.000000;2016-01-31T00:02:05.000000;7bf03288-3e6a-48d8-bd9c-26a6e7e8c6be;376.3;3.4378;UNKNOWN
2016-01-31T00:02:05.000000;2016-01-31T00:02:05.000000;3cc7d72d-6c5d-416f-b846-63120985c3ac;376.31;6.5622;UNKNOWN
2016-01-31T00:02:13.000000;2016-01-31T00:02:13.000000;08fed201-ee85-4887-906b-f94900cbf20d;376.26;10.0;UNKNOWN
2016-01-31T00:02:37.000000;2016-01-31T00:02:37.000000;f8bdbe20-ca0e-4853-b748-e1a61b6eaa2e;376.26;0.05316695;UNKNOWN
2016-01-31T00:03:33.000000;2016-01-31T00:03:33.000000;b652b282-9d82-4884-a010-f249ca4f63e9;376.29;0.22929011;UNKNOWN
2016-01-31T00:04:27.000000;2016-01-31T00:04:27.000000;44092c3f-dc5b-4797-ad33-36d1124a46bb;376.26;0.14632185;UNKNOWN
2016-01-31T00:04:38.000000;2016-01-31T00:04:38.000000;4ad70c53-863f-4859-b862-7c6b0619f640;376.48;0.028606;UNKNOWN
2016-01-31T00:04:38.000000;2016-01-31T00:04:38.000000;fa47bd1c-d00a-429a-ace4-f07f66dc2eaa;376.48;7.0;UNKNOWN
2016-01-31T00:04:38.000000;2016-01-31T00:04:38.000000;c63b764a-102e-4505-b464-714898b22d74;376.66;16.9043;UNKNOWN
2016-01-31T00:04:38.000000;2016-01-31T00:04:38.000000;b8656f1e-6216-4e6a-b282-b07d152a334e;376.78;6.5471;UNKNOWN
2016-01-31T00:04:38.000000;2016-01-31T00:04:38.000000;f8d36731-acfa-4311-a3ca-58287b10b0e0;376.81;1.186494;UNKNOWN
2016-01-31T00:05:27.000000;2016-01-31T00:05:27.000000;7fe47c58-c380-464c-a2b6-42fa911d7380;376.99;2.934;UNKNOWN
2016-01-31T00:05:34.000000;2016-01-31T00:05:34.000000;e219de6c-9043-4137-9c4d-9694092fb443;376.99;2.634;UNKNOWN
2016-01-31T00:05:54.000000;2016-01-31T00:05:54.000000;28d639a7-29be-421f-9c08-2092d00e20bb;376.99;0.0108;UNKNOWN
2016-01-31T00:05:55.000000;2016-01-31T00:05:55.000000;e50257ea-b436-4c8a-bb51-90187add0017;376.99;0.0175;UNKNOWN
2016-01-31T00:06:58.000000;2016-01-31T00:06:58.000000;492db247-9702-49ee-8636-0619c5cc3dee;376.99;0.239;UNKNOWN
2016-01-31T00:07:50.000000;2016-01-31T00:07:50.000000;bcddd615-72da-4943-b3c6-6268c7fcc71d;376.99;0.138;UNKNOWN
2016-01-31T00:09:06.000000;2016-01-31T00:09:06.000000;b9e47815-b0e6-4671-8a7c-1475c7c5041f;377.0;0.1375;UNKNOWN
2016-01-31T00:10:37.000000;2016-01-31T00:10:37.000000;7448dea8-fa4b-405d-b1b2-14d2d1152b51;376.79;0.13276932;UNKNOWN
2016-01-31T00:10:38.000000;2016-01-31T00:10:38.000000;5c8839fa-cf00-4fab-85e7-ff83db0b6294;377.0;0.01389248;UNKNOWN
2016-01-31T00:11:17.000000;2016-01-31T00:11:17.000000;7af9df5a-4cf9-40b4-a266-bb678f1a0488;376.77;0.5;UNKNOWN
2016-01-31T00:11:17.000000;2016-01-31T00:11:17.000000;beb877ca-5d7a-415b-ad85-754abc9b75fb;376.9;0.0175;UNKNOWN
2016-01-31T00:11:17.000000;2016-01-31T00:11:17.000000;a6189caa-fba2-42e2-8b32-9224f0c2fe4d;376.76;0.4717;UNKNOWN
2016-01-31T00:11:17.000000;2016-01-31T00:11:17.000000;5b96aad7-70f2-45b8-b27f-0a79b191db4b;376.9;0.0108;UNKNOWN
2016-01-31T00:18:27.000000;2016-01-31T00:18:27.000000;f8323c27-c5d2-447a-a77c-69ba8df96ebb;376.69;0.065;UNKNOWN
2016-01-31T00:19:16.000000;2016-01-31T00:19:16.000000;5f3d905f-47f3-43fb-9066-adcce4da10fe;376.76;0.1063;UNKNOWN
2016-01-31T00:19:27.000000;2016-01-31T00:19:27.000000;5336bca0-9b04-4f62-a956-9bad5c52ed85;376.47;0.0040543;UNKNOWN
2016-01-31T00:19:27.000000;2016-01-31T00:19:27.000000;6c45a975-7532-44d2-a858-69cc3d5a6a56;376.66;0.0108;UNKNOWN
2016-01-31T00:19:27.000000;2016-01-31T00:19:27.000000;e3e855ad-5ef6-44a7-9c5c-f7f96843ad46;376.66;0.0175;UNKNOWN
2016-01-31T00:20:06.000000;2016-01-31T00:20:06.000000;7dd0ed84-9ea4-400f-8ee9-c0fdde191374;376.6;0.5;UNKNOWN
2016-01-31T00:20:06.000000;2016-01-31T00:20:06.000000;b7eeb6b1-a651-4d71-ab5d-c72965435b97;376.59;0.499605;UNKNOWN
2016-01-31T00:24:05.000000;2016-01-31T00:24:05.000000;08fc42e2-4301-4908-9b7d-19a82a360ba6;376.57;1.16944343;UNKNOWN
2016-01-31T00:24:06.000000;2016-01-31T00:24:06.000000;0b2aea67-4e0f-4fc0-afea-f24c2dafebae;376.57;1.0;UNKNOWN
2016-01-31T00:24:41.000000;2016-01-31T00:24:41.000000;661b1b84-6d97-4c43-a7b9-1d4a56146268;376.51;0.0175;UNKNOWN
2016-01-31T00:24:55.000000;2016-01-31T00:24:55.000000;ddeeddaa-cf16-45c4-a335-a348ec22122e;376.5;0.0108;UNKNOWN
2016-01-31T00:25:12.000000;2016-01-31T00:25:12.000000;59c91e30-2553-404a-a167-aa2eb32ae28c;376.33;3.0;UNKNOWN
2016-01-31T00:25:12.000000;2016-01-31T00:25:12.000000;9497de8a-aa46-4b1e-8faf-3b1484d9f457;376.33;0.5;UNKNOWN
2016-01-31T00:25:12.000000;2016-01-31T00:25:12.000000;017c09f7-9efc-44ee-9ce7-5261536f45e0;376.32;1.6398692;UNKNOWN
2016-01-31T00:25:23.000000;2016-01-31T00:25:23.000000;72d64454-d395-49ee-851c-a09890f24f1f;376.69;0.5;UNKNOWN
2016-01-31T00:26:47.000000;2016-01-31T00:26:47.000000;66a00937-fdce-4167-857c-f9da5f2ba0ec;376.99;0.52;UNKNOWN
2016-01-31T00:28:57.000000;2016-01-31T00:28:57.000000;d5affaa5-142f-4027-96c7-a77d268f33d1;376.55;0.19934964;UNKNOWN
2016-01-31T00:30:17.000000;2016-01-31T00:30:17.000000;7d5d558b-c3aa-4caf-b3d2-648e4f7e1cd9;376.52;0.26575014;UNKNOWN
2016-01-31T00:30:18.000000;2016-01-31T00:30:18.000000;05afbd20-3133-4ed7-ab41-6ffc32f762bd;376.53;0.098116;UNKNOWN
2016-01-31T00:31:57.000000;2016-01-31T00:31:57.000000;e63cb8c9-2128-491a-9456-3fc4bf9aab81;376.63;0.35889603;UNKNOWN
2016-01-31T00:33:06.000000;2016-01-31T00:33:06.000000;73415792-dfc3-46ec-820c-b79a55c476ea;376.77;0.07845162;UNKNOWN
2016-01-31T00:34:06.000000;2016-01-31T00:34:06.000000;7be35f63-a3de-47b2-a526-165ee4de8b77;376.46;0.08369238;UNKNOWN
2016-01-31T00:35:39.000000;2016-01-31T00:35:39.000000;f691ca74-c1c8-4901-b6f0-e19e8a9ea5dd;376.58;0.49;UNKNOWN
2016-01-31T00:35:39.000000;2016-01-31T00:35:39.000000;e9521f68-f0ba-41b0-892e-b11c77c11de8;376.43;0.0108;UNKNOWN
2016-01-31T00:35:39.000000;2016-01-31T00:35:39.000000;6511b1e0-36fa-4c45-998a-0066d0fc0e0a;376.44;7.1195;UNKNOWN
2016-01-31T00:35:39.000000;2016-01-31T00:35:39.000000;deb63aba-7904-4a8d-8380-5b44662b4b18;376.69;0.5;UNKNOWN
2016-01-31T00:35:39.000000;2016-01-31T00:35:39.000000;e12a62f6-5c76-4e23-97e0-300051724b02;376.68;6.94;UNKNOWN
2016-01-31T00:35:39.000000;2016-01-31T00:35:39.000000;b722afec-33f1-45d9-bffc-bcd3a1870e11;376.69;3.0;UNKNOWN
2016-01-31T00:35:39.000000;2016-01-31T00:35:39.000000;95a29361-3a20-45bb-b738-c1a1eb17736b;376.45;6.5654;UNKNOWN
2016-01-31T00:35:39.000000;2016-01-31T00:35:39.000000;b5c4a421-0f58-45bd-b4d9-418f5258d231;376.29;6.959967;UNKNOWN
2016-01-31T00:35:39.000000;2016-01-31T00:35:39.000000;9462811a-1f1f-49e3-9ad7-aeef3a5f808c;376.43;0.0175;UNKNOWN
2016-01-31T00:36:01.000000;2016-01-31T00:36:01.000000;35ca4397-cb85-42d6-b068-e8db6e6d76b0;376.57;0.01;UNKNOWN
2016-01-31T00:38:17.000000;2016-01-31T00:38:17.000000;afb742ca-400e-489f-a62b-5a5b39a05708;376.5;0.1099;UNKNOWN
2016-01-31T00:38:41.000000;2016-01-31T00:38:41.000000;f3371c3c-06a1-4356-b5f9-5ff619142de0;376.5;0.01;UNKNOWN
2016-01-31T00:39:24.000000;2016-01-31T00:39:24.000000;2e015d7c-1cbd-43c4-a088-6071b7488e07;376.46;0.1993;UNKNOWN
2016-01-31T00:41:37.000000;2016-01-31T00:41:37.000000;2353eb7e-95b2-45b3-9e67-608d150517f6;376.26;0.06;UNKNOWN
2016-01-31T00:41:37.000000;2016-01-31T00:41:37.000000;918f69f5-1203-49c2-bad9-1a8cc92ec1e8;376.25;0.54;UNKNOWN
2016-01-31T00:44:49.000000;2016-01-31T00:44:49.000000;193b6e54-ed00-4819-912c-1597e554a8b5;376.26;0.01;UNKNOWN
2016-01-31T00:44:49.000000;2016-01-31T00:44:49.000000;d19b4d88-b986-44b7-ad15-d6362f74160f;376.25;2.624;UNKNOWN
2016-01-31T00:46:17.000000;2016-01-31T00:46:17.000000;84c4d629-9634-432f-b5fe-76237c0e1c7a;376.25;2.634;UNKNOWN
2016-01-31T00:47:07.000000;2016-01-31T00:47:07.000000;49171297-780e-4e1a-af9e-77bbe05ce0cc;376.25;0.13302337;UNKNOWN
2016-01-31T00:47:37.000000;2016-01-31T00:47:37.000000;67efc170-8635-4aca-80b3-8f1d5a34d01b;376.33;3.0;UNKNOWN
2016-01-31T00:47:37.000000;2016-01-31T00:47:37.000000;f6b3ba8f-ef20-467f-b6d3-14c460617df4;376.32;0.5;UNKNOWN
2016-01-31T00:47:37.000000;2016-01-31T00:47:37.000000;83e51078-1d80-4d9b-9e7e-b69cb5f9cdd2;376.34;1.6;UNKNOWN
2016-01-31T00:48:05.000000;2016-01-31T00:48:05.000000;c634511e-c251-4e2c-a02b-55fd611e5f7a;376.35;0.01;UNKNOWN
2016-01-31T00:48:07.000000;2016-01-31T00:48:07.000000;2b32ca73-17a8-4154-8bbc-8b50ff3e9ce6;376.35;5.1;UNKNOWN
2016-01-31T00:53:06.000000;2016-01-31T00:53:06.000000;50a25bf3-f0f8-40a6-b7e2-c7b7ff4533c3;376.8;0.3344;UNKNOWN
2016-01-31T00:53:06.000000;2016-01-31T00:53:06.000000;3891a8f7-ba1f-4a58-a2f4-aca4e07e76ae;376.87;2.1299;UNKNOWN
2016-01-31T00:53:06.000000;2016-01-31T00:53:06.000000;2939c528-afb0-4b2e-a95e-2820b23ee16d;376.5;0.1457;UNKNOWN
2016-01-31T00:53:06.000000;2016-01-31T00:53:06.000000;5d098683-9262-43f5-9a5f-760b9ce4cabb;376.35;0.39;UNKNOWN
2016-01-31T00:54:30.000000;2016-01-31T00:54:30.000000;505c1c05-7a6d-4305-8447-f1fc6b02eae5;376.31;3.2;UNKNOWN
2016-01-31T00:56:03.000000;2016-01-31T00:56:03.000000;57a71080-b6a0-42a4-a1a9-d54250600907;376.69;0.1;UNKNOWN
2016-01-31T00:56:04.000000;2016-01-31T00:56:04.000000;b4b6d8df-21b3-472f-a155-68a6699fba3b;376.26;0.04129;UNKNOWN
2016-01-31T00:56:04.000000;2016-01-31T00:56:04.000000;1e1a82b8-bc51-4676-b3ad-9f30f6eea533;376.26;3.15871;UNKNOWN
2016-01-31T00:56:24.000000;2016-01-31T00:56:24.000000;36e6dd1e-80bc-40d8-a133-6bcf23b451f6;376.26;3.5;UNKNOWN
2016-01-31T00:57:10.000000;2016-01-31T00:57:10.000000;a8328eab-7970-4641-baf8-88b093892904;376.26;4.3;UNKNOWN
2016-01-31T00:57:44.000000;2016-01-31T00:57:44.000000;57671afc-2224-4a32-a356-0e8b34b853cc;376.32;0.8;UNKNOWN
2016-01-31T00:57:44.000000;2016-01-31T00:57:44.000000;8ea1409d-a659-4a6b-b02b-975b44385042;376.35;0.5;UNKNOWN
2016-01-31T00:57:44.000000;2016-01-31T00:57:44.000000;741de83a-eb07-41eb-96c2-f300d831dd19;376.35;3.0;UNKNOWN
2016-01-31T00:58:17.000000;2016-01-31T00:58:17.000000;e77b8456-861c-45fe-92d7-c8acee2fdbdc;376.3;0.1329951;UNKNOWN
2016-01-31T00:58:23.000000;2016-01-31T00:58:23.000000;3fe1c709-4df2-498f-a4c9-f04043e2ce2a;376.3;4.3;UNKNOWN
2016-01-31T00:58:44.000000;2016-01-31T00:58:44.000000;4cb98a5a-07ea-41a9-b9ec-8f54f339469c;376.26;4.3;UNKNOWN
2016-01-31T00:59:28.000000;2016-01-31T00:59:28.000000;85c1f170-be05-43e1-a670-3fdb4b5880f5;376.25;0.26164311;UNKNOWN
2016-01-31T00:59:42.000000;2016-01-31T00:59:42.000000;35327ce7-55cd-4336-b98c-b668d8ae93e6;376.25;5.1;UNKNOWN
2016-01-31T01:00:08.000000;2016-01-31T01:00:08.000000;f068e7f0-ab37-4ffc-80f3-a671e395158a;376.25;2.0;UNKNOWN
2016-01-31T01:02:22.000000;2016-01-31T01:02:22.000000;84897261-0722-41d6-8068-30a8c2a5128a;376.25;2.0;UNKNOWN
2016-01-31T01:03:40.000000;2016-01-31T01:03:40.000000;d7270310-21ef-4b67-a828-75b810744e11;376.18;6.87336692;UNKNOWN
2016-01-31T01:03:40.000000;2016-01-31T01:03:40.000000;7eb3677a-8d2e-4df5-bc8f-910a443cd662;376.25;0.12663308;UNKNOWN
2016-01-31T01:04:06.000000;2016-01-31T01:04:06.000000;55186da2-0eae-4f0a-9b66-46129cbbb947;376.23;0.07794108;UNKNOWN
2016-01-31T01:04:18.000000;2016-01-31T01:04:18.000000;76ae818d-b102-4fa8-bb0a-9e8163205d55;376.18;1.18993148;UNKNOWN
2016-01-31T01:05:14.000000;2016-01-31T01:05:14.000000;91e2998e-0924-4554-9f75-0fda38a9bf83;376.18;0.177;UNKNOWN
2016-01-31T01:05:17.000000;2016-01-31T01:05:17.000000;a2a76642-70dd-4db9-9a0c-f09b34dfc19d;376.18;4.78973336;UNKNOWN
2016-01-31T01:10:05.000000;2016-01-31T01:10:05.000000;e78536e4-f0a4-4d39-a237-59de83306067;376.18;0.45;UNKNOWN
2016-01-31T01:13:33.000000;2016-01-31T01:13:33.000000;7d09ccab-81e6-426e-8d81-67e99e2562fa;376.18;1.96436343;UNKNOWN
2016-01-31T01:14:08.000000;2016-01-31T01:14:08.000000;453a3793-bd96-4cbb-8ec1-59942197f66d;376.18;9.55560481;UNKNOWN
2016-01-31T01:14:08.000000;2016-01-31T01:14:08.000000;3169611b-ac67-4a29-8265-61adee6609b0;376.17;0.44439519;UNKNOWN
2016-01-31T01:14:09.000000;2016-01-31T01:14:09.000000;895a307f-cd4a-485c-a849-9bd91ad342ee;376.14;0.17469242;UNKNOWN
2016-01-31T01:14:09.000000;2016-01-31T01:14:09.000000;c13b4f79-6325-48fc-ab88-f49038a7e4e9;376.15;6.5614;UNKNOWN
2016-01-31T01:14:09.000000;2016-01-31T01:14:09.000000;7ab0b6c2-f7c2-4dec-9706-04b593e7bb84;376.17;0.08720481;UNKNOWN
2016-01-31T01:17:05.000000;2016-01-31T01:17:05.000000;5969d7f6-8d3d-4810-a8a2-34e5299fef44;376.12;0.71412487;UNKNOWN
2016-01-31T01:20:27.000000;2016-01-31T01:20:27.000000;a6ba94ae-ff8a-4a93-8758-0dff17ef74c0;376.11;0.17823676;UNKNOWN
2016-01-31T01:24:27.000000;2016-01-31T01:24:27.000000;edf5768c-40c4-4081-9b0d-eaae15275cea;376.11;0.089658;UNKNOWN
2016-01-31T01:26:08.000000;2016-01-31T01:26:08.000000;205410e2-6e45-4631-8eac-12118f67c0b6;376.1;5.0;UNKNOWN
2016-01-31T01:26:08.000000;2016-01-31T01:26:08.000000;155ba93d-cfd1-49e0-a2b5-931d6c7d9641;376.01;0.0175;UNKNOWN
2016-01-31T01:26:08.000000;2016-01-31T01:26:08.000000;8f2d74bd-72a6-4257-abed-d880664fd277;375.93;3.0331185;UNKNOWN
2016-01-31T01:26:08.000000;2016-01-31T01:26:08.000000;674e9c0a-ccb2-490a-b188-d893e5bb418c;375.94;2.61004607;UNKNOWN
2016-01-31T01:26:08.000000;2016-01-31T01:26:08.000000;c0157c6a-5d0a-4dd2-95ae-510c11ee065a;376.01;0.0108;UNKNOWN
2016-01-31T01:26:08.000000;2016-01-31T01:26:08.000000;20870148-dc7c-4e16-a69b-bd8c0b709b1a;376.02;2.61004607;UNKNOWN
2016-01-31T01:28:08.000000;2016-01-31T01:28:08.000000;5518c3a4-2483-42ca-ac80-f833f7ae7d7b;375.93;5.56;UNKNOWN
2016-01-31T01:28:08.000000;2016-01-31T01:28:08.000000;eb164dcf-c8cd-4e13-8986-16c4dd9511aa;375.96;0.44;UNKNOWN
2016-01-31T01:32:05.000000;2016-01-31T01:32:05.000000;144e4a45-6534-407b-9f56-cd1d1782d6ed;375.93;0.85201109;UNKNOWN
2016-01-31T01:32:48.000000;2016-01-31T01:32:48.000000;c4bf473c-3d07-4e61-9e97-0f7ac554af08;376.23;6.6157;UNKNOWN
2016-01-31T01:32:48.000000;2016-01-31T01:32:48.000000;fbe2a1d2-b14f-4ec1-a6f7-b3766a324f37;376.25;3.93917041;UNKNOWN
2016-01-31T01:33:05.000000;2016-01-31T01:33:05.000000;343e1967-dbcf-40ee-9c7d-4959a9407500;376.24;0.08544866;UNKNOWN
2016-01-31T01:34:31.000000;2016-01-31T01:34:31.000000;e123f5ab-035d-434d-8d9e-d36a815162e5;376.76;1.13917041;UNKNOWN
2016-01-31T01:34:31.000000;2016-01-31T01:34:31.000000;80fc8f38-a8a4-4f8b-a806-83106465af16;376.25;1.06082959;UNKNOWN
2016-01-31T01:35:03.000000;2016-01-31T01:35:03.000000;27f7863f-4dae-470f-8514-2b01b5168efe;376.76;2.634;UNKNOWN
2016-01-31T01:35:05.000000;2016-01-31T01:35:05.000000;9ad463e7-d645-4b39-b5dc-d666307533bf;376.77;1.0;UNKNOWN
2016-01-31T01:35:05.000000;2016-01-31T01:35:05.000000;c3f48e4a-93cc-47e7-8d1c-66276cca31c1;376.95;1.634;UNKNOWN
2016-01-31T01:35:44.000000;2016-01-31T01:35:44.000000;420d85e8-7607-4523-8093-8cbd6c8ee94a;376.94;1.97961566;UNKNOWN
2016-01-31T01:38:20.000000;2016-01-31T01:38:20.000000;767f637c-1e7b-47ca-8ba3-4a823d24aa04;376.82;6.5921;UNKNOWN
2016-01-31T01:38:20.000000;2016-01-31T01:38:20.000000;2f2f5393-a772-48a3-9cec-dbb178d7a1f6;376.24;3.0;UNKNOWN
2016-01-31T01:38:20.000000;2016-01-31T01:38:20.000000;5fc94db3-bae8-419a-a285-6fd38186e10f;376.84;9.4321;UNKNOWN
2016-01-31T01:38:20.000000;2016-01-31T01:38:20.000000;bf72acb4-3388-4bfb-a292-d622bd604f55;376.24;0.5;UNKNOWN
2016-01-31T01:38:20.000000;2016-01-31T01:38:20.000000;482aefed-1004-494b-ad07-45d15f4e0b14;376.83;12.0;UNKNOWN
2016-01-31T01:39:05.000000;2016-01-31T01:39:05.000000;dd3dd721-ea4c-4c5d-b521-4fe265e913b3;376.92;0.27;UNKNOWN
2016-01-31T01:41:46.000000;2016-01-31T01:41:46.000000;ee19e917-bb99-4892-a648-ad9b529dab27;376.56;0.0756231;UNKNOWN
2016-01-31T01:42:46.000000;2016-01-31T01:42:46.000000;36d3cda6-da6b-4c99-8fbd-796c89f69090;376.56;0.11245305;UNKNOWN
2016-01-31T01:43:12.000000;2016-01-31T01:43:12.000000;451f21df-4bc0-4c25-837f-c5c1c2a740f7;376.83;0.08681777;UNKNOWN
2016-01-31T01:44:06.000000;2016-01-31T01:44:06.000000;1103ce44-8669-4783-b958-381c998be438;376.83;0.07864881;UNKNOWN
2016-01-31T01:44:08.000000;2016-01-31T01:44:08.000000;f2307fa4-58fa-46b8-b1c2-bce6006a0d71;376.83;0.10225892;UNKNOWN
2016-01-31T01:44:15.000000;2016-01-31T01:44:15.000000;75f136ac-e874-4a62-a79c-b3b071204201;376.83;0.06636271;UNKNOWN
2016-01-31T01:44:17.000000;2016-01-31T01:44:17.000000;1f44617d-70d3-4d25-96c2-7c12facb823e;376.93;0.1;UNKNOWN
2016-01-31T01:44:18.000000;2016-01-31T01:44:18.000000;c9047e97-877c-41e2-8115-7532719ecc0b;376.93;0.03312534;UNKNOWN
2016-01-31T01:44:18.000000;2016-01-31T01:44:18.000000;c0de7ffb-44a1-496e-ae4d-ba90d5278916;376.94;0.02350321;UNKNOWN
2016-01-31T01:44:54.000000;2016-01-31T01:44:54.000000;a162f9c9-309d-47ae-bc52-ff7d079c92db;376.93;0.01;UNKNOWN
2016-01-31T01:45:16.000000;2016-01-31T01:45:16.000000;c6ad9e70-4ee2-4dbf-a762-c20339c9eb3a;376.89;0.04;UNKNOWN
2016-01-31T01:45:24.000000;2016-01-31T01:45:24.000000;d4bb38ab-0ca6-41cc-be4c-122cf04dfcf4;376.85;0.23631323;UNKNOWN
2016-01-31T01:45:27.000000;2016-01-31T01:45:27.000000;7d3a1d8c-3689-4e19-b50c-0b956397a8ba;376.83;0.25272956;UNKNOWN
2016-01-31T01:45:28.000000;2016-01-31T01:45:28.000000;e39f80c6-1a6b-4360-9d96-cd8a7e3e33c0;376.82;0.06060373;UNKNOWN
2016-01-31T01:45:38.000000;2016-01-31T01:45:38.000000;a6467d65-f5d7-44ff-85d1-7ee0104e66b4;376.82;0.0843368;UNKNOWN
2016-01-31T01:45:51.000000;2016-01-31T01:45:51.000000;ca490f07-8ed5-40c6-bdb9-080d0521ec11;376.94;1.94484389;UNKNOWN
2016-01-31T01:45:51.000000;2016-01-31T01:45:51.000000;e7f9f631-0a78-4cf1-a604-f6dcfd25d9e3;376.93;0.05515611;UNKNOWN
2016-01-31T01:46:26.000000;2016-01-31T01:46:26.000000;fd7eee3d-1f11-4a3b-bce9-7d31a5081c8e;376.94;0.2;UNKNOWN
2016-01-31T01:46:41.000000;2016-01-31T01:46:41.000000;7db11db2-ae34-4968-adb2-e5739d604c5c;376.95;1.366;UNKNOWN
2016-01-31T01:46:41.000000;2016-01-31T01:46:41.000000;679fe990-5898-4fbc-a4a5-883f983df354;376.99;0.0535463;UNKNOWN
2016-01-31T01:46:41.000000;2016-01-31T01:46:41.000000;22c051ca-6ddb-475f-affe-3d84be1657ab;377.0;4.51567127;UNKNOWN
2016-01-31T01:46:41.000000;2016-01-31T01:46:41.000000;6c964d01-77c0-42e9-ac2a-1b7fe250853a;377.0;0.84860752;UNKNOWN
2016-01-31T01:46:41.000000;2016-01-31T01:46:41.000000;733acef3-363d-4c1c-81e7-dea1b8f8c359;376.94;6.4004;UNKNOWN
2016-01-31T01:47:03.000000;2016-01-31T01:47:03.000000;a8ddedca-e338-4b3b-b180-bd0d69508177;376.99;0.03749396;UNKNOWN
2016-01-31T01:47:06.000000;2016-01-31T01:47:06.000000;2ace5deb-30f4-4814-b5b3-c475a56ebfa9;376.94;3.0;UNKNOWN
2016-01-31T01:47:06.000000;2016-01-31T01:47:06.000000;387e603a-bd1d-4e11-b5c0-8443e22f13e3;376.97;2.60105082;UNKNOWN
2016-01-31T01:47:06.000000;2016-01-31T01:47:06.000000;f7739d6b-5532-41a7-801c-a7b3dd65d88f;376.91;0.79539232;UNKNOWN
2016-01-31T01:47:06.000000;2016-01-31T01:47:06.000000;bfb2968b-704b-4945-b678-06213eee174c;376.99;0.00250604;UNKNOWN
2016-01-31T01:47:06.000000;2016-01-31T01:47:06.000000;ddb6c111-3269-40c8-a166-8da612c351c8;376.97;2.60105082;UNKNOWN
2016-01-31T01:47:08.000000;2016-01-31T01:47:08.000000;8fd09f0f-74c0-4f22-a978-412c50a8616a;377.0;0.2;UNKNOWN
2016-01-31T01:47:09.000000;2016-01-31T01:47:09.000000;f356e77a-fa52-4ae0-86b9-7f91f14b9912;376.99;2.6005097;UNKNOWN
2016-01-31T01:47:12.000000;2016-01-31T01:47:12.000000;4f7f2f1a-b597-4d4a-b9ea-a5b6a5d48557;376.99;0.11627801;UNKNOWN
2016-01-31T01:47:15.000000;2016-01-31T01:47:15.000000;96efb071-a848-4640-ae6c-acae3ee8bb18;376.97;0.05294463;UNKNOWN
2016-01-31T01:47:19.000000;2016-01-31T01:47:19.000000;ffae5798-01c5-41fc-ab26-a74ca47a052f;376.98;2.59480779;UNKNOWN
2016-01-31T01:47:32.000000;2016-01-31T01:47:32.000000;6bda50fd-e447-493d-873c-65b59361bdba;376.99;0.2;UNKNOWN
2016-01-31T01:48:24.000000;2016-01-31T01:48:24.000000;b5bcdcfe-abe9-4bcf-9cbb-987ba424dfbf;377.0;1.3;UNKNOWN
2016-01-31T01:48:28.000000;2016-01-31T01:48:28.000000;ca0ecb91-dffe-4798-b9de-8b6a6a29f1f4;376.99;0.03734735;UNKNOWN
2016-01-31T01:48:30.000000;2016-01-31T01:48:30.000000;7d909356-4547-440c-a059-0b54792040b2;377.0;0.7;UNKNOWN
2016-01-31T01:48:30.000000;2016-01-31T01:48:30.000000;a45acf36-b9c6-4eb0-88f0-a1d524136662;376.99;0.04302512;UNKNOWN
2016-01-31T01:48:33.000000;2016-01-31T01:48:33.000000;9b549a3b-7b5c-42ac-8ee7-24c03607cbbe;376.99;0.03409305;UNKNOWN
2016-01-31T01:48:40.000000;2016-01-31T01:48:40.000000;707ef476-85e8-4c91-adc3-a5775597ee8a;377.0;14.06054328;UNKNOWN
2016-01-31T01:48:47.000000;2016-01-31T01:48:47.000000;97dce75c-6d07-4a59-866e-4b5c5c688105;377.5;0.79456146;UNKNOWN
2016-01-31T01:48:52.000000;2016-01-31T01:48:52.000000;09ad9599-1c0b-41c8-8e74-637a65e4a01d;377.6;0.2;UNKNOWN
2016-01-31T01:48:52.000000;2016-01-31T01:48:52.000000;67529c48-8782-4373-a9f8-b18a552cd267;377.5;0.1;UNKNOWN
2016-01-31T01:48:52.000000;2016-01-31T01:48:52.000000;17b6bdab-6581-46bc-9bbf-1684c5da63c9;377.53;0.05;UNKNOWN
2016-01-31T01:48:52.000000;2016-01-31T01:48:52.000000;63a94ceb-9366-488e-8605-40899071b8f7;377.76;1.83866742;UNKNOWN
2016-01-31T01:48:52.000000;2016-01-31T01:48:52.000000;d509eefa-d310-4e30-88c9-7ae3291f0666;377.5;0.19543854;UNKNOWN
2016-01-31T01:49:05.000000;2016-01-31T01:49:05.000000;09223199-5870-4bd1-a1bc-1b578939e4be;377.77;0.66932254;UNKNOWN
2016-01-31T01:49:07.000000;2016-01-31T01:49:07.000000;08399aa8-5a02-469e-9f7b-11d4426d32d3;377.77;0.01;UNKNOWN
2016-01-31T01:50:19.000000;2016-01-31T01:50:19.000000;1e071176-0270-4daa-90a9-65f2975c4455;377.59;0.10597363;UNKNOWN
2016-01-31T01:50:26.000000;2016-01-31T01:50:26.000000;a2485274-4bed-445f-bb3b-e03d523d0da5;377.4;0.10258785;UNKNOWN
2016-01-31T01:51:05.000000;2016-01-31T01:51:05.000000;6f615d9d-61dd-45ff-a194-00ce4f6a8dc3;377.53;0.359;UNKNOWN
2016-01-31T01:51:11.000000;2016-01-31T01:51:11.000000;74dd1fa7-7d74-4094-90e0-27c40c00b80e;377.55;0.15;UNKNOWN
2016-01-31T01:51:30.000000;2016-01-31T01:51:30.000000;8839bd75-3626-4eae-9ba2-50629eeafa18;377.67;0.04022188;UNKNOWN
2016-01-31T01:52:05.000000;2016-01-31T01:52:05.000000;38c6eb6a-64d2-40c7-99f5-6f332b960834;377.74;0.458;UNKNOWN
2016-01-31T01:52:43.000000;2016-01-31T01:52:43.000000;5f63c7fc-57b8-4e5a-a458-aa98acfdf6e1;377.75;0.06813971;UNKNOWN
2016-01-31T01:53:06.000000;2016-01-31T01:53:06.000000;08d02032-4275-486f-8871-ae3ce9d98269;378.0;6.88716261;UNKNOWN
2016-01-31T01:53:06.000000;2016-01-31T01:53:06.000000;f02aa4dd-fe0e-47bf-bc5c-450f5814cc33;377.77;0.32067746;UNKNOWN
2016-01-31T01:53:12.000000;2016-01-31T01:53:12.000000;4b5aaf51-b7df-4f4b-a6ee-6aae39b36870;378.0;0.25;UNKNOWN
2016-01-31T01:53:49.000000;2016-01-31T01:53:49.000000;0a47a89e-2b63-4555-9497-f3ceb61b7f79;377.76;0.03823287;UNKNOWN
2016-01-31T01:54:05.000000;2016-01-31T01:54:05.000000;d499c357-4d20-4296-86a9-d1ed1d2044ba;377.96;0.77980736;UNKNOWN
2016-01-31T01:54:16.000000;2016-01-31T01:54:16.000000;4c25aece-33ca-4b6a-831f-57592e8a4922;377.76;0.12811661;UNKNOWN
2016-01-31T01:54:43.000000;2016-01-31T01:54:43.000000;697873d5-6051-424f-8936-03e1e4425bb1;377.61;0.04989343;UNKNOWN
2016-01-31T01:55:49.000000;2016-01-31T01:55:49.000000;2fa12491-fac3-46e1-bd9f-0ccbf1d62596;377.54;0.03532213;UNKNOWN
2016-01-31T01:56:06.000000;2016-01-31T01:56:06.000000;e5976a66-c3df-4421-8faa-b6b30bb2de65;377.37;2.54432759;UNKNOWN
2016-01-31T01:56:06.000000;2016-01-31T01:56:06.000000;2336dccd-bd33-4637-bfcb-11d796c84584;377.39;6.5483;UNKNOWN
2016-01-31T01:56:27.000000;2016-01-31T01:56:27.000000;3cbd0ebf-7309-4df1-a217-fe21b01c6177;377.36;0.1;UNKNOWN
2016-01-31T01:56:48.000000;2016-01-31T01:56:48.000000;9fe5e048-358a-4639-b2c0-e0c049527b45;377.39;0.03429978;UNKNOWN
2016-01-31T01:57:50.000000;2016-01-31T01:57:50.000000;f68e9381-613f-475f-ad02-3af5d64a17a2;377.89;0.07805228;UNKNOWN
2016-01-31T01:57:52.000000;2016-01-31T01:57:52.000000;0f6279c9-1653-41a1-ab37-9688eddd9ffa;377.89;0.04762699;UNKNOWN
2016-01-31T01:57:55.000000;2016-01-31T01:57:55.000000;284576c0-1ce1-42e8-ae4f-0257ec2aacb6;377.89;0.12305432;UNKNOWN
2016-01-31T01:57:57.000000;2016-01-31T01:57:57.000000;5ce33961-fc57-4612-ac7f-df7430bea4b5;377.89;0.06757896;UNKNOWN
2016-01-31T01:58:02.000000;2016-01-31T01:58:02.000000;56112546-d0b9-4b95-bf7e-09e4edd614a5;377.89;0.09255774;UNKNOWN
2016-01-31T01:58:05.000000;2016-01-31T01:58:05.000000;dc0718f2-0cdd-4bb0-9cc7-9b878806f281;377.89;0.03491148;UNKNOWN
2016-01-31T01:58:08.000000;2016-01-31T01:58:08.000000;3d9f899c-e847-42d7-800f-fabc5b7c34e0;377.89;0.08708027;UNKNOWN
2016-01-31T01:58:10.000000;2016-01-31T01:58:10.000000;5351abf6-8769-47f5-994a-27fbb118e4e8;377.89;0.05088656;UNKNOWN
2016-01-31T01:58:18.000000;2016-01-31T01:58:18.000000;599267b1-bd1d-4008-8989-5889d42246e8;377.95;0.0949492;UNKNOWN
2016-01-31T01:58:50.000000;2016-01-31T01:58:50.000000;a157c713-fef0-4e89-badd-2190fbdae9bf;378.0;0.1;UNKNOWN
2016-01-31T01:58:50.000000;2016-01-31T01:58:50.000000;ffed4599-667f-483d-a0f4-8d60b1739cf0;378.0;2.85283739;UNKNOWN
2016-01-31T01:58:50.000000;2016-01-31T01:58:50.000000;3eb6eca0-c62e-43a9-9378-4c761b676281;378.0;1.0;UNKNOWN
2016-01-31T01:58:50.000000;2016-01-31T01:58:50.000000;50932cbf-97b2-4d08-ac0a-bcb99dffde4f;378.0;2.60476261;UNKNOWN
2016-01-31T01:58:54.000000;2016-01-31T01:58:54.000000;28ca00cc-6a46-4eed-b3c2-6e2debfd814e;377.89;0.05676452;UNKNOWN
2016-01-31T01:59:46.000000;2016-01-31T01:59:46.000000;563f5d6a-f11d-451c-8239-39d7ab00a629;377.99;0.11423366;UNKNOWN
2016-01-31T01:59:59.000000;2016-01-31T01:59:59.000000;51e4b022-30b4-48b6-a7a7-bb5b2a13220b;377.99;0.06371789;UNKNOWN
2016-01-31T02:00:02.000000;2016-01-31T02:00:02.000000;46180f01-61ad-4da4-b49e-318e2c2767bb;378.0;0.82186121;UNKNOWN
2016-01-31T02:00:59.000000;2016-01-31T02:00:59.000000;b6648246-6b6d-4953-a8f2-b60a5eff5500;377.9;0.05344449;UNKNOWN
2016-01-31T02:01:09.000000;2016-01-31T02:01:09.000000;662c4acc-b765-4c72-9a23-ac52c0be49a6;377.9;6.49725551;UNKNOWN
2016-01-31T02:02:04.000000;2016-01-31T02:02:04.000000;384299c9-85bd-4954-ac56-e3d5537a429a;377.89;0.05608499;UNKNOWN
2016-01-31T02:02:05.000000;2016-01-31T02:02:05.000000;c5c6185b-7bb9-4db0-89c4-deda4792cab5;377.99;0.01;UNKNOWN
2016-01-31T02:02:06.000000;2016-01-31T02:02:06.000000;3d550a93-10a0-44b5-a85c-be1ec1ccf40c;377.99;0.078038;UNKNOWN
2016-01-31T02:02:51.000000;2016-01-31T02:02:51.000000;fa7d431e-3637-4607-bb35-f1f23d7dacf7;378.0;1.57337618;UNKNOWN
2016-01-31T02:02:59.000000;2016-01-31T02:02:59.000000;cc97b464-f816-4a5b-a9c0-1a572d264979;377.89;0.5;UNKNOWN
2016-01-31T02:02:59.000000;2016-01-31T02:02:59.000000;b9a0c286-db7b-4d92-a3b2-0cc86224665b;377.57;9.9327;UNKNOWN
2016-01-31T02:02:59.000000;2016-01-31T02:02:59.000000;e6adda42-f94f-4c20-b612-486cf34e61ff;378.38;0.45;UNKNOWN
2016-01-31T02:02:59.000000;2016-01-31T02:02:59.000000;998f55a8-4686-444a-842c-aba079575105;377.89;6.5864;UNKNOWN
2016-01-31T02:02:59.000000;2016-01-31T02:02:59.000000;deb98b30-7e1d-438a-bbc0-942968e8cc8c;377.58;12.0;UNKNOWN
2016-01-31T02:02:59.000000;2016-01-31T02:02:59.000000;64c21d50-62ac-4f27-89b1-9e50868169e5;377.72;11.2009;UNKNOWN
2016-01-31T02:02:59.000000;2016-01-31T02:02:59.000000;dfa9ffcd-4675-4166-b9a1-17c16167bbad;377.91;0.78;UNKNOWN
2016-01-31T02:02:59.000000;2016-01-31T02:02:59.000000;afebc33a-e8db-4752-a265-6e15c4af2e06;377.73;3.0;UNKNOWN
2016-01-31T02:02:59.000000;2016-01-31T02:02:59.000000;1b2ab159-7192-4fa7-8d56-9c5f81d72754;377.88;3.0;UNKNOWN
2016-01-31T02:02:59.000000;2016-01-31T02:02:59.000000;22c01d15-d107-41b1-b64b-5113e0a7ea26;377.73;6.0;UNKNOWN
2016-01-31T02:03:05.000000;2016-01-31T02:03:05.000000;b8da9fd3-54fd-45bd-b3f4-891cfb3bacf2;377.42;0.10662112;UNKNOWN
2016-01-31T02:03:48.000000;2016-01-31T02:03:48.000000;795e3fbd-3651-4e47-9d87-d283e11f2874;377.44;6.617;UNKNOWN
2016-01-31T02:04:02.000000;2016-01-31T02:04:02.000000;577cc30f-6f8d-4a3a-9996-936dc1121165;377.35;2.59696415;UNKNOWN
2016-01-31T02:04:02.000000;2016-01-31T02:04:02.000000;67764f8d-1133-41d0-bf95-330fe144605b;377.2;2.59639102;UNKNOWN
2016-01-31T02:04:02.000000;2016-01-31T02:04:02.000000;0c754d2d-6140-431d-a424-c2bef3bc5ca8;377.42;2.49034303;UNKNOWN
2016-01-31T02:04:02.000000;2016-01-31T02:04:02.000000;d943e6b6-479d-4601-8e25-6107e5ee7c0e;377.04;2.59693043;UNKNOWN
2016-01-31T02:04:02.000000;2016-01-31T02:04:02.000000;ae7ee18f-9707-413c-a397-39cbe2a42fc1;377.19;2.59696415;UNKNOWN
2016-01-31T02:04:02.000000;2016-01-31T02:04:02.000000;d4b405c8-e149-4af0-b99c-8c0191b7976e;377.27;2.59696415;UNKNOWN
2016-01-31T02:04:02.000000;2016-01-31T02:04:02.000000;922dbc45-2b4f-42dc-9a13-44ce13f793d6;377.04;2.59639102;UNKNOWN
2016-01-31T02:04:04.000000;2016-01-31T02:04:04.000000;bee515dc-84d7-4eba-99ed-7c6942f9abc1;376.99;0.1253665;UNKNOWN
2016-01-31T02:04:05.000000;2016-01-31T02:04:05.000000;ed168645-a6a4-4b30-a2be-4944a034a04c;377.0;0.13824945;UNKNOWN
2016-01-31T02:04:06.000000;2016-01-31T02:04:06.000000;71c70c49-79d6-47bc-b073-e430ac68b764;377.0;0.39474723;UNKNOWN
2016-01-31T02:05:25.000000;2016-01-31T02:05:25.000000;248e7379-5707-43de-9df6-a738b2070e5c;377.0;8.58801463;UNKNOWN
2016-01-31T02:05:25.000000;2016-01-31T02:05:25.000000;323e4932-29a9-44c9-bd40-92fd94265cc4;377.0;1.37268537;UNKNOWN
2016-01-31T02:05:57.000000;2016-01-31T02:05:57.000000;bef086c9-c1e3-4810-ba36-02618b654b5c;376.99;0.1746335;UNKNOWN
2016-01-31T02:11:57.000000;2016-01-31T02:11:57.000000;5c5e2869-11f6-418f-9331-d03598deb54b;376.78;0.6055844;UNKNOWN
2016-01-31T02:11:57.000000;2016-01-31T02:11:57.000000;cfe88431-eee8-4690-869b-f4f38ef5e9b4;376.79;0.5;UNKNOWN
2016-01-31T02:13:27.000000;2016-01-31T02:13:27.000000;5fa1d077-6c6a-4084-b391-1b6bf06ac279;376.82;1.1;UNKNOWN
2016-01-31T02:15:24.000000;2016-01-31T02:15:24.000000;40bacf95-7c11-42b5-89a6-9ddf745aaea2;377.34;0.04915282;UNKNOWN
2016-01-31T02:15:27.000000;2016-01-31T02:15:27.000000;b2eedbe4-a2ea-4238-9b85-0216f547606e;377.34;0.07103203;UNKNOWN
2016-01-31T02:15:30.000000;2016-01-31T02:15:30.000000;edb4511a-b2bd-440c-9aaa-e94368b9cdc8;377.34;0.09381368;UNKNOWN
2016-01-31T02:15:34.000000;2016-01-31T02:15:34.000000;37d6df86-671b-4392-b1d6-353431858e6f;377.34;0.09931659;UNKNOWN
2016-01-31T02:15:36.000000;2016-01-31T02:15:36.000000;01aa3bbf-1ba4-46db-8874-623cdf7bca70;377.34;0.06477841;UNKNOWN
2016-01-31T02:15:43.000000;2016-01-31T02:15:43.000000;c8cca03b-2d59-455f-9627-3e3c62c45ecd;377.34;0.08466378;UNKNOWN
2016-01-31T02:15:45.000000;2016-01-31T02:15:45.000000;2ed85b60-2530-4eb7-b641-7be29992a167;377.34;0.07658693;UNKNOWN
2016-01-31T02:15:53.000000;2016-01-31T02:15:53.000000;6a707ace-b6cf-456c-bfe3-84c5f4c4b753;377.34;0.04443812;UNKNOWN
2016-01-31T02:15:55.000000;2016-01-31T02:15:55.000000;a8c0a21f-b5c5-414f-8255-f706a12d8cb4;377.34;0.03391414;UNKNOWN
2016-01-31T02:16:55.000000;2016-01-31T02:16:55.000000;5f7b72cf-1117-4a8b-8e42-028880c2359d;377.35;5.0;UNKNOWN
2016-01-31T02:16:57.000000;2016-01-31T02:16:57.000000;c6a1d2dc-4085-425b-9068-c07d4a2d7798;377.34;0.069965;UNKNOWN
2016-01-31T02:17:47.000000;2016-01-31T02:17:47.000000;8f216370-6458-4fb4-a41a-86632f0220c9;377.34;0.12003728;UNKNOWN
2016-01-31T02:17:59.000000;2016-01-31T02:17:59.000000;c074d769-9825-4c7b-89b0-54a581fff9fa;377.34;0.03181236;UNKNOWN
2016-01-31T02:18:38.000000;2016-01-31T02:18:38.000000;59389692-9faf-4eb3-ae02-cef3d094a954;377.51;0.03876004;UNKNOWN
2016-01-31T02:18:47.000000;2016-01-31T02:18:47.000000;d4314f25-377e-44fa-9389-634fbe0b3d2e;377.6;6.5453;UNKNOWN
2016-01-31T02:19:06.000000;2016-01-31T02:19:06.000000;dc69b6de-11ec-4206-9769-a2f4cd5ea20a;377.39;0.4316065;UNKNOWN
2016-01-31T02:19:11.000000;2016-01-31T02:19:11.000000;fb0bf030-e5c2-495d-be2b-5e1e38e77ab3;377.34;0.04460703;UNKNOWN
2016-01-31T02:20:13.000000;2016-01-31T02:20:13.000000;85da849a-23d8-4a8e-8fab-1d383b5fd554;377.33;0.05472114;UNKNOWN
2016-01-31T02:21:09.000000;2016-01-31T02:21:09.000000;90708562-a5f7-445a-9970-fc6adcf8cec6;377.35;6.5399;UNKNOWN
2016-01-31T02:21:09.000000;2016-01-31T02:21:09.000000;333b5dfe-78b2-4f75-9ff4-465abb094ce3;377.33;1.44527886;UNKNOWN
2016-01-31T02:21:13.000000;2016-01-31T02:21:13.000000;79f2fb77-4aca-4b01-8712-f90e34fac722;377.01;0.03336054;UNKNOWN
2016-01-31T02:21:39.000000;2016-01-31T02:21:39.000000;5abc423e-76f0-402b-8fcf-d6334d34a73b;376.8;0.2639;UNKNOWN
2016-01-31T02:22:05.000000;2016-01-31T02:22:05.000000;6750fec0-f272-49ab-b103-f9aae6e5414d;377.04;0.2;UNKNOWN
2016-01-31T02:22:05.000000;2016-01-31T02:22:05.000000;17eccf87-8412-4c66-a59e-1ee5feaff271;376.72;3.5;UNKNOWN
2016-01-31T02:22:05.000000;2016-01-31T02:22:05.000000;c9bb2e00-2452-4c05-90b5-0b1a54943b71;376.63;0.98386171;UNKNOWN
2016-01-31T02:22:05.000000;2016-01-31T02:22:05.000000;b529b333-91f4-4ebc-b182-551e7cc93881;376.71;2.59811117;UNKNOWN
2016-01-31T02:22:05.000000;2016-01-31T02:22:05.000000;8843cac0-e89f-42b2-9758-d6576cb89538;376.7;0.15;UNKNOWN
2016-01-31T02:22:10.000000;2016-01-31T02:22:10.000000;dcb6040d-63b8-46ab-8928-42c54b3df156;376.6;2.59882013;UNKNOWN
2016-01-31T02:22:10.000000;2016-01-31T02:22:10.000000;ed7e426b-92a7-4460-bea3-588996a02a01;376.6;3.8112;UNKNOWN
2016-01-31T02:22:29.000000;2016-01-31T02:22:29.000000;bacec3bc-af46-4a16-bc8d-4b4e308236f4;376.59;5.07399451;UNKNOWN
2016-01-31T02:22:29.000000;2016-01-31T02:22:29.000000;6ed24b4a-fbd0-4da4-a757-8b498218f027;376.6;3.29;UNKNOWN
2016-01-31T02:23:05.000000;2016-01-31T02:23:05.000000;dc74297a-56a1-4e31-ba2c-98516f643155;376.53;0.2;UNKNOWN
2016-01-31T02:24:53.000000;2016-01-31T02:24:53.000000;0bbd6cf1-56d4-4db2-a005-384015226bb4;377.14;1.0;UNKNOWN
2016-01-31T02:25:05.000000;2016-01-31T02:25:05.000000;e76d9f2e-ccf8-432a-ad36-457b68152e24;377.12;0.02515;UNKNOWN
2016-01-31T02:25:17.000000;2016-01-31T02:25:17.000000;7738722f-5631-4df4-a955-2e4725349b99;377.13;6.5455;UNKNOWN
2016-01-31T02:25:17.000000;2016-01-31T02:25:17.000000;911cb12e-3a50-47c0-b789-a0f3a163ec2a;376.62;4.0244;UNKNOWN
2016-01-31T02:25:17.000000;2016-01-31T02:25:17.000000;0a20f515-3fd2-449c-beb1-d274b7ae7ffb;376.51;10.5649;UNKNOWN
2016-01-31T02:25:17.000000;2016-01-31T02:25:17.000000;9b732f4a-6690-4e0d-a273-b7230beeea30;376.64;0.05005;UNKNOWN
2016-01-31T02:25:17.000000;2016-01-31T02:25:17.000000;779bc8a9-185e-4e2c-b632-e89752e361d8;377.12;0.97385;UNKNOWN
2016-01-31T02:25:17.000000;2016-01-31T02:25:17.000000;27a706b1-2d92-420c-80d0-15fe89034326;376.75;4.8975;UNKNOWN
2016-01-31T02:25:17.000000;2016-01-31T02:25:17.000000;65463b4a-d0a0-497c-83c0-2f153ecd63ea;376.92;3.6516;UNKNOWN
2016-01-31T02:25:17.000000;2016-01-31T02:25:17.000000;3a32d3e3-c84d-4212-9f89-91c87a6fb368;376.5;0.7595246;UNKNOWN
2016-01-31T02:26:21.000000;2016-01-31T02:26:21.000000;69678023-e501-4967-9e6d-dd86e7dfb8c8;377.33;0.7692999;UNKNOWN
2016-01-31T02:33:16.000000;2016-01-31T02:33:16.000000;29e01b1c-dc71-446d-9563-cebeb46efa09;376.88;0.2;UNKNOWN
2016-01-31T02:33:27.000000;2016-01-31T02:33:27.000000;93c389b7-9701-4fa2-a00a-d0b6bc1a65ff;376.51;0.02614174;UNKNOWN
2016-01-31T02:33:45.000000;2016-01-31T02:33:45.000000;bcc43d8e-645d-49b2-ab7b-f3a38d84fab4;376.51;0.04179964;UNKNOWN
2016-01-31T02:33:48.000000;2016-01-31T02:33:48.000000;191cca3a-16d9-4525-95ab-e93ad970cdd5;376.68;0.08716007;UNKNOWN
2016-01-31T02:33:51.000000;2016-01-31T02:33:51.000000;e9dec91b-dbdc-45ad-929f-0f52cb3fdbd2;376.68;0.07342918;UNKNOWN
2016-01-31T02:33:53.000000;2016-01-31T02:33:53.000000;21b8286d-6f22-40fc-a2e1-174cdee4ac84;376.68;0.04188433;UNKNOWN
2016-01-31T02:34:40.000000;2016-01-31T02:34:40.000000;8c581b3c-d5ac-4e3a-ba09-a693b7eb4101;376.53;0.5;UNKNOWN
2016-01-31T02:34:42.000000;2016-01-31T02:34:42.000000;3dd4761e-5127-4cbc-8344-abd298907362;376.51;0.2;UNKNOWN
2016-01-31T02:35:03.000000;2016-01-31T02:35:03.000000;27ddbffd-4010-48b5-a1b5-0803a03b9898;376.51;0.04909029;UNKNOWN
2016-01-31T02:36:45.000000;2016-01-31T02:36:45.000000;e4deb7a7-ce86-4303-9c46-d6fc28860aa5;376.51;6.0;UNKNOWN
2016-01-31T02:37:14.000000;2016-01-31T02:37:14.000000;432ccc0d-303e-4be7-b2b5-0177fbe99983;376.51;0.87090971;UNKNOWN
2016-01-31T02:38:41.000000;2016-01-31T02:38:41.000000;ff91513f-6045-443a-902e-0d39b245d1b0;376.6;0.1;UNKNOWN
2016-01-31T02:41:46.000000;2016-01-31T02:41:46.000000;9bfc76f0-55de-45d5-bdcc-54e7aad8bdea;376.79;6.6049;UNKNOWN
2016-01-31T02:41:46.000000;2016-01-31T02:41:46.000000;b0260ab5-1fe7-463f-a536-226b579e310d;376.8;12.21;UNKNOWN
2016-01-31T02:42:05.000000;2016-01-31T02:42:05.000000;0249da02-067f-48c5-8fa9-fc0cd6f626d2;377.42;2.3;UNKNOWN
2016-01-31T02:42:07.000000;2016-01-31T02:42:07.000000;835d37a3-e48d-4b44-9457-42687d82f4a2;376.8;0.31895942;UNKNOWN
2016-01-31T02:43:05.000000;2016-01-31T02:43:05.000000;aa83c891-f558-4980-843c-4e168ba735c8;376.8;0.2064;UNKNOWN
2016-01-31T02:44:30.000000;2016-01-31T02:44:30.000000;80680fc1-4b22-4f1c-adb6-ab3cefe38e2f;376.8;0.0204;UNKNOWN
2016-01-31T02:45:36.000000;2016-01-31T02:45:36.000000;a4f24c42-46e2-4f68-a475-6fedf5bfa09f;377.49;0.05999999;UNKNOWN
2016-01-31T02:47:35.000000;2016-01-31T02:47:35.000000;278e5c8f-1abb-4ee1-8365-78040b70008a;377.49;2.0;UNKNOWN
2016-01-31T02:48:05.000000;2016-01-31T02:48:05.000000;e94f5cc1-4b32-4d47-b36e-55042c252621;377.26;5.25306648;UNKNOWN
2016-01-31T02:48:27.000000;2016-01-31T02:48:27.000000;e51da5cb-d20d-4310-b78c-f4fc8cfd3357;377.08;0.02614;UNKNOWN
2016-01-31T02:48:53.000000;2016-01-31T02:48:53.000000;63203877-467a-4c56-8196-15fcb6173392;377.08;6.55246;UNKNOWN
2016-01-31T02:48:53.000000;2016-01-31T02:48:53.000000;4ce03baf-7006-4cd2-ad12-2e648718f1de;376.96;2.10110733;UNKNOWN
2016-01-31T02:48:53.000000;2016-01-31T02:48:53.000000;423e3687-0470-4511-805f-1f05fdb4e440;377.07;4.5756;UNKNOWN
2016-01-31T02:48:53.000000;2016-01-31T02:48:53.000000;9319a917-7dec-4977-9c42-aab408f704e7;377.2;9.7464;UNKNOWN
2016-01-31T02:48:53.000000;2016-01-31T02:48:53.000000;694fa2b4-63ec-427d-95ea-ee30d6a3a244;377.05;2.59474046;UNKNOWN
2016-01-31T02:49:36.000000;2016-01-31T02:49:36.000000;8814b073-9a8b-4de2-82d0-076d6b1623c0;377.19;0.2;UNKNOWN
2016-01-31T02:50:09.000000;2016-01-31T02:50:09.000000;e665e31b-b933-4fb3-9446-f77bbb319606;377.13;0.2;UNKNOWN
2016-01-31T02:50:13.000000;2016-01-31T02:50:13.000000;34a6e2f4-1a56-4bbd-b7b2-498ba9e64b8a;377.12;0.2;UNKNOWN
2016-01-31T02:50:25.000000;2016-01-31T02:50:25.000000;c37f874b-da46-4716-87c2-5493da1b6f7c;377.12;0.05317;UNKNOWN
2016-01-31T02:51:03.000000;2016-01-31T02:51:03.000000;af1a8510-ff7a-4b4e-bd89-0f3028e2ec6b;377.09;0.2;UNKNOWN
2016-01-31T02:51:03.000000;2016-01-31T02:51:03.000000;b7d8f5e2-8409-4059-ad84-d8dade03eec4;377.07;6.18754101;UNKNOWN
2016-01-31T02:51:28.000000;2016-01-31T02:51:28.000000;c83032a6-9808-4566-8446-d420d551a186;377.1;0.13272707;UNKNOWN
2016-01-31T02:52:05.000000;2016-01-31T02:52:05.000000;a7e6e1a2-2de1-4529-9d68-5023e50c028a;377.12;0.01;UNKNOWN
2016-01-31T02:52:06.000000;2016-01-31T02:52:06.000000;14d0d738-6f0a-4246-a83f-d756b13f8c6d;377.12;2.63130197;UNKNOWN
2016-01-31T02:52:08.000000;2016-01-31T02:52:08.000000;09fb16d4-cd85-42b2-9be8-4c9c92fbaf9b;377.1;0.06727293;UNKNOWN
2016-01-31T02:52:08.000000;2016-01-31T02:52:08.000000;54243cc6-5d9d-446a-91f0-c121b65aaefa;377.1;0.03889745;UNKNOWN
2016-01-31T02:53:22.000000;2016-01-31T02:53:22.000000;60ad7a0b-1616-4477-b96c-89ffa086aa57;377.11;0.99;UNKNOWN
2016-01-31T02:54:07.000000;2016-01-31T02:54:07.000000;d8d61f8c-6e69-494e-a7b8-9d580391bcfe;377.11;0.59632015;UNKNOWN
2016-01-31T02:54:07.000000;2016-01-31T02:54:07.000000;8d8ecc17-ad96-488d-9573-e18444a9caa7;377.12;0.2;UNKNOWN
2016-01-31T02:54:49.000000;2016-01-31T02:54:49.000000;53f17c7d-e424-4c38-b212-2f217ad854a4;377.12;0.11017402;UNKNOWN
2016-01-31T02:56:39.000000;2016-01-31T02:56:39.000000;67935108-e6a7-40ea-b487-75500fd9a395;377.48;6.0;UNKNOWN
2016-01-31T02:56:39.000000;2016-01-31T02:56:39.000000;aba4d942-d00a-48e5-bb73-c69167955e43;377.47;3.0;UNKNOWN
2016-01-31T02:56:39.000000;2016-01-31T02:56:39.000000;c4ee6782-75a3-4db9-86c6-83c8e42481a3;377.5;13.85672375;UNKNOWN
2016-01-31T02:56:39.000000;2016-01-31T02:56:39.000000;08acbc6d-fb5f-487f-88b0-c5239f8e2437;377.45;6.5575;UNKNOWN
2016-01-31T02:56:39.000000;2016-01-31T02:56:39.000000;d1af1ae6-c561-416b-87d3-35dd26f59487;377.5;1.0;UNKNOWN
2016-01-31T02:56:39.000000;2016-01-31T02:56:39.000000;e3a5a1a8-7019-4b0c-b73f-27bc9c15c110;377.13;0.92837625;UNKNOWN
2016-01-31T02:57:56.000000;2016-01-31T02:57:56.000000;12c34aab-1d27-42a9-9fa9-223ba1c998f3;377.44;0.09348587;UNKNOWN
2016-01-31T02:58:17.000000;2016-01-31T02:58:17.000000;281179ea-1c5b-48d4-ae87-73de93868396;377.44;0.1184822;UNKNOWN
2016-01-31T02:59:05.000000;2016-01-31T02:59:05.000000;3e29ac66-88d0-45ae-b0b2-ffa025df945f;377.49;0.381988;UNKNOWN
2016-01-31T02:59:06.000000;2016-01-31T02:59:06.000000;612b8c60-dd66-4077-8249-586038a541e6;377.48;0.02;UNKNOWN
2016-01-31T02:59:17.000000;2016-01-31T02:59:17.000000;aff015ff-fd34-4ab4-80e4-56f4b36231ac;377.44;0.05171555;UNKNOWN
2016-01-31T02:59:24.000000;2016-01-31T02:59:24.000000;adaa80a2-671b-4ca1-88fb-627f2ec4b1d1;377.44;0.05364763;UNKNOWN
2016-01-31T03:00:20.000000;2016-01-31T03:00:20.000000;9e9f7e15-84a7-40f8-a09d-b210e670f2b9;377.47;0.10724845;UNKNOWN
2016-01-31T03:01:05.000000;2016-01-31T03:01:05.000000;33a74c91-879f-4057-9480-e98207f189aa;377.47;0.2;UNKNOWN
2016-01-31T03:01:06.000000;2016-01-31T03:01:06.000000;1042ffc0-a09d-47d7-b793-a30d791c6bea;377.42;5.34986397;UNKNOWN
2016-01-31T03:01:06.000000;2016-01-31T03:01:06.000000;07a82f6e-bfa6-4392-b1b4-2fd5a930151b;377.47;0.43275155;UNKNOWN
2016-01-31T03:01:19.000000;2016-01-31T03:01:19.000000;39bb56e6-f53b-4a41-9d8c-b8ddfa061993;377.42;0.08070723;UNKNOWN
2016-01-31T03:02:22.000000;2016-01-31T03:02:22.000000;d6e82ce1-f405-406c-93cd-f1c25b0c010a;377.42;0.0566122;UNKNOWN
2016-01-31T03:03:26.000000;2016-01-31T03:03:26.000000;5be096bc-1928-43d8-a735-bd6bce333d29;377.26;0.0452206;UNKNOWN
2016-01-31T03:04:25.000000;2016-01-31T03:04:25.000000;b4620f22-8200-4b9c-b6c1-6c6893991336;377.26;6.5352;UNKNOWN
2016-01-31T03:05:20.000000;2016-01-31T03:05:20.000000;e5d44dad-b1bd-46bc-90f7-629b0a7c55a4;377.01;6.5718;UNKNOWN
2016-01-31T03:05:20.000000;2016-01-31T03:05:20.000000;d62b8a38-81aa-4f9a-918f-8ce27585a078;377.1;0.72110255;UNKNOWN
2016-01-31T03:05:20.000000;2016-01-31T03:05:20.000000;21469249-dccf-4bde-a262-8175239fd558;377.0;7.47665146;UNKNOWN
2016-01-31T03:05:20.000000;2016-01-31T03:05:20.000000;79bbfe71-30ac-4d4a-8fad-6ba159f45e8d;377.07;1.97635899;UNKNOWN
2016-01-31T03:05:20.000000;2016-01-31T03:05:20.000000;b2ace60e-833d-48e3-9b62-6756782a8b6f;377.0;1.0;UNKNOWN
2016-01-31T03:07:05.000000;2016-01-31T03:07:05.000000;1de25d3d-c5bd-4ca4-a2ea-757512c5f9f7;377.24;2.73516991;UNKNOWN
2016-01-31T03:07:41.000000;2016-01-31T03:07:41.000000;c363adeb-327f-4b44-a073-2d5d05d278c3;377.09;4.5975;UNKNOWN
2016-01-31T03:08:04.000000;2016-01-31T03:08:04.000000;b36a01d7-51a3-4f1e-8cee-8ffb33a20eaf;377.0;0.883741;UNKNOWN
2016-01-31T03:08:09.000000;2016-01-31T03:08:09.000000;a41d480d-008f-43ad-b0bc-94e3b2e7844c;377.0;11.63960754;UNKNOWN
2016-01-31T03:08:45.000000;2016-01-31T03:08:45.000000;c480d540-b332-405a-8889-2e1c2e8a8aa0;376.76;6.5709;UNKNOWN
2016-01-31T03:08:45.000000;2016-01-31T03:08:45.000000;2e11b77a-a056-461c-8d87-d07a95125998;376.76;0.939875;UNKNOWN
2016-01-31T03:09:00.000000;2016-01-31T03:09:00.000000;40fb5e3e-c638-430e-84f0-3d83e2cafe57;376.76;2.79062855;UNKNOWN
2016-01-31T03:09:27.000000;2016-01-31T03:09:27.000000;594c8817-feac-4024-801b-b81bdc66619e;376.61;0.2629;UNKNOWN
2016-01-31T03:09:49.000000;2016-01-31T03:09:49.000000;2b3bb328-ae37-4e0e-a546-f28625623931;376.78;2.58062855;UNKNOWN
2016-01-31T03:09:49.000000;2016-01-31T03:09:49.000000;8bbc0a8f-7878-4e54-99de-e1a4af6d0528;376.9;0.2;UNKNOWN
2016-01-31T03:14:08.000000;2016-01-31T03:14:08.000000;d248cc9b-20d4-4d28-b971-26b600df39a5;376.89;0.13280808;UNKNOWN
2016-01-31T03:15:17.000000;2016-01-31T03:15:17.000000;0dc630bf-6316-4216-b0c5-d36be5f641cb;377.05;0.13280103;UNKNOWN
2016-01-31T03:16:35.000000;2016-01-31T03:16:35.000000;9dd52e40-9140-49b5-ab57-6852ef895de5;377.26;0.5;UNKNOWN
2016-01-31T03:16:35.000000;2016-01-31T03:16:35.000000;a4c5811a-69ab-44bd-8423-ec9beeb8db52;377.27;0.06;UNKNOWN
2016-01-31T03:16:35.000000;2016-01-31T03:16:35.000000;30eb4d6f-bf6d-4836-87a0-55b00ab8fea2;377.26;3.0;UNKNOWN
2016-01-31T03:17:38.000000;2016-01-31T03:17:38.000000;75470460-a5c6-4ed4-8ed7-08bb3084e825;377.16;2.82124094;UNKNOWN
2016-01-31T03:19:05.000000;2016-01-31T03:19:05.000000;f58e9ac6-d9b3-4c9b-8650-0e440d5aae78;376.65;0.10507925;UNKNOWN
2016-01-31T03:19:07.000000;2016-01-31T03:19:07.000000;ddb17c9b-f08e-4cfd-bb27-661de2de42fc;376.68;0.0347878;UNKNOWN
2016-01-31T03:19:10.000000;2016-01-31T03:19:10.000000;2a131a55-fe62-46ff-977f-a488e976ab33;376.64;0.12607963;UNKNOWN
2016-01-31T03:19:12.000000;2016-01-31T03:19:12.000000;587be387-a99d-4bc0-b33e-bf6358d87b94;376.65;0.05936721;UNKNOWN
2016-01-31T03:19:12.000000;2016-01-31T03:19:12.000000;f97a8275-1860-40c7-be72-a7211e908136;377.34;5.0;UNKNOWN
2016-01-31T03:19:15.000000;2016-01-31T03:19:15.000000;32366602-4c63-42fa-90c0-2ff8dd84ef63;376.66;0.09280725;UNKNOWN
2016-01-31T03:19:17.000000;2016-01-31T03:19:17.000000;e6bf40f0-a03c-4c12-b72c-a94ce55dcd53;376.66;0.10317571;UNKNOWN
2016-01-31T03:19:22.000000;2016-01-31T03:19:22.000000;22fc1850-824e-4164-87b4-beef38ced4b0;377.28;0.9443;UNKNOWN
2016-01-31T03:20:37.000000;2016-01-31T03:20:37.000000;348bfe14-8989-4fac-8536-db2ac0bedb33;376.96;0.05313451;UNKNOWN
2016-01-31T03:22:38.000000;2016-01-31T03:22:38.000000;58bf4b82-e1ec-44b2-a706-ee8c72db2069;377.25;0.07400431;UNKNOWN
2016-01-31T03:22:38.000000;2016-01-31T03:22:38.000000;d2568c4b-4738-418c-af76-81466606f219;377.27;6.5664;UNKNOWN
2016-01-31T03:25:17.000000;2016-01-31T03:25:17.000000;29e6d2b3-1c0d-4cf3-b2bd-6bebd8369688;377.48;0.9749;UNKNOWN
2016-01-31T03:28:01.000000;2016-01-31T03:28:01.000000;2e61a4c4-af6d-4776-9f91-458dbbc05118;376.94;6.66;UNKNOWN
2016-01-31T03:28:01.000000;2016-01-31T03:28:01.000000;80796353-b8b0-4a46-960d-b425c75a0ece;377.18;0.75374238;UNKNOWN
2016-01-31T03:28:01.000000;2016-01-31T03:28:01.000000;f261a0ec-04d8-4bf7-805c-55be64434a16;376.78;2.64107242;UNKNOWN
2016-01-31T03:28:01.000000;2016-01-31T03:28:01.000000;1c1de3aa-5f17-45d1-9a42-81fd003de6b4;377.19;6.6029;UNKNOWN
2016-01-31T03:28:01.000000;2016-01-31T03:28:01.000000;78d9fd81-4ff3-46db-8e96-952ba5b45486;377.09;14.6222;UNKNOWN
2016-01-31T03:29:06.000000;2016-01-31T03:29:06.000000;518eaf1b-bcce-491b-ba17-ff590bab8cee;377.12;0.23466999;UNKNOWN
2016-01-31T03:30:53.000000;2016-01-31T03:30:53.000000;0d0aaa74-fdee-4828-b39f-cebb9e16548d;377.48;2.78062855;UNKNOWN
2016-01-31T03:31:43.000000;2016-01-31T03:31:43.000000;26cc21f0-382f-4e9e-ad1c-d17358d11dcb;377.43;0.8188;UNKNOWN
2016-01-31T03:32:14.000000;2016-01-31T03:32:14.000000;c581dbc2-6197-4e7f-b31c-1275d4de3686;377.49;0.33532053;UNKNOWN
2016-01-31T03:32:23.000000;2016-01-31T03:32:23.000000;8a0d17b3-85be-41ec-a324-0b4a6ee62f05;377.49;0.14903134;UNKNOWN
2016-01-31T03:32:40.000000;2016-01-31T03:32:40.000000;c2f40725-526a-4584-8119-79500b7df8bc;377.49;0.06623615;UNKNOWN
2016-01-31T03:32:41.000000;2016-01-31T03:32:41.000000;e8dbecaf-7930-49fa-8a2f-49fc7ff3ad63;377.49;0.3;UNKNOWN
2016-01-31T03:32:48.000000;2016-01-31T03:32:48.000000;e9070e13-6547-4397-87d2-420f1d3963f3;377.49;0.02943829;UNKNOWN
2016-01-31T03:32:55.000000;2016-01-31T03:32:55.000000;0e1d7c6e-720d-491c-a489-941615918a99;377.48;0.04430689;UNKNOWN
2016-01-31T03:32:57.000000;2016-01-31T03:32:57.000000;6f3dbe51-c193-4493-a8ba-db38fcc4be61;377.49;2.36053191;UNKNOWN
2016-01-31T03:32:59.000000;2016-01-31T03:32:59.000000;bb4140ef-45a1-4f27-86d7-61fd468ff514;377.49;0.111;UNKNOWN
2016-01-31T03:34:02.000000;2016-01-31T03:34:02.000000;43c43ac8-e557-4b5a-9b84-5ab50a2a3428;377.48;0.06375174;UNKNOWN
2016-01-31T03:34:02.000000;2016-01-31T03:34:02.000000;900e7503-0a84-4071-9b24-827f9166b447;377.48;0.00574311;UNKNOWN
2016-01-31T03:34:02.000000;2016-01-31T03:34:02.000000;5ecd5b6e-032a-4596-b741-62579630e5b5;377.48;0.05005;UNKNOWN
2016-01-31T03:35:03.000000;2016-01-31T03:35:03.000000;0afa4507-3f38-4aeb-bf7e-1b8c3ee0fd51;377.48;0.04745865;UNKNOWN
2016-01-31T03:35:20.000000;2016-01-31T03:35:20.000000;2b18a6ea-8161-47e8-b459-7d94695c3359;377.48;0.11233528;UNKNOWN
2016-01-31T03:36:55.000000;2016-01-31T03:36:55.000000;aa5e4fe3-97a8-4b54-8348-fefa63a8bfbd;377.48;0.05981845;UNKNOWN
2016-01-31T03:37:05.000000;2016-01-31T03:37:05.000000;20031240-0c72-4abe-89b8-034059cd4b05;377.49;0.07648208;UNKNOWN
2016-01-31T03:37:54.000000;2016-01-31T03:37:54.000000;58a30145-6196-4435-be47-a23d21b9375a;377.48;0.04038762;UNKNOWN
2016-01-31T03:37:54.000000;2016-01-31T03:37:54.000000;6c850f3e-5250-4d6c-8ff3-38bf49fdbd02;377.48;0.00679044;UNKNOWN
2016-01-31T03:39:30.000000;2016-01-31T03:39:30.000000;4206994e-9d86-4706-8767-bba18bdaea81;377.49;2.29;UNKNOWN
2016-01-31T03:41:04.000000;2016-01-31T03:41:04.000000;03b85843-1c7d-4c19-8577-15b823b71a18;377.48;0.10178608;UNKNOWN
2016-01-31T03:41:07.000000;2016-01-31T03:41:07.000000;bbb86fb6-94f8-4566-99c2-8519b406dcd3;377.48;0.06986162;UNKNOWN
2016-01-31T03:41:09.000000;2016-01-31T03:41:09.000000;001f03b1-9bad-4dd7-8ab8-0d58db62fb79;377.48;0.04510457;UNKNOWN
2016-01-31T03:41:12.000000;2016-01-31T03:41:12.000000;ceb50e89-67e7-4ce8-90bf-922284cc4cfe;377.48;0.04645729;UNKNOWN
2016-01-31T03:41:12.000000;2016-01-31T03:41:12.000000;a46cc131-481f-4f9c-8887-36f7ed84c014;377.48;0.04009117;UNKNOWN
2016-01-31T03:41:16.000000;2016-01-31T03:41:16.000000;30088421-ee3d-4ca1-99d2-75ff5fa14973;377.42;0.07893127;UNKNOWN
2016-01-31T03:41:20.000000;2016-01-31T03:41:20.000000;5f43a697-43ee-4cd1-b53c-c07be41bf119;377.43;0.01515005;UNKNOWN
2016-01-31T03:41:34.000000;2016-01-31T03:41:34.000000;c419d3c1-d446-4605-9cc2-25b880f0272d;377.49;0.75;UNKNOWN
2016-01-31T03:43:43.000000;2016-01-31T03:43:43.000000;d5a4f19e-8ca7-4b16-b39d-70692ab514a5;377.24;6.6218;UNKNOWN
2016-01-31T03:43:43.000000;2016-01-31T03:43:43.000000;e4f12be2-8ec5-4001-aea1-3b16d61e3a76;377.49;3.1522;UNKNOWN
2016-01-31T03:43:43.000000;2016-01-31T03:43:43.000000;2e87b8eb-78eb-4e18-acd6-dc1ad18dac87;377.24;21.38;UNKNOWN
2016-01-31T03:49:05.000000;2016-01-31T03:49:05.000000;d56213e4-7b6a-48aa-b9d0-5664c277688d;377.28;0.03018298;UNKNOWN
2016-01-31T03:50:06.000000;2016-01-31T03:50:06.000000;4fe0c4bf-1ded-417b-a8d8-4896fa93642b;376.95;3.0;UNKNOWN
2016-01-31T03:50:06.000000;2016-01-31T03:50:06.000000;ab964d29-b667-45e5-b22b-cb9c219b628b;376.95;0.5;UNKNOWN
2016-01-31T03:50:06.000000;2016-01-31T03:50:06.000000;47fea8b9-9b0d-4c93-9c17-517e65dfaa42;376.95;6.0;UNKNOWN
2016-01-31T03:50:06.000000;2016-01-31T03:50:06.000000;832e0b54-d038-44cf-897a-bb7f239ad6dc;377.11;0.053623;UNKNOWN
2016-01-31T03:50:06.000000;2016-01-31T03:50:06.000000;67450ac0-68a7-463b-a461-f32e3462379d;376.94;0.446377;UNKNOWN
2016-01-31T03:50:07.000000;2016-01-31T03:50:07.000000;d0981cdf-ed97-4ffa-91b4-35d9beb3ffdb;376.96;10.0;UNKNOWN
2016-01-31T03:50:53.000000;2016-01-31T03:50:53.000000;0c367b94-01be-4b83-9c2c-096e9a243e9b;377.0;6.5849;UNKNOWN
2016-01-31T03:51:05.000000;2016-01-31T03:51:05.000000;5faa4418-5e1d-47be-acee-7e5da466f37b;376.61;4.7783;UNKNOWN
2016-01-31T03:51:05.000000;2016-01-31T03:51:05.000000;f3048957-68ab-4dd7-a1a4-a07ddd42331b;376.51;1.4157;UNKNOWN
2016-01-31T03:51:05.000000;2016-01-31T03:51:05.000000;b7916d89-ed99-4319-8f9d-7bc430e2c39e;376.98;0.2;UNKNOWN
2016-01-31T03:51:05.000000;2016-01-31T03:51:05.000000;3d9930ef-f77c-477b-bf96-360dce4082ca;376.59;3.606;UNKNOWN
2016-01-31T03:53:22.000000;2016-01-31T03:53:22.000000;414156c9-cc10-4926-ba0d-d8d50cca9dc1;376.99;0.2;UNKNOWN
2016-01-31T03:54:05.000000;2016-01-31T03:54:05.000000;73d557d4-d1b3-4df1-8859-45150a436578;376.91;1.63359929;UNKNOWN
2016-01-31T03:57:05.000000;2016-01-31T03:57:05.000000;2e51bfe6-993f-4dd3-b62d-1e0b9074f3a0;377.0;0.01;UNKNOWN
2016-01-31T03:57:08.000000;2016-01-31T03:57:08.000000;33b24e67-bf51-4a6e-9a4d-b1405d5e22d8;376.99;0.06183297;UNKNOWN
2016-01-31T03:57:42.000000;2016-01-31T03:57:42.000000;74a93a77-1502-40d6-931c-4d2b0e54c1d3;376.99;0.01875;UNKNOWN
2016-01-31T03:58:01.000000;2016-01-31T03:58:01.000000;f573a3b7-095c-4404-9fd5-eb68502b9ee1;377.0;0.16556274;UNKNOWN
2016-01-31T03:59:05.000000;2016-01-31T03:59:05.000000;30003af4-d21a-4e39-8e33-414886f73d53;377.0;0.78013404;UNKNOWN
2016-01-31T03:59:23.000000;2016-01-31T03:59:23.000000;e0390a35-e8b5-4827-8bb6-6b23b516d85d;376.61;6.95852835;UNKNOWN
2016-01-31T03:59:23.000000;2016-01-31T03:59:23.000000;49f17872-d6d4-4737-95d1-b640738e9c32;376.99;0.11941703;UNKNOWN
2016-01-31T03:59:23.000000;2016-01-31T03:59:23.000000;379ae8a5-8e57-4ed2-8202-78d7ce13ffe2;376.78;3.928;UNKNOWN
2016-01-31T03:59:23.000000;2016-01-31T03:59:23.000000;24b96c7c-6d34-4c76-bcd4-1a60a212e99a;376.7;10.0;UNKNOWN
2016-01-31T03:59:23.000000;2016-01-31T03:59:23.000000;d24709ab-c51a-4969-9076-8a804e108973;376.79;10.134;UNKNOWN
2016-01-31T03:59:28.000000;2016-01-31T03:59:28.000000;24e208ad-cafe-4082-8d58-93f39f348789;376.99;0.2;UNKNOWN
2016-01-31T04:00:27.000000;2016-01-31T04:00:27.000000;6a198d9f-5d85-4852-b342-d458e36cf8a9;376.67;0.2;UNKNOWN
2016-01-31T04:00:27.000000;2016-01-31T04:00:27.000000;30709962-66b9-46f3-b424-6d4a8b2e97aa;376.53;0.071742;UNKNOWN
2016-01-31T04:00:27.000000;2016-01-31T04:00:27.000000;ae7d3234-8a64-4a39-bcc8-d3a18cb0bd78;376.52;4.928258;UNKNOWN
2016-01-31T04:07:06.000000;2016-01-31T04:07:06.000000;ac1e1d66-5e28-4aa6-bcae-716282f25fe0;376.99;7.88;UNKNOWN
2016-01-31T04:09:25.000000;2016-01-31T04:09:25.000000;7d523bff-b10d-46d0-8ed6-fe4fbf7d5879;377.0;0.01;UNKNOWN
2016-01-31T04:12:02.000000;2016-01-31T04:12:02.000000;94d28889-1053-46bb-ad8d-6e58ce5cc03c;377.0;2.44940322;UNKNOWN
2016-01-31T04:12:02.000000;2016-01-31T04:12:02.000000;7a3e131a-5046-45da-b81f-42c01534fa07;377.0;7.62627455;UNKNOWN
2016-01-31T04:12:19.000000;2016-01-31T04:12:19.000000;6247399c-0175-4610-8cfa-a6045da70f82;377.0;1.1007;UNKNOWN
2016-01-31T04:12:21.000000;2016-01-31T04:12:21.000000;b1ca4e38-3edb-4aea-9a3b-45388aac6d54;376.93;0.5;UNKNOWN
2016-01-31T04:12:21.000000;2016-01-31T04:12:21.000000;63eb2d7b-1e8c-4e18-b3d9-14c72dac230c;376.94;0.5;UNKNOWN
2016-01-31T04:15:05.000000;2016-01-31T04:15:05.000000;f3eecbfe-9ef1-4651-abad-c0a66875ff2c;377.49;0.1432;UNKNOWN
2016-01-31T04:15:05.000000;2016-01-31T04:15:05.000000;44a1c26b-6699-441b-aed8-ceeefb7eab71;377.48;3.0;UNKNOWN
2016-01-31T04:15:05.000000;2016-01-31T04:15:05.000000;aede1f8c-a6fb-4bcf-bb6b-adf9004136ee;377.49;1.4510403;UNKNOWN
2016-01-31T04:15:05.000000;2016-01-31T04:15:05.000000;6568be27-7631-4bbb-a44b-f93731486a79;377.49;0.3547597;UNKNOWN
2016-01-31T04:15:05.000000;2016-01-31T04:15:05.000000;8028348f-c5ea-402d-9a9d-5936f5bc8731;377.49;1.551;UNKNOWN
2016-01-31T04:15:05.000000;2016-01-31T04:15:05.000000;25130326-4f39-445b-bf5c-b57df9804589;377.48;3.0;UNKNOWN
2016-01-31T04:15:05.000000;2016-01-31T04:15:05.000000;d3d1af09-aac2-4bf1-9b72-d4a0fd29c944;377.47;0.5;UNKNOWN
2016-01-31T04:15:07.000000;2016-01-31T04:15:07.000000;2edb57b6-aa49-4f40-b2f4-3b91ab48c755;377.49;0.01013351;UNKNOWN
2016-01-31T04:21:08.000000;2016-01-31T04:21:08.000000;a2d52bb7-2e22-469f-89bc-bc9cd002f939;377.46;0.071798;UNKNOWN
2016-01-31T04:22:42.000000;2016-01-31T04:22:42.000000;9a38c532-7581-46cc-b6f3-3ba9fc57304c;377.46;0.01;UNKNOWN
2016-01-31T04:29:06.000000;2016-01-31T04:29:06.000000;cc487f32-c14f-4ac9-be5f-8bf3213ee2cf;377.45;0.07806128;UNKNOWN
2016-01-31T04:29:32.000000;2016-01-31T04:29:32.000000;daf95e02-655e-49f6-9981-a76ad417e826;377.45;0.85;UNKNOWN
2016-01-31T04:30:05.000000;2016-01-31T04:30:05.000000;8d1d0078-0803-4d6d-a74d-ce79b6007298;377.23;3.2469;UNKNOWN
2016-01-31T04:30:05.000000;2016-01-31T04:30:05.000000;1c977e32-1e07-4a55-89a1-1ea013d97ac1;377.24;6.5531;UNKNOWN
2016-01-31T04:30:05.000000;2016-01-31T04:30:05.000000;d164b5cf-b471-43e6-9663-6dc105c62617;377.44;0.2;UNKNOWN
2016-01-31T04:30:11.000000;2016-01-31T04:30:11.000000;2778e8b5-79c6-41f1-9d74-25b18858f740;377.35;0.2;UNKNOWN
2016-01-31T04:30:43.000000;2016-01-31T04:30:43.000000;07f26e8b-a130-425b-8304-dbeb194ae956;377.38;2.60352257;UNKNOWN
2016-01-31T04:30:43.000000;2016-01-31T04:30:43.000000;8a7ed8f7-17d8-40a0-8fe7-3dec5b9943ca;377.35;6.6004;UNKNOWN
2016-01-31T04:30:43.000000;2016-01-31T04:30:43.000000;4dc2794c-7903-48ae-a663-cfcd0f54f350;377.45;2.60298041;UNKNOWN
2016-01-31T04:30:43.000000;2016-01-31T04:30:43.000000;db26471c-babd-45e4-84b6-11b2efbc5dd5;377.38;2.60352257;UNKNOWN
2016-01-31T04:30:43.000000;2016-01-31T04:30:43.000000;6944250e-2457-4d62-a884-c0fc0c766f12;377.45;2.60284491;UNKNOWN
2016-01-31T04:30:43.000000;2016-01-31T04:30:43.000000;313229d3-3c83-4be7-9b11-19a7395569dd;377.36;9.78;UNKNOWN
2016-01-31T04:30:43.000000;2016-01-31T04:30:43.000000;80ab38ea-825f-48ae-8eed-fcdbd37223c8;377.5;1.61405076;UNKNOWN
2016-01-31T04:30:43.000000;2016-01-31T04:30:43.000000;28ba6e01-381f-44bc-8f2d-bc24ab23f544;377.45;2.60287878;UNKNOWN
2016-01-31T04:31:04.000000;2016-01-31T04:31:04.000000;7284ac7d-2b1a-41b1-a068-71dcab9014a5;377.38;10.0;UNKNOWN
2016-01-31T04:31:05.000000;2016-01-31T04:31:05.000000;c4e6844a-5ab5-4669-95e4-f569e3c502ef;377.4;10.0;UNKNOWN
2016-01-31T04:31:06.000000;2016-01-31T04:31:06.000000;dd7ea0f8-b94e-4451-b25e-6830ad5c6eb7;377.39;1.93;UNKNOWN
2016-01-31T04:31:06.000000;2016-01-31T04:31:06.000000;f8b31c09-44e6-43b0-9e0c-9ec8384999d1;377.39;0.5;UNKNOWN
2016-01-31T04:31:06.000000;2016-01-31T04:31:06.000000;c00994e6-5748-4879-bb23-5abc5dab5621;377.4;1.57;UNKNOWN
2016-01-31T04:31:06.000000;2016-01-31T04:31:06.000000;239eab26-ec6d-4a56-928a-52a37e79831b;377.39;6.0;UNKNOWN
2016-01-31T04:31:19.000000;2016-01-31T04:31:19.000000;871947dd-928c-412e-bf52-a8b32c743b62;377.1;0.36070405;UNKNOWN
2016-01-31T04:31:19.000000;2016-01-31T04:31:19.000000;9158e948-51ac-45f1-8699-8dbc75c7314c;377.45;0.2;UNKNOWN
2016-01-31T04:31:47.000000;2016-01-31T04:31:47.000000;959d4b01-d7c0-474e-8a55-7668cecbf22f;377.33;0.91;UNKNOWN
2016-01-31T04:32:05.000000;2016-01-31T04:32:05.000000;70ada24b-1661-46a3-837b-d0d51489526d;377.05;0.8432;UNKNOWN
2016-01-31T04:32:05.000000;2016-01-31T04:32:05.000000;81347f36-6ef0-4395-ad85-08884fab28e5;376.91;0.04624379;UNKNOWN
2016-01-31T04:32:05.000000;2016-01-31T04:32:05.000000;7a958fe2-9abf-4bac-b336-1674d98ab93f;377.04;0.071661;UNKNOWN
2016-01-31T04:32:05.000000;2016-01-31T04:32:05.000000;19726fea-f6e1-46d9-8415-0e4b51cba4cf;377.27;0.2;UNKNOWN
2016-01-31T04:32:06.000000;2016-01-31T04:32:06.000000;5347edb8-eafd-4a13-ae05-477e9dda8d8d;377.5;0.39108238;UNKNOWN
2016-01-31T04:39:05.000000;2016-01-31T04:39:05.000000;76dc3550-d4a5-4dd0-b62a-9b068d015350;377.41;0.39045832;UNKNOWN
2016-01-31T04:40:19.000000;2016-01-31T04:40:19.000000;0b2edfa1-6d63-4301-996d-1971a19cedfd;376.99;0.2;UNKNOWN
2016-01-31T04:43:53.000000;2016-01-31T04:43:53.000000;c26177b2-5ad7-4e34-8b61-e48e3fb55fd8;376.99;0.2;UNKNOWN
2016-01-31T04:46:08.000000;2016-01-31T04:46:08.000000;50b4f242-241c-48d6-a306-60c876340558;376.99;0.03;UNKNOWN
2016-01-31T04:46:23.000000;2016-01-31T04:46:23.000000;5b0d4b6d-e2be-4f8d-90eb-7b422afd4840;376.62;13.96306559;UNKNOWN
2016-01-31T04:46:23.000000;2016-01-31T04:46:23.000000;accbf935-8280-437c-9d8d-8347a39ad0bd;376.91;0.88;UNKNOWN
2016-01-31T04:46:23.000000;2016-01-31T04:46:23.000000;3278255a-cfe9-40dc-b404-303d031780d4;376.64;0.017914;UNKNOWN
2016-01-31T04:46:23.000000;2016-01-31T04:46:23.000000;af14dc72-f1c8-4894-a6d8-eee8eaa12c72;376.78;16.0872;UNKNOWN
2016-01-31T04:49:05.000000;2016-01-31T04:49:05.000000;ef6e8fc8-bfdb-4232-8c33-f1cfa94da333;376.91;0.79058865;UNKNOWN
2016-01-31T04:52:05.000000;2016-01-31T04:52:05.000000;f9b87878-9a34-4549-be81-5903f2ef11bd;377.43;0.3026;UNKNOWN
2016-01-31T04:56:57.000000;2016-01-31T04:56:57.000000;787f99fc-7336-4816-84a2-3996ff5ed34b;377.22;0.2;UNKNOWN
2016-01-31T04:57:05.000000;2016-01-31T04:57:05.000000;b774131d-54d7-4a84-b81c-f5f7993407ed;377.44;6.5769;UNKNOWN
2016-01-31T04:57:05.000000;2016-01-31T04:57:05.000000;3d643c69-61df-42b7-8903-0e178de95f16;377.19;0.5;UNKNOWN
2016-01-31T04:57:05.000000;2016-01-31T04:57:05.000000;dcac44c9-6c8e-4c44-a64a-1542cff04dd1;377.45;1.49789532;UNKNOWN
2016-01-31T04:59:05.000000;2016-01-31T04:59:05.000000;f504972d-e47d-438a-a644-7c22cd33b1cf;377.22;0.02;UNKNOWN
2016-01-31T05:00:14.000000;2016-01-31T05:00:14.000000;99e8936f-cdf2-4ddc-a710-c4c60bec845c;376.77;0.03;UNKNOWN
2016-01-31T05:00:56.000000;2016-01-31T05:00:56.000000;6f46f4ba-7d4d-49ae-85ba-5129ea8b27d2;376.59;0.2234;UNKNOWN
2016-01-31T05:05:05.000000;2016-01-31T05:05:05.000000;81211216-1df4-4775-a45f-2543ebc1158c;377.3;0.016;UNKNOWN
2016-01-31T05:06:58.000000;2016-01-31T05:06:58.000000;6346f8b0-fee4-4789-bcfe-90a68acb7151;377.35;0.02;UNKNOWN
2016-01-31T05:07:05.000000;2016-01-31T05:07:05.000000;3b994b4d-0087-4880-9355-f1b19124f203;376.96;0.5;UNKNOWN
2016-01-31T05:07:05.000000;2016-01-31T05:07:05.000000;1de4f7c8-31c3-4405-b912-ead308ff98c0;376.96;0.02;UNKNOWN
2016-01-31T05:07:05.000000;2016-01-31T05:07:05.000000;7fe92424-3c2a-4530-9aba-a1559fc0ec26;376.94;5.6379;UNKNOWN
2016-01-31T05:07:05.000000;2016-01-31T05:07:05.000000;876e5c08-46a9-41cb-805b-809a542df06b;376.95;3.8421;UNKNOWN
2016-01-31T05:10:02.000000;2016-01-31T05:10:02.000000;135b97c4-6b02-45b5-bb4d-168caaf51cc1;376.9;0.02;UNKNOWN
2016-01-31T05:10:25.000000;2016-01-31T05:10:25.000000;456bff61-feba-4da7-959e-a450f85a95f2;377.26;0.2;UNKNOWN
2016-01-31T05:12:30.000000;2016-01-31T05:12:30.000000;88c9f0b1-6b4b-409f-bbf0-6bee10743f97;377.06;0.02;UNKNOWN
2016-01-31T05:12:49.000000;2016-01-31T05:12:49.000000;9cf906c9-f5be-4a55-9399-6c8f41e58455;377.17;0.02;UNKNOWN
2016-01-31T05:13:58.000000;2016-01-31T05:13:58.000000;e7c7cd92-423a-4246-814a-4b289f5d0d3b;377.4;0.02;UNKNOWN
2016-01-31T05:16:16.000000;2016-01-31T05:16:16.000000;1be6c7d8-f9c9-4de5-a73f-97e83d0241ab;377.39;0.02;UNKNOWN
2016-01-31T05:16:19.000000;2016-01-31T05:16:19.000000;76b75cd9-f996-46df-b58b-60fb08ef35eb;377.4;0.02;UNKNOWN
2016-01-31T05:16:37.000000;2016-01-31T05:16:37.000000;63f07087-09b5-4ec1-9c11-16555f7835e2;377.32;0.02;UNKNOWN
2016-01-31T05:17:00.000000;2016-01-31T05:17:00.000000;69bd2b96-9d15-49fd-84af-cba4f0ed8a53;377.27;0.2;UNKNOWN
2016-01-31T05:17:29.000000;2016-01-31T05:17:29.000000;0bcf0c03-9e3f-4850-9e82-1189b83c9af2;377.26;0.0878;UNKNOWN
2016-01-31T05:17:43.000000;2016-01-31T05:17:43.000000;5259e330-e077-419e-b3db-1408436711d8;377.91;15.606;UNKNOWN
2016-01-31T05:17:43.000000;2016-01-31T05:17:43.000000;a6235692-b6d9-4567-ac62-da8d7bf266fe;377.9;0.2645;UNKNOWN
2016-01-31T05:17:43.000000;2016-01-31T05:17:43.000000;4d9b2f1a-4874-4420-a1d8-4b5d3faa1caf;377.4;1.96;UNKNOWN
2016-01-31T05:17:43.000000;2016-01-31T05:17:43.000000;4af6abee-d895-4a0f-989e-94f0bed73885;377.5;4.13814311;UNKNOWN
2016-01-31T05:17:43.000000;2016-01-31T05:17:43.000000;9fe39df5-36e3-4f76-b7ae-2bb3e715100d;377.93;2.5999688;UNKNOWN
2016-01-31T05:17:43.000000;2016-01-31T05:17:43.000000;2f0796e1-e25d-4853-b34e-76e38e78ede0;377.93;6.23358809;UNKNOWN
2016-01-31T05:17:54.000000;2016-01-31T05:17:54.000000;8facbcab-d949-4c24-996c-e58cebc76342;377.88;0.0878;UNKNOWN
2016-01-31T05:18:12.000000;2016-01-31T05:18:12.000000;36cde59b-d7c5-4715-9c7b-fb52996e91cb;377.96;0.966;UNKNOWN
2016-01-31T05:18:12.000000;2016-01-31T05:18:12.000000;4a20a4a6-6642-4652-a292-0010b754332c;377.87;3.0;UNKNOWN
2016-01-31T05:18:24.000000;2016-01-31T05:18:24.000000;a9215d1d-7842-46c2-978d-fef5c0d5c26f;377.69;0.08;UNKNOWN
2016-01-31T05:19:18.000000;2016-01-31T05:19:18.000000;4b0d1d83-58d4-4c43-91f9-18fda1308eda;377.99;0.08;UNKNOWN
2016-01-31T05:19:52.000000;2016-01-31T05:19:52.000000;2504addf-649d-4a60-b42f-c99f77a418aa;377.61;0.0801;UNKNOWN
2016-01-31T05:20:06.000000;2016-01-31T05:20:06.000000;13e740bb-9d85-4bae-8468-96eef745e5f6;377.72;0.014;UNKNOWN
2016-01-31T05:20:54.000000;2016-01-31T05:20:54.000000;4f1d086c-58a4-4763-91fa-4cb9a973eae1;377.63;0.1;UNKNOWN
2016-01-31T05:22:47.000000;2016-01-31T05:22:47.000000;88375c5d-c923-4293-9b5e-dff74ccf4d5a;377.68;0.08;UNKNOWN
2016-01-31T05:23:06.000000;2016-01-31T05:23:06.000000;0f9205d8-f7fd-4cc7-9232-cf3d3a1fa9a6;377.47;0.03;UNKNOWN
2016-01-31T05:24:04.000000;2016-01-31T05:24:04.000000;45d80247-28d9-4b1c-949b-a089b6487660;377.52;0.05;UNKNOWN
2016-01-31T05:24:17.000000;2016-01-31T05:24:17.000000;648ad9f8-d629-41a1-a7ed-3853ce3cb56f;377.5;0.0159;UNKNOWN
2016-01-31T05:25:05.000000;2016-01-31T05:25:05.000000;c65a421d-df82-4c40-916f-a19213930dd4;377.47;3.397;UNKNOWN
2016-01-31T05:25:05.000000;2016-01-31T05:25:05.000000;3c36b91b-5389-4f00-91f0-2859007ca93a;377.65;0.2;UNKNOWN
2016-01-31T05:25:05.000000;2016-01-31T05:25:05.000000;4104caaf-bfb5-43e2-aa94-7be3c4e44833;377.5;0.0841;UNKNOWN
2016-01-31T05:25:31.000000;2016-01-31T05:25:31.000000;a6021a6b-4f6a-48fa-89b0-e48798c3fa91;377.63;0.021;UNKNOWN
2016-01-31T05:25:32.000000;2016-01-31T05:25:32.000000;2e50629e-2e47-4ca5-a4c5-d8de787c96ca;377.79;1.5;UNKNOWN
2016-01-31T05:25:32.000000;2016-01-31T05:25:32.000000;098f3ea0-0978-43dd-8eb9-9bf7fd427c4d;377.78;0.5;UNKNOWN
2016-01-31T05:25:32.000000;2016-01-31T05:25:32.000000;322d7195-5e5a-4384-ac2f-f8ca492495f6;377.78;3.0;UNKNOWN
2016-01-31T05:26:55.000000;2016-01-31T05:26:55.000000;046f9e08-c53e-4316-a8a6-7dbb9be1e54a;377.88;0.4;UNKNOWN
2016-01-31T05:28:40.000000;2016-01-31T05:28:40.000000;22c72761-f4b3-4be0-8c84-d400659f0f3f;377.97;0.1;UNKNOWN
2016-01-31T05:29:01.000000;2016-01-31T05:29:01.000000;57636bd4-3994-4c37-b297-9f57af23d336;377.72;6.16922;UNKNOWN
2016-01-31T05:29:01.000000;2016-01-31T05:29:01.000000;c4e3a0dc-e346-4e4a-8311-c1a99478be82;377.73;1.63;UNKNOWN
2016-01-31T05:29:05.000000;2016-01-31T05:29:05.000000;3803ddae-cf16-4605-a53d-47ca0da61f79;377.96;2.61917234;UNKNOWN
2016-01-31T05:30:06.000000;2016-01-31T05:30:06.000000;106143d5-10ff-44e6-b96b-350075c9bb71;377.73;0.41;UNKNOWN
2016-01-31T05:30:59.000000;2016-01-31T05:30:59.000000;b69fef58-d762-4eac-a863-4a48cd70e2b1;377.94;2.0;UNKNOWN
2016-01-31T05:31:09.000000;2016-01-31T05:31:09.000000;7744a293-61b2-47fc-98f8-68737f6b2f7e;377.47;12.0;UNKNOWN
2016-01-31T05:31:09.000000;2016-01-31T05:31:09.000000;5f129f15-15af-4199-8d7a-e91d39d36755;377.08;2.59713276;UNKNOWN
2016-01-31T05:31:09.000000;2016-01-31T05:31:09.000000;7f049a0e-d1a5-44cc-9e60-0295727fcd00;377.26;0.1822;UNKNOWN
2016-01-31T05:31:09.000000;2016-01-31T05:31:09.000000;cf47653d-936e-42bd-9383-80b1a9a3b534;377.0;2.59713276;UNKNOWN
2016-01-31T05:31:09.000000;2016-01-31T05:31:09.000000;96c5dbdb-d263-413f-ae6b-9a640e8a88e7;377.09;17.7306;UNKNOWN
2016-01-31T05:31:09.000000;2016-01-31T05:31:09.000000;ef5cdf3f-b84e-4e55-962c-eea12eec5a78;377.7;3.0;UNKNOWN
2016-01-31T05:31:09.000000;2016-01-31T05:31:09.000000;93f52d45-a983-43e1-bf92-9bb2758d48cc;377.46;14.0;UNKNOWN
2016-01-31T05:31:09.000000;2016-01-31T05:31:09.000000;654a8397-f1f1-4c0a-abe5-ad3da3a76df0;377.78;6.5207;UNKNOWN
2016-01-31T05:31:09.000000;2016-01-31T05:31:09.000000;273d141d-e266-4dea-b404-9945e83b302d;377.56;3.9673;UNKNOWN
2016-01-31T05:31:09.000000;2016-01-31T05:31:09.000000;fe343b9d-7123-461a-a699-90d627199aff;377.77;2.62;UNKNOWN
2016-01-31T05:31:09.000000;2016-01-31T05:31:09.000000;7c976f56-931b-4778-9c32-8ee0739e2019;377.39;6.4485;UNKNOWN
2016-01-31T05:31:09.000000;2016-01-31T05:31:09.000000;b7e5b55c-ea7d-4531-a2c6-8988df47160f;377.25;13.0092;UNKNOWN
2016-01-31T05:31:09.000000;2016-01-31T05:31:09.000000;acdb0457-a2e3-4ff3-a64e-70ec584d374b;377.1;6.0616;UNKNOWN
2016-01-31T05:31:09.000000;2016-01-31T05:31:09.000000;b237804d-2cea-4347-bdee-d0b370e16b02;376.93;15.16860289;UNKNOWN
2016-01-31T05:31:09.000000;2016-01-31T05:31:09.000000;f0c89931-230d-480e-8e72-f6ab22b425c0;376.94;2.59703159;UNKNOWN
2016-01-31T05:31:09.000000;2016-01-31T05:31:09.000000;562c27e3-5c3a-469e-adc6-096714fd9ab4;376.94;1.5;UNKNOWN
2016-01-31T05:32:13.000000;2016-01-31T05:32:13.000000;e8e56e2a-457d-408c-bab8-c577da736358;377.49;0.01;UNKNOWN
2016-01-31T05:32:16.000000;2016-01-31T05:32:16.000000;6228aded-f8a4-49db-bd68-d99deb4f3ab3;377.46;0.01;UNKNOWN
2016-01-31T05:32:17.000000;2016-01-31T05:32:17.000000;8ec06bb4-b924-4121-b9b7-c54f02faa6f0;377.44;0.01;UNKNOWN
2016-01-31T05:32:20.000000;2016-01-31T05:32:20.000000;b698f3da-8a6d-41a1-b1f7-a0ae50cd56b5;377.42;0.01;UNKNOWN
2016-01-31T05:32:22.000000;2016-01-31T05:32:22.000000;066f3dcb-97a7-4ddc-9312-7558e9193d4b;377.4;0.05;UNKNOWN
2016-01-31T05:32:29.000000;2016-01-31T05:32:29.000000;4ff1bf6f-197a-4554-930a-40cd22c8de5a;377.38;0.09;UNKNOWN
2016-01-31T05:32:30.000000;2016-01-31T05:32:30.000000;7da2a326-7517-45c2-a444-1163ada94277;377.39;0.01;UNKNOWN
2016-01-31T05:32:32.000000;2016-01-31T05:32:32.000000;a9fbe5e7-d463-4efc-8f1d-8e104dd02d42;377.39;0.01;UNKNOWN
2016-01-31T05:32:34.000000;2016-01-31T05:32:34.000000;c785ca28-e205-40b7-a073-4e643aa8fb71;377.39;0.01;UNKNOWN
2016-01-31T05:32:36.000000;2016-01-31T05:32:36.000000;394b8cbf-2647-4cad-a4d6-74813b588426;377.39;0.01;UNKNOWN
2016-01-31T05:32:37.000000;2016-01-31T05:32:37.000000;f0e70b84-4540-4707-a5b4-7402bb0b829b;377.39;0.01;UNKNOWN
2016-01-31T05:32:38.000000;2016-01-31T05:32:38.000000;a5a3e91b-1642-45fc-9ac5-b5fab1d14b73;377.39;0.01;UNKNOWN
2016-01-31T05:32:39.000000;2016-01-31T05:32:39.000000;ee27775f-5a10-4196-a636-5c0d5e553935;377.39;0.01;UNKNOWN
2016-01-31T05:32:41.000000;2016-01-31T05:32:41.000000;55197656-b415-45c4-95a8-6a300915f068;377.39;0.01;UNKNOWN
2016-01-31T05:32:43.000000;2016-01-31T05:32:43.000000;fa9a7d09-2b23-4358-af4a-c7cc8c5ee9b1;377.39;0.01;UNKNOWN
2016-01-31T05:39:58.000000;2016-01-31T05:39:58.000000;eb7675e6-d11a-4a42-a000-094086804b07;377.39;3.91;UNKNOWN
2016-01-31T05:39:58.000000;2016-01-31T05:39:58.000000;d82b40b9-47bb-4b97-8b0f-d99f12bb3145;377.39;0.09;UNKNOWN
2016-01-31T05:42:22.000000;2016-01-31T05:42:22.000000;21fd4452-786c-4f3a-8010-776496d138c3;377.32;3.0;UNKNOWN
2016-01-31T05:43:04.000000;2016-01-31T05:43:04.000000;b88fa5a5-7a1c-4ead-81a7-6c9448bed228;376.47;2.59858377;UNKNOWN
2016-01-31T05:43:04.000000;2016-01-31T05:43:04.000000;1421bd65-8718-460f-9895-8a179719e2a4;376.5;0.52;UNKNOWN
2016-01-31T05:43:04.000000;2016-01-31T05:43:04.000000;3a1cd9ef-dbce-424d-9ada-a9f2748641f1;376.9;0.2065;UNKNOWN
2016-01-31T05:43:04.000000;2016-01-31T05:43:04.000000;2226c35d-9631-403c-a088-d6bade8b05f8;376.46;3.76;UNKNOWN
2016-01-31T05:43:04.000000;2016-01-31T05:43:04.000000;b1b3155f-ddb4-4126-9ca9-8fb8d6584ec0;376.59;2.59827994;UNKNOWN
2016-01-31T05:43:04.000000;2016-01-31T05:43:04.000000;a709eade-7cff-4218-b3ee-621aefe085ec;376.5;0.05005;UNKNOWN
2016-01-31T05:43:04.000000;2016-01-31T05:43:04.000000;fb7602bf-156e-4cb9-a553-d16dba5c1fc6;376.75;16.1117;UNKNOWN
2016-01-31T05:43:04.000000;2016-01-31T05:43:04.000000;e633bd17-8a06-4671-8945-5012685360b5;377.31;0.2;UNKNOWN
2016-01-31T05:43:04.000000;2016-01-31T05:43:04.000000;a17268f0-669e-41ef-a829-88ad56f3f738;376.67;2.59827994;UNKNOWN
2016-01-31T05:43:04.000000;2016-01-31T05:43:04.000000;5fefa875-3363-40f2-9f4a-426b27bf284d;376.93;3.7713;UNKNOWN
2016-01-31T05:43:04.000000;2016-01-31T05:43:04.000000;19580270-edf2-4ceb-ac52-3c17ce2d4baa;376.8;0.2644;UNKNOWN
2016-01-31T05:43:04.000000;2016-01-31T05:43:04.000000;4902c64e-c305-4423-b7a8-81bf60c34bcf;377.08;25.0;UNKNOWN
2016-01-31T05:43:04.000000;2016-01-31T05:43:04.000000;ff5a195b-2e5f-4adc-a8ae-a6c492c7ee52;376.45;8.2426;UNKNOWN
2016-01-31T05:43:04.000000;2016-01-31T05:43:04.000000;02f262b8-adce-4f3b-a2aa-39fdbb37bbae;376.39;2.52433095;UNKNOWN
2016-01-31T05:43:04.000000;2016-01-31T05:43:04.000000;fe168f7f-863f-4244-b963-a34006235472;376.5;4.2404754;UNKNOWN
2016-01-31T05:43:04.000000;2016-01-31T05:43:04.000000;552efb24-f449-473f-96f8-dbeb6887d606;376.95;0.0159;UNKNOWN
2016-01-31T05:43:04.000000;2016-01-31T05:43:04.000000;81c90606-460f-461a-9496-dea89df750dc;376.51;8.5843;UNKNOWN
2016-01-31T05:43:04.000000;2016-01-31T05:43:04.000000;862b83ad-3b17-45ba-a51b-20bc355f799a;376.52;6.5928;UNKNOWN
2016-01-31T05:43:04.000000;2016-01-31T05:43:04.000000;5bdf320d-ad82-413a-80dc-a4d676b8f156;376.61;12.1205;UNKNOWN
2016-01-31T05:43:19.000000;2016-01-31T05:43:19.000000;e8438768-cb10-4df6-bef3-942ffda180ea;376.87;0.2;UNKNOWN
2016-01-31T05:43:19.000000;2016-01-31T05:43:19.000000;af7cb40a-eef2-41d4-96fa-a96dcf67ea80;376.43;0.72172806;UNKNOWN
2016-01-31T05:44:05.000000;2016-01-31T05:44:05.000000;ce4ff9ee-b513-47de-b4bd-7618e6bd2f0c;376.85;0.2;UNKNOWN
2016-01-31T05:44:05.000000;2016-01-31T05:44:05.000000;69681570-a91c-45fa-938a-c4de8503aac0;376.44;6.6202;UNKNOWN
2016-01-31T05:44:05.000000;2016-01-31T05:44:05.000000;a7de43ea-c559-4e5b-9cd9-6de64bf2084c;376.43;0.1798;UNKNOWN
2016-01-31T05:44:30.000000;2016-01-31T05:44:30.000000;6c411380-01ea-4aff-bd6b-3d54352d87d6;377.01;0.9968;UNKNOWN
2016-01-31T05:45:17.000000;2016-01-31T05:45:17.000000;e331af0d-2276-4492-9a80-209431748a30;377.0;0.0716612;UNKNOWN
2016-01-31T05:46:07.000000;2016-01-31T05:46:07.000000;28339bdf-c659-4f35-be4c-5f64b41354bb;377.0;0.03;UNKNOWN
2016-01-31T05:47:05.000000;2016-01-31T05:47:05.000000;08c8f231-7cfd-467c-bddc-1d528ae708a9;377.01;0.03896597;UNKNOWN
2016-01-31T05:47:06.000000;2016-01-31T05:47:06.000000;00d84a03-9b12-428f-832a-038c609ee059;377.01;0.75;UNKNOWN
2016-01-31T05:49:04.000000;2016-01-31T05:49:04.000000;f2c3758b-bb80-4b36-b8c8-2dd76987be44;376.44;6.6268;UNKNOWN
2016-01-31T05:49:04.000000;2016-01-31T05:49:04.000000;21192b72-dce3-4d5f-b654-1eb34e61eed4;376.43;13.17447194;UNKNOWN
2016-01-31T05:49:04.000000;2016-01-31T05:49:04.000000;4b161226-6826-4c0a-877e-46500fd4476f;376.31;2.71;UNKNOWN
2016-01-31T05:49:04.000000;2016-01-31T05:49:04.000000;18d47575-9041-4b4a-8131-f8b281ab103d;376.3;8.13580313;UNKNOWN
2016-01-31T05:49:04.000000;2016-01-31T05:49:04.000000;23d39329-974f-4503-b895-35f8ab90ea62;377.0;0.0983388;UNKNOWN
2016-01-31T05:51:42.000000;2016-01-31T05:51:42.000000;328b8f67-86c0-46c6-91f6-feb19ba000bf;376.72;2.29;UNKNOWN
2016-01-31T05:52:05.000000;2016-01-31T05:52:05.000000;93b96d02-0eae-45a0-9d93-68427bdc7bb6;377.09;0.04290195;UNKNOWN
2016-01-31T05:52:48.000000;2016-01-31T05:52:48.000000;61c1c363-4c7b-4a28-afae-46593b11cdd8;376.93;0.2;UNKNOWN
2016-01-31T05:55:05.000000;2016-01-31T05:55:05.000000;2c4409a3-eabc-4614-b92a-72a343abea53;376.82;0.2;UNKNOWN
2016-01-31T05:55:05.000000;2016-01-31T05:55:05.000000;7f4af143-9dde-489f-8c17-6e0670aebb7f;376.63;3.1824;UNKNOWN
2016-01-31T05:56:03.000000;2016-01-31T05:56:03.000000;91f4c0ee-6597-4be6-aad0-13d49410b256;376.94;0.1;UNKNOWN
2016-01-31T05:57:07.000000;2016-01-31T05:57:07.000000;9ae6dc14-60a7-4608-995e-05a462066743;376.96;2.233;UNKNOWN
2016-01-31T05:57:25.000000;2016-01-31T05:57:25.000000;fa7feb80-c3cf-4b87-a4c0-42b759474cbe;376.94;1.8;UNKNOWN
2016-01-31T05:58:00.000000;2016-01-31T05:58:00.000000;00f4f449-45e7-4866-9f4a-d3de7dd15b3e;377.08;5.2;UNKNOWN
2016-01-31T05:59:32.000000;2016-01-31T05:59:32.000000;f25befcd-080b-4af2-9a68-1c020ee0b2bd;377.09;0.2;UNKNOWN
2016-01-31T06:00:05.000000;2016-01-31T06:00:05.000000;6a8db670-ee5c-4662-895d-7f94b64101ac;377.01;8.73006361;UNKNOWN
2016-01-31T06:00:07.000000;2016-01-31T06:00:07.000000;ba688c74-e8b0-4be3-a5f3-4bf63855a60f;377.0;0.03;UNKNOWN
2016-01-31T06:01:37.000000;2016-01-31T06:01:37.000000;ed244a24-0aae-4cb8-b135-cbab8f215ce4;377.0;0.29218547;UNKNOWN
2016-01-31T06:02:04.000000;2016-01-31T06:02:04.000000;2f0ca5d6-3deb-4311-8dae-b0009a2f087d;377.01;7.86843969;UNKNOWN
2016-01-31T06:05:05.000000;2016-01-31T06:05:05.000000;e3479012-5e59-42b8-a832-32e80ec0f75c;377.01;3.11903241;UNKNOWN
2016-01-31T06:07:52.000000;2016-01-31T06:07:52.000000;c897e39a-fd51-40dc-99fe-6c552793d84b;377.08;0.08;UNKNOWN
2016-01-31T06:08:52.000000;2016-01-31T06:08:52.000000;1c5c6b06-36cb-4d81-b7be-efe8cb681a49;377.08;0.9;UNKNOWN
2016-01-31T06:10:28.000000;2016-01-31T06:10:28.000000;16a797ff-49cd-42c2-8274-1cd60658c484;377.0;0.02918501;UNKNOWN
2016-01-31T06:11:08.000000;2016-01-31T06:11:08.000000;e263094e-c8dc-471c-96f9-fedcf8e9d218;377.0;0.2;UNKNOWN
2016-01-31T06:11:08.000000;2016-01-31T06:11:08.000000;241aeeea-0554-4b8a-a55e-4c73455a70b1;377.0;3.64862952;UNKNOWN
2016-01-31T06:13:06.000000;2016-01-31T06:13:06.000000;3954444c-c061-4bc8-8ccd-5b799a06c009;376.63;0.31210639;UNKNOWN
2016-01-31T06:13:06.000000;2016-01-31T06:13:06.000000;9ffa1e7f-9b25-424a-aff0-3272fff7ff57;376.67;0.2632;UNKNOWN
2016-01-31T06:13:06.000000;2016-01-31T06:13:06.000000;0580a686-a5d9-4b44-ac8e-d35d3df86dd6;376.91;0.2;UNKNOWN
2016-01-31T06:14:06.000000;2016-01-31T06:14:06.000000;014c8264-9fd5-488c-af54-541bcae0bb62;376.98;0.47;UNKNOWN
2016-01-31T06:14:06.000000;2016-01-31T06:14:06.000000;5ffe8741-f2a3-4698-b2ba-25c735820e63;376.99;0.07562263;UNKNOWN
2016-01-31T06:14:08.000000;2016-01-31T06:14:08.000000;91aa5e19-7516-499e-bdff-d6338b9e6b87;376.93;0.4;UNKNOWN
2016-01-31T06:17:57.000000;2016-01-31T06:17:57.000000;0f89cb67-6cb6-4285-886b-1013af07e471;376.86;0.03537145;UNKNOWN
2016-01-31T06:17:57.000000;2016-01-31T06:17:57.000000;114603fd-77b2-4d5f-9172-999d0147459a;376.87;0.2;UNKNOWN
2016-01-31T06:19:29.000000;2016-01-31T06:19:29.000000;777f3fa9-cc9c-434e-8b0c-2b6059f28123;377.1;9.975;UNKNOWN
2016-01-31T06:19:29.000000;2016-01-31T06:19:29.000000;962cc822-e89d-4656-9024-89746b768733;376.89;6.6218;UNKNOWN
2016-01-31T06:19:29.000000;2016-01-31T06:19:29.000000;a4e23884-7fa2-4205-b6b0-95d7d9329d2d;377.2;9.975;UNKNOWN
2016-01-31T06:19:29.000000;2016-01-31T06:19:29.000000;b1db4376-b802-4d5e-971f-eac053f044bd;377.41;1.0;UNKNOWN
2016-01-31T06:19:29.000000;2016-01-31T06:19:29.000000;be2d6bd3-ce8e-47dc-a476-84f935fd4bd4;377.37;12.0;UNKNOWN
2016-01-31T06:19:29.000000;2016-01-31T06:19:29.000000;cb367963-2e48-4bdd-94f7-158bfc810742;377.0;1.15137048;UNKNOWN
2016-01-31T06:19:29.000000;2016-01-31T06:19:29.000000;c557a487-2f71-4a87-9c0c-5366ab9c6266;377.1;9.975;UNKNOWN
2016-01-31T06:19:29.000000;2016-01-31T06:19:29.000000;607f752b-1740-4bf2-8279-764374c2b71f;377.54;9.1100961;UNKNOWN
2016-01-31T06:19:29.000000;2016-01-31T06:19:29.000000;a7ce1bf5-574a-4fdf-ad0e-31a4a5232d29;376.9;9.975;UNKNOWN
2016-01-31T06:19:56.000000;2016-01-31T06:19:56.000000;dd793c73-e891-47cb-9766-5a0f887b5ccb;377.69;6.6105;UNKNOWN
2016-01-31T06:20:00.000000;2016-01-31T06:20:00.000000;01b3104d-234e-470b-9661-478edb88dc7f;377.69;0.2;UNKNOWN
2016-01-31T06:20:24.000000;2016-01-31T06:20:24.000000;114ca18f-5a19-4ce2-8223-ca65f78feb5a;377.62;0.5;UNKNOWN
2016-01-31T06:20:24.000000;2016-01-31T06:20:24.000000;d44130c0-ab9f-456f-ac5d-244aa1926e45;377.7;0.1;UNKNOWN
2016-01-31T06:20:24.000000;2016-01-31T06:20:24.000000;8478d210-0c5d-4d69-81d6-d6ed62626c75;377.7;9.67648846;UNKNOWN
2016-01-31T06:20:24.000000;2016-01-31T06:20:24.000000;f4784290-51bc-4a8b-8bd9-9c904ca05d0b;378.0;0.1;UNKNOWN
2016-01-31T06:20:24.000000;2016-01-31T06:20:24.000000;9bee7f56-1fa4-4f17-a08c-52943a70d3af;377.62;3.0;UNKNOWN
2016-01-31T06:20:24.000000;2016-01-31T06:20:24.000000;da6cce11-1d80-4876-8d1c-6088065560e5;378.27;0.31311154;UNKNOWN
2016-01-31T06:20:24.000000;2016-01-31T06:20:24.000000;b0186cea-b2c9-4678-a327-6fd198528260;377.97;9.87;UNKNOWN
2016-01-31T06:20:24.000000;2016-01-31T06:20:24.000000;db1cda3a-49a7-4713-97a0-09420fc71b1d;377.74;0.09;UNKNOWN
2016-01-31T06:20:24.000000;2016-01-31T06:20:24.000000;d459ba72-b17e-4785-ba56-583b38ac9d09;378.0;0.1;UNKNOWN
2016-01-31T06:20:24.000000;2016-01-31T06:20:24.000000;d40cd119-557b-4b06-be63-adb4a15cc2bd;377.8;0.1;UNKNOWN
2016-01-31T06:20:24.000000;2016-01-31T06:20:24.000000;5bcbc18d-bb76-453a-bfad-6f95bef983c4;377.61;6.5817;UNKNOWN
2016-01-31T06:20:24.000000;2016-01-31T06:20:24.000000;edb5f96c-c346-4cb1-adc9-df1b47cb3ebc;377.9;0.1;UNKNOWN
2016-01-31T06:22:05.000000;2016-01-31T06:22:05.000000;d21ab59f-5def-4199-a000-f91082fd9982;377.83;0.23407509;UNKNOWN
2016-01-31T06:23:06.000000;2016-01-31T06:23:06.000000;96458e02-be0b-4d17-8957-994d3ef30a65;377.82;0.00567027;UNKNOWN
2016-01-31T06:23:28.000000;2016-01-31T06:23:28.000000;915a65ef-3bce-490a-ac49-14eb0d0a9ef8;377.82;0.1;UNKNOWN
2016-01-31T06:24:05.000000;2016-01-31T06:24:05.000000;83253a14-2f55-45a9-9ad9-1fe7ef65906a;377.83;0.24191629;UNKNOWN
2016-01-31T06:25:55.000000;2016-01-31T06:25:55.000000;40d65bb3-4c88-4264-89d4-61d6573e7d03;377.82;0.01;UNKNOWN
2016-01-31T06:26:41.000000;2016-01-31T06:26:41.000000;f2419fdb-dbdf-499b-8f6d-1c19dfaf7e85;377.82;0.08432973;UNKNOWN
2016-01-31T06:26:46.000000;2016-01-31T06:26:46.000000;170f5c78-ebd8-467e-911b-7665f1b02d38;377.81;0.2;UNKNOWN
2016-01-31T06:27:14.000000;2016-01-31T06:27:14.000000;0ce12eff-e9a1-4300-a8c9-d3ef01438ba2;377.67;0.3;UNKNOWN
2016-01-31T06:27:14.000000;2016-01-31T06:27:14.000000;609a5698-b372-4c60-b631-f8c72c0e690d;377.73;0.2;UNKNOWN
2016-01-31T06:27:39.000000;2016-01-31T06:27:39.000000;fe2cb851-c814-48bc-b070-06e40ad310c8;377.71;0.2;UNKNOWN
2016-01-31T06:27:39.000000;2016-01-31T06:27:39.000000;cbecbce7-28f5-460f-b99c-f31f0d75e50c;377.67;0.2;UNKNOWN
2016-01-31T06:27:46.000000;2016-01-31T06:27:46.000000;3704f019-c368-46d6-b1e8-973a1170dbe5;377.7;0.2;UNKNOWN
2016-01-31T06:29:05.000000;2016-01-31T06:29:05.000000;f1e0ddce-88d4-4b79-a7ab-ac12b0d7e38d;377.7;0.10143814;UNKNOWN
2016-01-31T06:29:26.000000;2016-01-31T06:29:26.000000;3a1a4d02-a53f-4b84-8718-ccaa7b83ab15;377.68;0.1;UNKNOWN
2016-01-31T06:33:28.000000;2016-01-31T06:33:28.000000;ca7b2e58-c22e-4d40-aff1-4bec2c1d2f07;377.69;0.01;UNKNOWN
2016-01-31T06:34:46.000000;2016-01-31T06:34:46.000000;e0ca9d5c-962d-4b45-8cf5-105b815feab7;377.69;0.1;UNKNOWN
2016-01-31T06:34:46.000000;2016-01-31T06:34:46.000000;db4c6c74-851a-424d-abe9-079457ae71c4;377.69;2.4;UNKNOWN
2016-01-31T06:36:05.000000;2016-01-31T06:36:05.000000;78ef0e46-e4f3-4c8e-8e6f-fe8568a2cae1;377.68;0.1;UNKNOWN
2016-01-31T06:36:05.000000;2016-01-31T06:36:05.000000;469cd422-cfec-458a-bd68-8aa67bcac589;377.67;2.858;UNKNOWN
2016-01-31T06:36:05.000000;2016-01-31T06:36:05.000000;ff3f0b2b-a76e-4cfe-a196-71780b2acae5;377.41;0.187;UNKNOWN
2016-01-31T06:37:05.000000;2016-01-31T06:37:05.000000;f50ab373-5b93-4cdb-b761-a79f186b601b;377.69;0.01;UNKNOWN
2016-01-31T06:39:37.000000;2016-01-31T06:39:37.000000;e31d5c2f-2e22-4007-9405-6c4f262c8526;377.69;0.03;UNKNOWN
2016-01-31T06:41:53.000000;2016-01-31T06:41:53.000000;fbd72162-2928-4dd0-87c0-6724c24729c7;377.9;0.03;UNKNOWN
2016-01-31T06:41:53.000000;2016-01-31T06:41:53.000000;e37b7bc9-6c97-4a02-9314-2bd926a9a1bb;378.0;4.87;UNKNOWN
2016-01-31T06:41:53.000000;2016-01-31T06:41:53.000000;853d7ae5-d568-401c-b1d9-34b20415f640;377.7;0.1;UNKNOWN
2016-01-31T06:42:07.000000;2016-01-31T06:42:07.000000;8fc13466-db20-4ea7-a4d9-7659b2042f71;377.99;5.0;UNKNOWN
2016-01-31T06:42:17.000000;2016-01-31T06:42:17.000000;775d4f84-72a7-45d2-b6b6-176dd2529d4d;377.94;0.05300789;UNKNOWN
2016-01-31T06:44:18.000000;2016-01-31T06:44:18.000000;428d4f69-e58a-43a1-af37-52f36ca64610;377.76;0.2;UNKNOWN
2016-01-31T06:46:18.000000;2016-01-31T06:46:18.000000;0de7a75e-b090-43be-8de5-5f58128355a0;377.64;0.13069213;UNKNOWN
2016-01-31T06:47:05.000000;2016-01-31T06:47:05.000000;f78be6fc-571f-438a-a555-ca7908e501c0;377.57;1.56129853;UNKNOWN
2016-01-31T06:47:06.000000;2016-01-31T06:47:06.000000;23335468-d655-47f9-9ca1-c9e06f23d119;377.98;3.12056052;UNKNOWN
2016-01-31T06:48:05.000000;2016-01-31T06:48:05.000000;aac68242-c940-4f46-89a5-aaf05429b711;377.58;0.11;UNKNOWN
2016-01-31T06:48:22.000000;2016-01-31T06:48:22.000000;a6efe845-59dd-44e8-a123-411ad8865273;377.8;0.2;UNKNOWN
2016-01-31T06:51:05.000000;2016-01-31T06:51:05.000000;27258128-93b3-4e7d-971b-c3e9b292e21f;377.45;1.1761;UNKNOWN
2016-01-31T06:52:05.000000;2016-01-31T06:52:05.000000;d14ea496-82ea-40e3-b5ec-135828753352;377.84;6.5;UNKNOWN
2016-01-31T06:52:05.000000;2016-01-31T06:52:05.000000;e007a050-5396-42a2-a1d5-82b3022a1b62;377.83;3.0;UNKNOWN
2016-01-31T06:52:05.000000;2016-01-31T06:52:05.000000;b97de45d-4c06-4792-a660-c4e9d772486f;377.83;0.5;UNKNOWN
2016-01-31T06:54:05.000000;2016-01-31T06:54:05.000000;7110c0a4-aabd-49fb-a6c4-8791d959a353;377.99;0.07991385;UNKNOWN
2016-01-31T06:54:06.000000;2016-01-31T06:54:06.000000;01411c1a-84e7-4612-b61b-81b05e59de1a;377.99;5.79155152;UNKNOWN
2016-01-31T06:54:30.000000;2016-01-31T06:54:30.000000;81ada8ed-0e5a-4c73-ac77-8ff27e2dec7a;378.0;3.00497691;UNKNOWN
2016-01-31T06:54:30.000000;2016-01-31T06:54:30.000000;ad0c1c60-5faf-450c-91d9-9c9a4cdb1b1a;377.99;7.13853463;UNKNOWN
2016-01-31T06:54:30.000000;2016-01-31T06:54:30.000000;d615c45d-36d7-41e9-8b36-34c886e1d81b;378.0;4.80648846;UNKNOWN
2016-01-31T06:54:45.000000;2016-01-31T06:54:45.000000;e76703a2-5886-44e4-97e2-7c2b2d83421d;378.4;0.1;UNKNOWN
2016-01-31T06:54:45.000000;2016-01-31T06:54:45.000000;c932c318-9bc8-4e8d-961a-6c2e71ca711a;378.2;0.2629;UNKNOWN
2016-01-31T06:54:45.000000;2016-01-31T06:54:45.000000;5adb79b7-023f-4511-9daf-6bd853d24d6c;378.3;0.1;UNKNOWN
2016-01-31T06:54:45.000000;2016-01-31T06:54:45.000000;1c4c05e9-ac25-4765-8ef4-3d4fe364b152;378.1;0.1;UNKNOWN
2016-01-31T06:54:45.000000;2016-01-31T06:54:45.000000;ddcb2951-2fba-4a04-abb2-1f9de824b926;378.52;0.26716572;UNKNOWN
2016-01-31T06:54:45.000000;2016-01-31T06:54:45.000000;471dc0bb-239e-49d8-99e1-5cc66cf40d38;378.61;0.5844029;UNKNOWN
2016-01-31T06:54:45.000000;2016-01-31T06:54:45.000000;853ba189-8aa8-46dc-bcc4-abb3995937f0;378.0;17.30885814;UNKNOWN
2016-01-31T06:54:45.000000;2016-01-31T06:54:45.000000;0f4db649-8ed4-4139-9674-b5bdc7c5d734;378.6;0.1;UNKNOWN
2016-01-31T06:54:45.000000;2016-01-31T06:54:45.000000;828867e1-9a9b-49d2-bd6f-9798fcae8a19;378.32;2.59416831;UNKNOWN
2016-01-31T06:54:45.000000;2016-01-31T06:54:45.000000;e98328a2-d003-47ce-b88e-b51745a5225a;378.4;2.59416831;UNKNOWN
2016-01-31T06:54:45.000000;2016-01-31T06:54:45.000000;7ffd51b1-764a-4c6b-bc97-c29b86199a94;378.2;0.1;UNKNOWN
2016-01-31T06:54:45.000000;2016-01-31T06:54:45.000000;2b493ecb-7d87-4f02-b450-df2c5789dc7a;378.55;0.5;UNKNOWN
2016-01-31T06:54:45.000000;2016-01-31T06:54:45.000000;a9f5e69f-b87e-4292-a61e-8865bb088e1b;378.0;0.1;UNKNOWN
2016-01-31T06:54:45.000000;2016-01-31T06:54:45.000000;3de7bcdd-56f9-45d0-bfc3-96bfa53ab10b;378.48;2.59416831;UNKNOWN
2016-01-31T06:54:45.000000;2016-01-31T06:54:45.000000;2f34756c-3189-4028-a66d-b80b241e9a04;378.56;2.59416831;UNKNOWN
2016-01-31T06:54:45.000000;2016-01-31T06:54:45.000000;bea957e7-22f1-49dc-9c5d-0400abcb97e8;378.5;0.1;UNKNOWN
2016-01-31T06:54:51.000000;2016-01-31T06:54:51.000000;9df91c32-81d8-4ab5-94b1-5081b903c08e;378.63;5.0;UNKNOWN
2016-01-31T06:55:34.000000;2016-01-31T06:55:34.000000;8fcccb58-f9ed-494b-a4bc-88d37c4d86ef;378.59;0.25;UNKNOWN
2016-01-31T06:55:36.000000;2016-01-31T06:55:36.000000;b06cd3c5-493d-4337-b220-1ce4a4b19815;378.06;1.5;UNKNOWN
2016-01-31T06:55:54.000000;2016-01-31T06:55:54.000000;275cd9ed-7371-4e1a-be0b-b76ea34b02a8;378.62;6.0;UNKNOWN
2016-01-31T06:55:54.000000;2016-01-31T06:55:54.000000;e187660e-b16f-4df0-8cbb-53fd31018de3;378.59;0.25;UNKNOWN
2016-01-31T06:55:54.000000;2016-01-31T06:55:54.000000;086d8733-bca7-4a00-83fb-c237a0a416ed;378.63;1.9354615;UNKNOWN
2016-01-31T06:55:54.000000;2016-01-31T06:55:54.000000;74ee59a6-306a-4f4d-9f50-c8bd09379a0c;378.61;3.0;UNKNOWN
2016-01-31T06:55:54.000000;2016-01-31T06:55:54.000000;b62eff77-e0bb-4092-8c6d-d193c90df2dc;378.6;2.5945385;UNKNOWN
2016-01-31T06:55:54.000000;2016-01-31T06:55:54.000000;17c8e61b-7d23-49ce-8d22-4ffdaab00138;378.63;0.22;UNKNOWN
2016-01-31T06:56:04.000000;2016-01-31T06:56:04.000000;a63de43e-4fe1-4e9c-bff2-01ca62c2d6d6;377.93;0.1;UNKNOWN
2016-01-31T06:56:07.000000;2016-01-31T06:56:07.000000;d35f1bbb-d98e-41e6-9d49-97f52fc739b4;377.97;0.1;UNKNOWN
2016-01-31T06:56:07.000000;2016-01-31T06:56:07.000000;c7680249-dd51-46a5-bdbd-1889d30e4753;377.98;0.04118556;UNKNOWN
2016-01-31T06:57:04.000000;2016-01-31T06:57:04.000000;dfb69339-977c-4306-b7d5-06951ac2618e;378.37;0.0104;UNKNOWN
2016-01-31T06:57:04.000000;2016-01-31T06:57:04.000000;5f4d2bcc-27d0-4085-b111-f0350d96aa0f;378.6;0.37937815;UNKNOWN
2016-01-31T06:57:05.000000;2016-01-31T06:57:05.000000;99ab5d78-3bd3-41e9-bcde-9e7740162077;378.6;1.87937815;UNKNOWN
2016-01-31T06:57:05.000000;2016-01-31T06:57:05.000000;965391fd-5eaf-445f-90a0-0225e7dcd252;378.6;0.12062185;UNKNOWN
2016-01-31T06:58:12.000000;2016-01-31T06:58:12.000000;632395e9-1814-4c05-9d55-daca1e46be65;377.89;0.3;UNKNOWN
2016-01-31T06:58:12.000000;2016-01-31T06:58:12.000000;693f11b6-7608-4609-9ea5-9435ba767c32;377.91;0.2;UNKNOWN
2016-01-31T06:58:22.000000;2016-01-31T06:58:22.000000;d25337f9-2a1b-4b7c-b2bc-74c5643f490d;377.92;0.5;UNKNOWN
2016-01-31T06:59:12.000000;2016-01-31T06:59:12.000000;4ae590bd-0a3b-474c-990b-61eb59ec2a00;377.97;6.5093;UNKNOWN
2016-01-31T06:59:12.000000;2016-01-31T06:59:12.000000;410edbe7-8d9b-48f1-984d-57fddd462aec;377.95;2.10887696;UNKNOWN
2016-01-31T06:59:28.000000;2016-01-31T06:59:28.000000;f4998629-71eb-4dbb-83d4-0287b5f28057;377.74;0.30887696;UNKNOWN
2016-01-31T06:59:28.000000;2016-01-31T06:59:28.000000;fbcdd429-e9df-44ef-8920-5b40951ba5f6;377.95;0.89112304;UNKNOWN
2016-01-31T07:03:29.000000;2016-01-31T07:03:29.000000;e42f39a7-f6bf-4319-b1e4-45d6416522c3;378.37;0.0104;UNKNOWN
2016-01-31T07:05:55.000000;2016-01-31T07:05:55.000000;021bffb0-6c42-4ae6-b9e6-316be52f74ec;378.59;0.0104;UNKNOWN
2016-01-31T07:07:04.000000;2016-01-31T07:07:04.000000;cb252a4a-43b9-4e9e-8ccf-46725fb0dab0;378.61;0.23424123;UNKNOWN
2016-01-31T07:08:44.000000;2016-01-31T07:08:44.000000;07317d4f-4fe6-4c6e-a27d-af4f62b23ba3;378.42;0.0408;UNKNOWN
2016-01-31T07:09:00.000000;2016-01-31T07:09:00.000000;a7caacb4-81d0-4739-8582-1a4be378b3ef;378.42;1.1792;UNKNOWN
2016-01-31T07:09:05.000000;2016-01-31T07:09:05.000000;ee7bc0a4-6f62-416e-acbe-88b8b42faca9;378.42;0.0264543;UNKNOWN
2016-01-31T07:09:07.000000;2016-01-31T07:09:07.000000;2d4abb9d-57bf-4197-a092-fcbac9d3fefb;378.42;3.0;UNKNOWN
2016-01-31T07:14:05.000000;2016-01-31T07:14:05.000000;9f962544-f2bd-4402-b3e8-7bd69bba773a;378.35;0.1;UNKNOWN
2016-01-31T07:14:05.000000;2016-01-31T07:14:05.000000;b30f031b-035e-43a8-a01c-6e4512d95ff8;377.98;0.72405855;UNKNOWN
2016-01-31T07:22:04.000000;2016-01-31T07:22:04.000000;5df92e3b-4f61-45f3-a98c-80a9430cdb90;378.67;0.07050602;UNKNOWN
2016-01-31T07:22:04.000000;2016-01-31T07:22:04.000000;cd66fb21-45ff-46d4-8e7d-5030f71ecffa;378.43;0.0104;UNKNOWN
2016-01-31T07:22:04.000000;2016-01-31T07:22:04.000000;dbda75e9-dee8-4de4-a803-b8891fbb5113;378.7;0.1;UNKNOWN
2016-01-31T07:22:04.000000;2016-01-31T07:22:04.000000;3f405c9d-e256-43fb-b3f0-d4fcfcecb7f3;378.66;0.2622;UNKNOWN
2016-01-31T07:22:04.000000;2016-01-31T07:22:04.000000;bd308312-d88d-4076-b4dc-3b7d0a83c743;378.76;0.48152398;UNKNOWN
2016-01-31T07:22:09.000000;2016-01-31T07:22:09.000000;fbe37b56-a4f0-4c63-a05c-054f6bba3cd3;378.8;0.1;UNKNOWN
2016-01-31T07:22:09.000000;2016-01-31T07:22:09.000000;d4163bfb-c309-4cff-8229-fc30d991a38c;378.88;0.6;UNKNOWN
2016-01-31T07:22:57.000000;2016-01-31T07:22:57.000000;9ddfd4a3-4d20-4da7-99da-78962df13e91;378.4;0.07;UNKNOWN
2016-01-31T07:22:57.000000;2016-01-31T07:22:57.000000;ddcb5ca6-fc99-423d-94d8-0f13426aeb98;378.19;0.12852729;UNKNOWN
2016-01-31T07:24:03.000000;2016-01-31T07:24:03.000000;2134aafa-9e14-4356-ad79-4a144a46377f;378.78;2.0;UNKNOWN
2016-01-31T07:26:06.000000;2016-01-31T07:26:06.000000;472caf17-27db-42dc-b5f3-be62891e6245;378.2;0.01;UNKNOWN
2016-01-31T07:26:48.000000;2016-01-31T07:26:48.000000;3b0f574b-7c28-45ce-b9a7-0d227b7a9240;378.62;3.0;UNKNOWN
2016-01-31T07:31:06.000000;2016-01-31T07:31:06.000000;2ae54f88-3142-4323-80d9-aebca3a989bc;378.61;0.095647;UNKNOWN
2016-01-31T07:31:22.000000;2016-01-31T07:31:22.000000;95672eef-744f-4d2e-b73a-22d8bd6f77b2;378.61;2.0;UNKNOWN
2016-01-31T07:32:02.000000;2016-01-31T07:32:02.000000;877d9d80-afcf-4b68-9cc0-109b649d8c84;378.8;0.05;UNKNOWN
2016-01-31T07:32:05.000000;2016-01-31T07:32:05.000000;759919f7-fdf6-4ae0-91c8-130b69df1182;378.8;0.05;UNKNOWN
2016-01-31T07:32:35.000000;2016-01-31T07:32:35.000000;dc18fb27-a32e-4dce-9507-e020b69341b4;378.89;4.7889;UNKNOWN
2016-01-31T07:32:35.000000;2016-01-31T07:32:35.000000;079d53eb-f791-4f44-aee9-3c074addbe6d;378.89;0.2;UNKNOWN
2016-01-31T07:32:35.000000;2016-01-31T07:32:35.000000;10f1eda5-072b-4a2e-bcda-048e10dd2137;378.86;0.0111;UNKNOWN
2016-01-31T07:33:17.000000;2016-01-31T07:33:17.000000;31bc6a1b-7a5a-4431-ab40-9fd8ed722b86;378.37;0.025;UNKNOWN
2016-01-31T07:33:21.000000;2016-01-31T07:33:21.000000;e62978e2-c617-435e-a949-7b20d0eaaf55;378.9;5.0;UNKNOWN
2016-01-31T07:34:32.000000;2016-01-31T07:34:32.000000;d01dcd9b-e297-465b-968c-2386eaf5c94f;378.9;1.0;UNKNOWN
2016-01-31T07:35:39.000000;2016-01-31T07:35:39.000000;625eed6f-4d58-4895-9df4-25b5d193732d;378.9;0.5;UNKNOWN
2016-01-31T07:39:05.000000;2016-01-31T07:39:05.000000;4658841e-66cb-4299-9944-d7f171dae405;378.35;0.07;UNKNOWN
2016-01-31T07:39:06.000000;2016-01-31T07:39:06.000000;dac7e813-037d-4724-b5cb-5732a9f6e6b8;378.35;0.03;UNKNOWN
2016-01-31T07:39:06.000000;2016-01-31T07:39:06.000000;55a67a2d-393f-4b6b-8d0f-57a433c68892;378.25;2.97;UNKNOWN
2016-01-31T07:39:07.000000;2016-01-31T07:39:07.000000;5ef04af9-50c8-4a39-87bd-a449336b8e7d;378.78;1.57492716;UNKNOWN
2016-01-31T07:40:25.000000;2016-01-31T07:40:25.000000;f2ac82c2-45f7-4676-a823-fe4d30fe355d;378.58;0.0108326;UNKNOWN
2016-01-31T07:40:29.000000;2016-01-31T07:40:29.000000;e0c58f18-fb28-4e2d-9485-4c3cbfbe7716;378.59;0.5;UNKNOWN
2016-01-31T07:40:42.000000;2016-01-31T07:40:42.000000;2ca9d4ba-ad51-4dc9-ac15-8dc46d2d8962;377.98;0.025;UNKNOWN
2016-01-31T07:43:27.000000;2016-01-31T07:43:27.000000;207f5524-cdd3-4812-ac6a-fddf871f281c;378.19;1.0;UNKNOWN
2016-01-31T07:44:05.000000;2016-01-31T07:44:05.000000;325e91db-8731-48b1-a475-9c07cf03456b;378.27;0.15594627;UNKNOWN
2016-01-31T07:47:32.000000;2016-01-31T07:47:32.000000;479da477-0267-4dd2-a1aa-14a512ca3be8;377.96;0.1;UNKNOWN
2016-01-31T07:47:35.000000;2016-01-31T07:47:35.000000;e19a58da-f5b4-49d6-a979-a9567cfe394c;377.96;0.1;UNKNOWN
2016-01-31T07:47:49.000000;2016-01-31T07:47:49.000000;e582ad20-f65d-4adf-b739-e4720ccf0eeb;377.96;0.05;UNKNOWN
2016-01-31T07:48:05.000000;2016-01-31T07:48:05.000000;edb10cf2-55ae-4e4d-bf0d-2928649793fa;377.87;3.41791652;UNKNOWN
2016-01-31T07:48:05.000000;2016-01-31T07:48:05.000000;205a94df-cf7b-4218-8ce5-0cc0d99de9ec;377.87;0.5;UNKNOWN
2016-01-31T07:48:05.000000;2016-01-31T07:48:05.000000;04afdf9d-f4e7-4fa3-a2ef-2b999af1ab76;377.88;0.2;UNKNOWN
2016-01-31T07:48:11.000000;2016-01-31T07:48:11.000000;f872f174-385f-4334-a34c-dc1126530850;377.78;0.2;UNKNOWN
2016-01-31T07:54:22.000000;2016-01-31T07:54:22.000000;e35b7d78-3b89-4dc5-8426-118c41565a62;377.59;21.58;UNKNOWN
2016-01-31T07:54:22.000000;2016-01-31T07:54:22.000000;6dea45b7-a1d4-4598-bebb-398d91b7066a;377.29;5.8636008;UNKNOWN
2016-01-31T07:54:22.000000;2016-01-31T07:54:22.000000;a16768f6-f9b0-4f68-b720-a2575800bd13;377.58;0.04;UNKNOWN
2016-01-31T07:54:22.000000;2016-01-31T07:54:22.000000;cd193cfb-2eb6-471b-9c3f-576d68f2543c;377.29;3.0;UNKNOWN
2016-01-31T07:54:51.000000;2016-01-31T07:54:51.000000;62dc10c4-3518-4fe6-a515-90be58b5acaa;377.67;2.5262351;UNKNOWN
2016-01-31T07:59:45.000000;2016-01-31T07:59:45.000000;3b76e16b-082d-4731-ae3e-2c7d414e6bf3;377.69;0.1;UNKNOWN
2016-01-31T08:00:37.000000;2016-01-31T08:00:37.000000;aef9c285-f431-4ab4-9efa-c60ad9863310;377.69;0.1;UNKNOWN
2016-01-31T08:00:42.000000;2016-01-31T08:00:42.000000;ad577786-fd31-458e-9023-f031804f1f69;377.69;0.2;UNKNOWN
2016-01-31T08:01:27.000000;2016-01-31T08:01:27.000000;3afafb8e-42ad-41af-8768-316162cdd99d;377.65;0.2;UNKNOWN
2016-01-31T08:01:31.000000;2016-01-31T08:01:31.000000;858fd480-c901-409b-986a-1c1a72fbd4d4;377.32;0.1;UNKNOWN
2016-01-31T08:03:21.000000;2016-01-31T08:03:21.000000;454fe127-2733-4b36-bb5d-948c92e1d0da;377.64;0.2;UNKNOWN
2016-01-31T08:03:21.000000;2016-01-31T08:03:21.000000;22eb3783-150f-4751-84ed-8cba107a5ca0;377.11;0.1;UNKNOWN
2016-01-31T08:04:45.000000;2016-01-31T08:04:45.000000;28aae4f1-ff06-4f5c-a48d-61d731be4e3a;377.51;1.0;UNKNOWN
2016-01-31T08:05:47.000000;2016-01-31T08:05:47.000000;8ad03732-593a-45c6-8656-a48f1c1777dc;377.6;0.2;UNKNOWN
2016-01-31T08:09:05.000000;2016-01-31T08:09:05.000000;79257ce2-a3b0-42e9-b00f-9e29068eabbc;377.6;0.3;UNKNOWN
2016-01-31T08:09:05.000000;2016-01-31T08:09:05.000000;3d423879-0dbc-410a-ac6f-e909d3e35bc7;378.0;1.01281836;UNKNOWN
2016-01-31T08:10:27.000000;2016-01-31T08:10:27.000000;167900bd-f08c-4b5b-81c2-39c526ea20d0;377.83;0.055;UNKNOWN
2016-01-31T08:11:11.000000;2016-01-31T08:11:11.000000;d650c0ea-f687-4033-abf3-4ac93e6dca8d;377.96;6.6159;UNKNOWN
2016-01-31T08:14:05.000000;2016-01-31T08:14:05.000000;b5ae1d95-f071-42d4-8e54-ce23abe2d025;377.96;0.4;UNKNOWN
2016-01-31T08:14:05.000000;2016-01-31T08:14:05.000000;95c1a6e4-88c6-4abe-a564-9ad66f742dda;377.96;1.1;UNKNOWN
2016-01-31T08:14:27.000000;2016-01-31T08:14:27.000000;1be75c11-e666-4af7-95cd-8b598d76ec00;377.7;0.31858658;UNKNOWN
2016-01-31T08:14:27.000000;2016-01-31T08:14:27.000000;eb87b12d-dddd-488d-844f-f0345641e06a;377.81;0.2;UNKNOWN
2016-01-31T08:14:47.000000;2016-01-31T08:14:47.000000;fa5fe81c-0267-4330-99ef-f23e637f6096;377.88;0.03583114;UNKNOWN
2016-01-31T08:15:11.000000;2016-01-31T08:15:11.000000;60963747-f527-4f3c-a000-da80d619555a;377.93;1.38;UNKNOWN
2016-01-31T08:15:17.000000;2016-01-31T08:15:17.000000;46e35dfd-9fb1-4fa8-a2ed-05ce750767d4;377.88;0.04;UNKNOWN
2016-01-31T08:20:06.000000;2016-01-31T08:20:06.000000;b79b1264-8b45-480e-a778-3005a67af891;377.93;0.311;UNKNOWN
2016-01-31T08:21:11.000000;2016-01-31T08:21:11.000000;005a2b70-b41c-41d8-a110-5b6c9593d531;377.94;0.2;UNKNOWN
2016-01-31T08:25:41.000000;2016-01-31T08:25:41.000000;3046b812-938c-4869-977b-a4e5692c1b79;378.26;9.1882986;UNKNOWN
2016-01-31T08:25:41.000000;2016-01-31T08:25:41.000000;fa426856-5cab-4788-a858-76ba1208318d;378.24;2.5973014;UNKNOWN
2016-01-31T08:25:41.000000;2016-01-31T08:25:41.000000;e091eba0-fe44-4a12-8095-7d7f719060ae;377.98;12.08;UNKNOWN
2016-01-31T08:25:41.000000;2016-01-31T08:25:41.000000;02d3e31a-6d4b-4cda-aedd-da73e9621ac2;377.97;6.5226;UNKNOWN
2016-01-31T08:29:18.000000;2016-01-31T08:29:18.000000;57a5353e-7f88-4339-9f61-bb8149b4dff4;378.55;0.04;UNKNOWN
2016-01-31T08:30:26.000000;2016-01-31T08:30:26.000000;d440a6af-8f5c-4f6c-9779-d1c0a524cc21;378.3;0.04;UNKNOWN
2016-01-31T08:34:28.000000;2016-01-31T08:34:28.000000;d9f4942c-2f3f-473f-a106-dd111c755bfd;378.1;0.06;UNKNOWN
2016-01-31T08:34:28.000000;2016-01-31T08:34:28.000000;8cef3435-ca2f-46c5-95a4-6d0a518eaf14;378.6;0.14856947;UNKNOWN
2016-01-31T08:34:28.000000;2016-01-31T08:34:28.000000;5314f43a-ee27-4938-8228-db2fba3daa48;378.55;0.06;UNKNOWN
2016-01-31T08:36:42.000000;2016-01-31T08:36:42.000000;e5afb161-47bb-44de-a840-e209d76a8a4a;378.2;0.1;UNKNOWN
2016-01-31T08:37:04.000000;2016-01-31T08:37:04.000000;7eba64be-1d3f-4780-aa76-032bc0be8fb8;378.64;0.01;UNKNOWN
2016-01-31T08:37:18.000000;2016-01-31T08:37:18.000000;2ccb4455-a3b8-4f07-bde8-c293b052505b;378.3;0.1;UNKNOWN
2016-01-31T08:38:34.000000;2016-01-31T08:38:34.000000;1c47802c-1121-45bb-9426-bd730a1a60b9;378.2;0.1;UNKNOWN
2016-01-31T08:39:52.000000;2016-01-31T08:39:52.000000;fb6cb51a-ab65-4d57-a168-7c8c4bac3aa5;377.99;0.01115066;UNKNOWN
2016-01-31T08:39:54.000000;2016-01-31T08:39:54.000000;d9072bae-c4bf-4743-b0c0-103d53a06cda;378.2;0.1;UNKNOWN
2016-01-31T08:39:54.000000;2016-01-31T08:39:54.000000;b3d3d4ba-1430-483c-9f61-596bf3d0ff80;378.2;0.01;UNKNOWN
2016-01-31T08:42:05.000000;2016-01-31T08:42:05.000000;1beab349-e634-44e7-b945-566c740b4e52;377.97;0.099841;UNKNOWN
2016-01-31T08:44:06.000000;2016-01-31T08:44:06.000000;0755471d-3d23-423f-aa43-670385de4054;378.47;0.07800616;UNKNOWN
2016-01-31T08:47:49.000000;2016-01-31T08:47:49.000000;11d5f9ec-be51-4aac-8699-f1bef7011ee2;377.92;5.0;UNKNOWN
2016-01-31T08:49:03.000000;2016-01-31T08:49:03.000000;aff30bf6-a4a4-4ae5-a68d-abe682f237f5;377.55;0.9779;UNKNOWN
2016-01-31T08:49:03.000000;2016-01-31T08:49:03.000000;526f3c9c-ef10-45ed-9437-c624a094d0d0;377.56;6.573;UNKNOWN
2016-01-31T08:49:03.000000;2016-01-31T08:49:03.000000;89d57a70-b58d-49ff-8979-95aabcfc5766;377.9;0.1059;UNKNOWN
2016-01-31T08:49:03.000000;2016-01-31T08:49:03.000000;81cdc337-f120-4d7d-b7ec-a39fd62ce2d8;377.24;11.2682;UNKNOWN
2016-01-31T08:49:03.000000;2016-01-31T08:49:03.000000;1a81fa53-18cb-4e58-941a-c89845f5f79c;377.24;0.01;UNKNOWN
2016-01-31T08:49:03.000000;2016-01-31T08:49:03.000000;c96f1a12-3600-4fb6-8da5-a60a8f8c68b6;377.5;11.065;UNKNOWN
2016-01-31T08:49:32.000000;2016-01-31T08:49:32.000000;e79558b4-3127-434b-a5de-d4638b66698b;377.17;0.246193;UNKNOWN
2016-01-31T08:49:32.000000;2016-01-31T08:49:32.000000;5236e6f4-955b-4bb8-baa2-38fdd1a980b6;377.47;0.2;UNKNOWN
2016-01-31T08:52:19.000000;2016-01-31T08:52:19.000000;45d03eee-27d0-4d31-9404-9c0fcd1e0563;377.78;16.747;UNKNOWN
2016-01-31T08:52:19.000000;2016-01-31T08:52:19.000000;d9126ba2-d323-4111-a9c1-6d5d83ecddfb;377.93;13.253;UNKNOWN
2016-01-31T08:57:00.000000;2016-01-31T08:57:00.000000;d1952431-d14c-45cc-ad55-ad2e25667ff0;378.03;15.9946;UNKNOWN
2016-01-31T08:57:00.000000;2016-01-31T08:57:00.000000;c1369e90-b559-4d2d-8196-4b038d92856f;378.03;0.5;UNKNOWN
2016-01-31T08:57:00.000000;2016-01-31T08:57:00.000000;c4747fe3-6b28-4976-8e17-4ef0af0598e2;377.91;0.066445;UNKNOWN
2016-01-31T08:57:00.000000;2016-01-31T08:57:00.000000;9a57430a-62ac-4e3c-87ec-d107f4c1157e;378.03;6.5926;UNKNOWN
2016-01-31T08:57:00.000000;2016-01-31T08:57:00.000000;f19b7f7b-e056-41dc-a446-7be1e2455e02;377.58;7.1737786;UNKNOWN
2016-01-31T09:00:03.000000;2016-01-31T09:00:03.000000;f1f96c0e-34b9-4b6a-b075-6b4e610d8598;377.79;0.070702;UNKNOWN
2016-01-31T09:02:07.000000;2016-01-31T09:02:07.000000;47e645ca-619f-4c16-9b7c-3f0383883bca;377.74;0.406268;UNKNOWN
2016-01-31T09:05:19.000000;2016-01-31T09:05:19.000000;6b490c68-6ebc-44e0-a8ed-9571be4d80d8;378.1;0.01;UNKNOWN
