time_exchange;time_coinpai;guid;price;base_amount;taker_side
2016-04-16T00:02:32.000000;2016-04-16T00:02:32.000000;ae608e97-a4c2-4b4a-b17a-f201074c5b43;431.06;1.44776223;UNKNOWN
2016-04-16T00:02:39.000000;2016-04-16T00:02:39.000000;407987eb-2688-4a8c-939a-0b2c13bae62c;431.08;0.02870341;UNKNOWN
2016-04-16T00:03:04.000000;2016-04-16T00:03:04.000000;79ff95eb-1749-41a5-8641-003b58c136fa;431.23;0.35043208;UNKNOWN
2016-04-16T00:04:57.000000;2016-04-16T00:04:57.000000;67ab353c-a7b2-446c-982c-f0240d064565;431.23;0.04234412;UNKNOWN
2016-04-16T00:04:59.000000;2016-04-16T00:04:59.000000;96d08e90-9e66-4e03-83e0-4ab0c546a2b7;431.23;0.02112268;UNKNOWN
2016-04-16T00:07:40.000000;2016-04-16T00:07:40.000000;26b84ab1-e077-4600-b04e-b70b3410d1c7;431.23;1.0;UNKNOWN
2016-04-16T00:08:31.000000;2016-04-16T00:08:31.000000;f5f48eba-8d85-4a18-ab19-b246d62e470d;431.22;0.34429735;UNKNOWN
2016-04-16T00:10:32.000000;2016-04-16T00:10:32.000000;7624b82f-bd75-4a08-ba2a-61a2375b562e;431.36;0.032494;UNKNOWN
2016-04-16T00:10:41.000000;2016-04-16T00:10:41.000000;d69e41fe-698a-46d6-b6ee-39cc78a653d1;431.62;6.9395;UNKNOWN
2016-04-16T00:10:41.000000;2016-04-16T00:10:41.000000;3bc33cc3-1ca5-456d-b062-fb1c5ca853b8;431.63;0.98669312;UNKNOWN
2016-04-16T00:10:41.000000;2016-04-16T00:10:41.000000;f8899594-b487-4487-a33b-ce321a7043bd;431.79;4.97380688;UNKNOWN
2016-04-16T00:11:25.000000;2016-04-16T00:11:25.000000;ec8d751d-6335-4527-b15b-ba413c27452f;431.59;6.8799;UNKNOWN
2016-04-16T00:11:25.000000;2016-04-16T00:11:25.000000;3df790a1-b914-455a-863f-4fd31ff0fd00;431.56;3.23146795;UNKNOWN
2016-04-16T00:12:32.000000;2016-04-16T00:12:32.000000;af18ef34-9d8f-4760-9739-8bbbfecf4fc0;431.48;0.04591056;UNKNOWN
2016-04-16T00:12:32.000000;2016-04-16T00:12:32.000000;f1317e3b-0ea2-4e9c-b2be-1a4b4ad14735;431.48;0.06888341;UNKNOWN
2016-04-16T00:13:15.000000;2016-04-16T00:13:15.000000;809fb653-2234-4284-b8a0-9daddd17e68f;431.58;2.69;UNKNOWN
2016-04-16T00:13:15.000000;2016-04-16T00:13:15.000000;cfc533d8-2663-4112-8b0c-6964b82e53e1;431.59;6.9383;UNKNOWN
2016-04-16T00:13:18.000000;2016-04-16T00:13:18.000000;9346d4d6-5b8a-488b-8d5c-ebc6f1cbf8b0;431.63;0.3717;UNKNOWN
2016-04-16T00:13:59.000000;2016-04-16T00:13:59.000000;1a060bfa-d465-40ce-8da0-901dda07ed3c;431.48;0.041599;UNKNOWN
2016-04-16T00:14:22.000000;2016-04-16T00:14:22.000000;8970bf56-bca6-447a-bbec-681e166bd577;431.48;3.0;UNKNOWN
2016-04-16T00:16:47.000000;2016-04-16T00:16:47.000000;05d45662-0e64-4a92-b74e-81e0c837619e;431.32;0.0476061;UNKNOWN
2016-04-16T00:17:03.000000;2016-04-16T00:17:03.000000;8e2d5e46-5e74-4d07-920d-42c632b0d904;431.18;0.14769286;UNKNOWN
2016-04-16T00:17:12.000000;2016-04-16T00:17:12.000000;5bed9b47-21cd-4cd1-a52d-b16d8b2727a0;431.18;0.53876182;UNKNOWN
2016-04-16T00:18:31.000000;2016-04-16T00:18:31.000000;b67ed879-0f33-44e3-b82f-1cfb89f75dc2;431.2;0.13932;UNKNOWN
2016-04-16T00:19:59.000000;2016-04-16T00:19:59.000000;c92cbf74-ab54-4d76-b08e-65b2e7f51c5b;431.08;0.02555836;UNKNOWN
2016-04-16T00:21:27.000000;2016-04-16T00:21:27.000000;80bfabd7-611f-45f8-ac99-3ae45f994eb5;431.14;0.0298654;UNKNOWN
2016-04-16T00:22:38.000000;2016-04-16T00:22:38.000000;fd64cee6-6bd5-433d-ab45-f7f7aa734892;431.22;0.11488557;UNKNOWN
2016-04-16T00:25:04.000000;2016-04-16T00:25:04.000000;76266240-5837-4bd7-9646-9ed088fba1ac;431.02;0.014557;UNKNOWN
2016-04-16T00:26:20.000000;2016-04-16T00:26:20.000000;7584ed63-31e8-4b20-b5c8-1c80352386d5;431.02;4.91531008;UNKNOWN
2016-04-16T00:29:25.000000;2016-04-16T00:29:25.000000;0d1ce927-afb2-454d-b809-f891aea90f51;431.01;4.0;UNKNOWN
2016-04-16T00:30:32.000000;2016-04-16T00:30:32.000000;1c8d49ee-7baa-4421-95df-4b3c0a78815b;431.01;0.68883412;UNKNOWN
2016-04-16T00:31:29.000000;2016-04-16T00:31:29.000000;d1e4e3f5-1c10-4edb-bdf3-9a804fe6b249;431.01;13.08;UNKNOWN
2016-04-16T00:33:46.000000;2016-04-16T00:33:46.000000;5ae43054-2d23-49f0-b757-8c623619f92e;431.68;3.6261;UNKNOWN
2016-04-16T00:33:52.000000;2016-04-16T00:33:52.000000;fabd6494-7d03-4f5f-bbe2-b223d8ad0bee;431.09;0.06974343;UNKNOWN
2016-04-16T00:34:13.000000;2016-04-16T00:34:13.000000;4d119dac-e759-4645-8366-8def7e65ef32;431.08;0.8;UNKNOWN
2016-04-16T00:35:26.000000;2016-04-16T00:35:26.000000;de47992f-09dc-42bb-a267-087cd39d7fa7;431.01;0.02324727;UNKNOWN
2016-04-16T00:36:25.000000;2016-04-16T00:36:25.000000;7a6c1424-bf4e-482a-bca6-d880bddf67c2;431.45;0.08428;UNKNOWN
2016-04-16T00:39:12.000000;2016-04-16T00:39:12.000000;ef62d8b4-a21a-433d-9b32-2d78361640d4;431.05;0.22782326;UNKNOWN
2016-04-16T00:39:26.000000;2016-04-16T00:39:26.000000;a7d0842f-d2d4-409c-bdc4-0b01c8f68db9;431.01;0.04824114;UNKNOWN
2016-04-16T00:40:32.000000;2016-04-16T00:40:32.000000;ceb03a82-a287-4e30-a379-e5a698d6f87d;431.02;0.09193191;UNKNOWN
2016-04-16T00:41:03.000000;2016-04-16T00:41:03.000000;dbc77b79-43cb-4547-b2b8-aed5a2db7f8f;431.06;0.11623906;UNKNOWN
2016-04-16T00:41:52.000000;2016-04-16T00:41:52.000000;e34e920b-2cf4-4d96-ae18-02cefc2fddcf;431.04;0.11491223;UNKNOWN
2016-04-16T00:42:32.000000;2016-04-16T00:42:32.000000;dada9e6c-8abf-419e-ac28-7da6ac74bd82;431.04;1.05719253;UNKNOWN
2016-04-16T00:42:55.000000;2016-04-16T00:42:55.000000;8ec2f070-6e4d-4e1e-8b73-958043e8741b;431.04;0.46488081;UNKNOWN
2016-04-16T00:45:19.000000;2016-04-16T00:45:19.000000;338451c4-ed9e-4516-9f89-cf7a5115a314;431.01;0.13784994;UNKNOWN
2016-04-16T00:46:47.000000;2016-04-16T00:46:47.000000;79a6763f-29b9-41c3-b2a2-b93ffa2e3c99;431.01;0.5;UNKNOWN
2016-04-16T00:46:50.000000;2016-04-16T00:46:50.000000;df4fad62-6727-40f9-acac-a04ac8b6c8b3;431.01;1.0;UNKNOWN
2016-04-16T00:47:15.000000;2016-04-16T00:47:15.000000;d97e891c-aec5-4276-846d-4a36118354a9;431.01;0.3887;UNKNOWN
2016-04-16T00:49:42.000000;2016-04-16T00:49:42.000000;be847131-1781-4102-91fd-44c67ed98d65;431.01;3.945;UNKNOWN
2016-04-16T00:50:23.000000;2016-04-16T00:50:23.000000;2aa3baa8-a1d8-41bf-8fb3-920f6cbcd5fe;431.01;0.23247812;UNKNOWN
2016-04-16T00:51:35.000000;2016-04-16T00:51:35.000000;6aa7d2e5-e9bc-4f48-9f43-63ad7fa5991e;431.01;0.1162;UNKNOWN
2016-04-16T00:54:32.000000;2016-04-16T00:54:32.000000;3dc69a89-89c9-4ee7-91af-86b72f25f4d5;431.03;0.17632;UNKNOWN
2016-04-16T00:54:35.000000;2016-04-16T00:54:35.000000;7f32c7d0-735d-4d1f-9560-ad6cd13d76fe;431.25;0.2064;UNKNOWN
2016-04-16T00:55:11.000000;2016-04-16T00:55:11.000000;2e90c1e1-5bec-4b75-b28b-75f80aa9dc5f;431.22;0.0964;UNKNOWN
2016-04-16T00:58:36.000000;2016-04-16T00:58:36.000000;7830c14c-631d-415b-995b-6ad00f64dc66;431.01;0.02;UNKNOWN
2016-04-16T00:58:58.000000;2016-04-16T00:58:58.000000;a4ae35cb-7a6c-4fa6-bdd9-50ee3a21ac07;431.0;0.06;UNKNOWN
2016-04-16T00:58:58.000000;2016-04-16T00:58:58.000000;df43aa79-8242-43b0-b7c5-64f93c4cb5eb;430.76;7.22;UNKNOWN
2016-04-16T00:58:58.000000;2016-04-16T00:58:58.000000;51d5214c-223b-4939-adfb-497eee866311;430.75;6.85055059;UNKNOWN
2016-04-16T00:58:58.000000;2016-04-16T00:58:58.000000;4652209d-5003-4e37-a13a-f18a2f890b1d;431.01;0.80944941;UNKNOWN
2016-04-16T00:59:37.000000;2016-04-16T00:59:37.000000;d3a5aa46-ad20-4b3a-ae91-5a12a50394c6;430.6;0.25;UNKNOWN
2016-04-16T01:00:11.000000;2016-04-16T01:00:11.000000;8bbaab42-f670-4b8a-8e16-7ffbdc90cca8;430.51;0.02;UNKNOWN
2016-04-16T01:02:35.000000;2016-04-16T01:02:35.000000;ce9bd7a3-91c0-4da3-8b5b-dac3fb8fd50a;430.51;0.04;UNKNOWN
2016-04-16T01:04:12.000000;2016-04-16T01:04:12.000000;a4cd6ba4-7a86-437a-a59b-50be7faca3e9;430.53;10.0;UNKNOWN
2016-04-16T01:04:16.000000;2016-04-16T01:04:16.000000;586579bb-c397-44ed-971e-6c43289e89e6;430.51;7.5;UNKNOWN
2016-04-16T01:04:16.000000;2016-04-16T01:04:16.000000;967a996c-d1b6-4c71-82c7-663086327af6;430.53;2.5;UNKNOWN
2016-04-16T01:05:03.000000;2016-04-16T01:05:03.000000;d5b28ef2-ed7d-4854-bf21-db3fc3045e40;430.51;0.32583228;UNKNOWN
2016-04-16T01:07:25.000000;2016-04-16T01:07:25.000000;e419ea16-108d-49a7-b924-990c10a10e77;430.65;6.9135;UNKNOWN
2016-04-16T01:07:25.000000;2016-04-16T01:07:25.000000;3daf286c-edec-4734-b92c-43a9fa64ea97;430.66;3.0865;UNKNOWN
2016-04-16T01:07:59.000000;2016-04-16T01:07:59.000000;44e4bfa1-446a-4a8a-80b5-ea548a0f94f6;430.52;0.06284199;UNKNOWN
2016-04-16T01:07:59.000000;2016-04-16T01:07:59.000000;58d47067-2ee4-4823-85f5-567cb0eff76e;430.52;0.04654962;UNKNOWN
2016-04-16T01:10:21.000000;2016-04-16T01:10:21.000000;c9e8012c-f87d-4e0d-9879-53c96d412e26;430.61;1.0;UNKNOWN
2016-04-16T01:11:50.000000;2016-04-16T01:11:50.000000;668dd81c-8910-4b64-88bf-35ec70e9bd97;430.58;4.50673757;UNKNOWN
2016-04-16T01:11:50.000000;2016-04-16T01:11:50.000000;db4c1289-7130-4911-86fa-9357ba31a6e2;430.58;0.26076243;UNKNOWN
2016-04-16T01:11:59.000000;2016-04-16T01:11:59.000000;4fc116a2-1292-4259-9e1c-6a24f88a9f3e;430.51;0.31420997;UNKNOWN
2016-04-16T01:12:39.000000;2016-04-16T01:12:39.000000;f4e7879e-967b-427e-9da8-a200a8b02a28;430.51;0.09309925;UNKNOWN
2016-04-16T01:14:23.000000;2016-04-16T01:14:23.000000;b7b1f136-ea1e-4ea3-9345-180f09e475e1;430.51;0.11825877;UNKNOWN
2016-04-16T01:15:04.000000;2016-04-16T01:15:04.000000;f4effe5c-9aff-4b30-b418-3c755b2d4ece;430.51;0.02022364;UNKNOWN
2016-04-16T01:15:26.000000;2016-04-16T01:15:26.000000;a49da048-924f-4e59-bc39-1b903ef35e7f;430.51;0.45968803;UNKNOWN
2016-04-16T01:15:27.000000;2016-04-16T01:15:27.000000;d295b3db-965c-4598-b40e-0a3b99b6b6be;430.51;0.16105274;UNKNOWN
2016-04-16T01:15:35.000000;2016-04-16T01:15:35.000000;e889590b-edaa-445a-8ee4-b8b898c77b11;430.51;0.05818703;UNKNOWN
2016-04-16T01:17:01.000000;2016-04-16T01:17:01.000000;4a88d972-d914-4d49-bb49-a0dd51e2bca8;430.57;0.06331;UNKNOWN
2016-04-16T01:18:37.000000;2016-04-16T01:18:37.000000;5dae4e3e-36fb-488f-81a1-07ef224e15a4;430.51;2.35024325;UNKNOWN
2016-04-16T01:19:36.000000;2016-04-16T01:19:36.000000;df0826e5-2488-45db-8f6d-cb3e462c8ffa;430.51;1.13187234;UNKNOWN
2016-04-16T01:19:45.000000;2016-04-16T01:19:45.000000;b978dae6-0f9d-4298-8cbe-1ff32a0ec4dd;430.57;0.21103;UNKNOWN
2016-04-16T01:20:07.000000;2016-04-16T01:20:07.000000;8736733c-5d14-4427-9d1b-2913aed60208;430.51;0.23042064;UNKNOWN
2016-04-16T01:20:39.000000;2016-04-16T01:20:39.000000;9b9fff62-6571-43d0-8819-b059e0dea8fd;430.51;0.08146184;UNKNOWN
2016-04-16T01:22:23.000000;2016-04-16T01:22:23.000000;7fb3a737-73de-4d28-bf2f-88e9bc20d65e;430.51;0.23274812;UNKNOWN
2016-04-16T01:23:35.000000;2016-04-16T01:23:35.000000;f8a24707-78b7-42a3-b38f-954f7df9eac4;430.51;0.02300646;UNKNOWN
2016-04-16T01:24:49.000000;2016-04-16T01:24:49.000000;bacff012-54bb-4e3b-8581-ec1ae4e5c1b8;430.51;8.43733876;UNKNOWN
2016-04-16T01:25:46.000000;2016-04-16T01:25:46.000000;3ed1d34d-2652-4570-bffc-5d55ae00007f;430.51;0.107122;UNKNOWN
2016-04-16T01:28:14.000000;2016-04-16T01:28:14.000000;67caf73d-0b09-4986-8237-f2346e7460ea;430.57;2.0;UNKNOWN
2016-04-16T01:28:23.000000;2016-04-16T01:28:23.000000;40f0b577-0450-47d3-b02c-cf9966f5cd99;430.51;0.0861168;UNKNOWN
2016-04-16T01:29:10.000000;2016-04-16T01:29:10.000000;87964d60-4497-47a4-ab98-9d8dd7c7e623;430.51;0.02792977;UNKNOWN
2016-04-16T01:29:42.000000;2016-04-16T01:29:42.000000;32101b4b-a213-4870-9074-24d2850f74a2;430.71;0.0256;UNKNOWN
2016-04-16T01:32:32.000000;2016-04-16T01:32:32.000000;5729a5b9-efef-493d-9e5e-e05e0888cc66;430.8;0.23007;UNKNOWN
2016-04-16T01:33:26.000000;2016-04-16T01:33:26.000000;2bf937a8-89b0-4eee-9a96-cce35e6c8f26;430.8;0.046014;UNKNOWN
2016-04-16T01:33:27.000000;2016-04-16T01:33:27.000000;1d9731eb-99e5-4108-9474-61c5abd43fd1;430.8;0.10581745;UNKNOWN
2016-04-16T01:33:27.000000;2016-04-16T01:33:27.000000;c088bab6-578e-4384-ba26-075713b47dbc;430.8;0.07670688;UNKNOWN
2016-04-16T01:40:45.000000;2016-04-16T01:40:45.000000;a7aa3f11-ac01-4f91-996f-756cd270e880;430.53;0.45860833;UNKNOWN
2016-04-16T01:40:45.000000;2016-04-16T01:40:45.000000;fef9bc0c-1c99-441d-be08-174d0eb9dbe2;430.8;9.54139167;UNKNOWN
2016-04-16T01:42:04.000000;2016-04-16T01:42:04.000000;671e3f50-2d9a-4910-9a78-698cff30fd48;430.75;0.60013518;UNKNOWN
2016-04-16T01:43:03.000000;2016-04-16T01:43:03.000000;af4561ab-5cff-446c-b22d-cb44fb589d09;430.75;0.06047377;UNKNOWN
2016-04-16T01:44:31.000000;2016-04-16T01:44:31.000000;424a287e-11cc-4e41-a5e9-9488154dbfc3;430.75;0.058;UNKNOWN
2016-04-16T01:50:45.000000;2016-04-16T01:50:45.000000;42948952-058f-4bac-8f50-4c3f51cc2216;430.75;0.28139105;UNKNOWN
2016-04-16T01:53:52.000000;2016-04-16T01:53:52.000000;ff4004f4-0a10-4082-bac6-e0ddcfb300f0;430.6;0.16097422;UNKNOWN
2016-04-16T01:54:59.000000;2016-04-16T01:54:59.000000;50ac521b-8ed8-45cd-a547-5996dde50420;430.75;6.8826;UNKNOWN
2016-04-16T01:54:59.000000;2016-04-16T01:54:59.000000;135d2c80-ceec-4d01-9faa-672d0cb84343;430.6;2.04502578;UNKNOWN
2016-04-16T01:54:59.000000;2016-04-16T01:54:59.000000;dfd65867-2d09-47cd-8e46-31394e4bcb87;430.72;11.1382;UNKNOWN
2016-04-16T01:54:59.000000;2016-04-16T01:54:59.000000;c1a3b0f4-e4be-43fd-b51b-56110362fe77;430.53;3.31987422;UNKNOWN
2016-04-16T01:54:59.000000;2016-04-16T01:54:59.000000;4f0b7438-7c89-43c7-b2e5-715e16c5ec34;430.6;14.9803;UNKNOWN
2016-04-16T01:54:59.000000;2016-04-16T01:54:59.000000;73c0cf93-4a10-42f1-9982-97b267662d19;430.6;10.634;UNKNOWN
2016-04-16T01:57:27.000000;2016-04-16T01:57:27.000000;20f514f3-1104-4bed-b1d6-fbeb706e83ab;430.52;0.06898575;UNKNOWN
2016-04-16T01:57:27.000000;2016-04-16T01:57:27.000000;617b1de7-0e83-4ea0-8751-effe7668eb82;430.52;0.68985751;UNKNOWN
2016-04-16T01:58:32.000000;2016-04-16T01:58:32.000000;ad48cb6e-44dc-46aa-b447-d71d1b8be3ba;430.51;0.09286932;UNKNOWN
2016-04-16T02:00:07.000000;2016-04-16T02:00:07.000000;f5c2ecb6-eeb2-46ec-9c93-084a303cbd6e;430.51;0.26827085;UNKNOWN
2016-04-16T02:02:03.000000;2016-04-16T02:02:03.000000;2282367c-2b70-45e9-8635-bd6f9470a9eb;430.51;0.1594;UNKNOWN
2016-04-16T02:02:32.000000;2016-04-16T02:02:32.000000;b1c02aac-7445-4fb9-8e5f-f966f90b2270;430.51;0.02299685;UNKNOWN
2016-04-16T02:03:04.000000;2016-04-16T02:03:04.000000;7a1d0914-b957-4c24-8354-9002fb962a95;430.85;0.17503041;UNKNOWN
2016-04-16T02:03:35.000000;2016-04-16T02:03:35.000000;9be64224-370b-4f0b-880e-e1b57ec404ae;430.48;0.25;UNKNOWN
2016-04-16T02:03:35.000000;2016-04-16T02:03:35.000000;7e9ef8ad-9001-4e35-a059-4f1f689589d7;430.48;0.25;UNKNOWN
2016-04-16T02:03:35.000000;2016-04-16T02:03:35.000000;6a4dbe45-b850-431c-a6db-ab565b0f8459;430.48;0.08427286;UNKNOWN
2016-04-16T02:03:35.000000;2016-04-16T02:03:35.000000;268998a9-b173-40a1-9bb8-e8c75594048a;430.51;2.62765129;UNKNOWN
2016-04-16T02:04:17.000000;2016-04-16T02:04:17.000000;7eed6e97-3b46-4067-b06e-c49f1307fc3a;430.82;6.9109;UNKNOWN
2016-04-16T02:04:17.000000;2016-04-16T02:04:17.000000;eacc5256-b236-452a-9437-e5984a3414f4;430.87;3.0891;UNKNOWN
2016-04-16T02:04:31.000000;2016-04-16T02:04:31.000000;ce5c70c6-7fd1-4040-991e-17bf67cb9aee;430.48;0.023114;UNKNOWN
2016-04-16T02:05:48.000000;2016-04-16T02:05:48.000000;606d833a-418c-4ca4-b759-d887cbd1ea65;430.48;0.89261314;UNKNOWN
2016-04-16T02:06:39.000000;2016-04-16T02:06:39.000000;229b18fc-f38c-4ffc-ac70-4a3b2faa78d6;430.47;0.06982931;UNKNOWN
2016-04-16T02:08:32.000000;2016-04-16T02:08:32.000000;3a2e4b50-600e-4a46-a54f-58d1b439fa9e;430.47;0.15;UNKNOWN
2016-04-16T02:09:27.000000;2016-04-16T02:09:27.000000;9de49f2b-737b-4c97-9644-43ddef901fd0;430.47;0.321;UNKNOWN
2016-04-16T02:15:28.000000;2016-04-16T02:15:28.000000;ab8b4756-ac84-4aff-877a-59ff3d51a3b5;430.47;0.037136;UNKNOWN
2016-04-16T02:16:04.000000;2016-04-16T02:16:04.000000;5760d1fc-b339-4297-a16f-36024d6c278b;430.48;0.1;UNKNOWN
2016-04-16T02:17:47.000000;2016-04-16T02:17:47.000000;5c18c1c3-1c4c-409e-8932-c1b3aca4e783;430.72;0.02708997;UNKNOWN
2016-04-16T02:17:47.000000;2016-04-16T02:17:47.000000;e60aef5c-dfed-422b-9bf3-a99e3bfa26bb;430.48;0.00738686;UNKNOWN
2016-04-16T02:17:52.000000;2016-04-16T02:17:52.000000;c1537251-f3cd-4a7f-bb58-df4818abb7bb;430.47;0.04655394;UNKNOWN
2016-04-16T02:18:31.000000;2016-04-16T02:18:31.000000;d26edf0b-63b2-4335-88e0-2517b62d0650;430.5;0.03666123;UNKNOWN
2016-04-16T02:19:19.000000;2016-04-16T02:19:19.000000;9dd18068-d71a-4a9c-80f5-828b30b341ca;430.5;0.05819243;UNKNOWN
2016-04-16T02:19:27.000000;2016-04-16T02:19:27.000000;65728a84-87cd-47cf-8d22-aa49cca14b94;430.66;0.0211802;UNKNOWN
2016-04-16T02:19:28.000000;2016-04-16T02:19:28.000000;62fa292c-c698-45e0-86c9-3bd8d9747522;430.66;0.02117689;UNKNOWN
2016-04-16T02:22:04.000000;2016-04-16T02:22:04.000000;9f95f433-e712-4d41-a845-a3659491cbc2;430.5;0.05685366;UNKNOWN
2016-04-16T02:22:04.000000;2016-04-16T02:22:04.000000;fda28e9c-3a1d-4a1e-9705-f4c49d02d036;430.5;0.00514634;UNKNOWN
2016-04-16T02:22:04.000000;2016-04-16T02:22:04.000000;76b27f4d-2613-4966-af74-c1ae51213a5c;430.6;0.02;UNKNOWN
2016-04-16T02:25:35.000000;2016-04-16T02:25:35.000000;745a6015-3b18-4cac-8e7f-8abdfef8c729;430.47;1.3313012;UNKNOWN
2016-04-16T02:25:35.000000;2016-04-16T02:25:35.000000;f1c9eb17-0f90-4e91-a67a-4d89985662f9;430.5;0.02;UNKNOWN
2016-04-16T02:26:32.000000;2016-04-16T02:26:32.000000;1be1f876-5279-4b81-9355-af84386a0d74;430.47;0.05818838;UNKNOWN
2016-04-16T02:26:47.000000;2016-04-16T02:26:47.000000;738ab624-76e2-485d-a432-e0f71593b9cb;430.47;0.75366548;UNKNOWN
2016-04-16T02:27:33.000000;2016-04-16T02:27:33.000000;3602ec87-e70e-462c-bc7c-1fe7948c4488;430.47;0.01342885;UNKNOWN
2016-04-16T02:28:52.000000;2016-04-16T02:28:52.000000;4f1793e5-7918-44c8-b0c3-eebf6f98c4eb;430.61;0.0199858;UNKNOWN
2016-04-16T02:29:27.000000;2016-04-16T02:29:27.000000;2df1697f-cdd3-479e-b22b-1d26fce4cb93;430.61;0.06623937;UNKNOWN
2016-04-16T02:29:52.000000;2016-04-16T02:29:52.000000;477f770c-7a1c-4a20-a7c0-d0703d4a950e;430.61;0.06982931;UNKNOWN
2016-04-16T02:30:32.000000;2016-04-16T02:30:32.000000;b13a9528-9279-4202-85a4-6e66d83555b4;430.61;0.04601506;UNKNOWN
2016-04-16T02:32:52.000000;2016-04-16T02:32:52.000000;acc1571c-f646-44f8-940c-26aa8ca2bda4;430.65;0.02;UNKNOWN
2016-04-16T02:33:04.000000;2016-04-16T02:33:04.000000;7555c2dc-bf15-4417-9234-3b9edd87732a;430.8;0.02;UNKNOWN
2016-04-16T02:33:04.000000;2016-04-16T02:33:04.000000;ff05116f-2e57-494b-aab2-56daa7da6fda;430.85;0.1176;UNKNOWN
2016-04-16T02:33:18.000000;2016-04-16T02:33:18.000000;1a1f0ec8-95d8-40fc-9c38-2df9fccdbadb;430.85;0.7;UNKNOWN
2016-04-16T02:38:05.000000;2016-04-16T02:38:05.000000;574fd52e-9d87-430d-938a-68cb31175bd6;430.85;2.5922;UNKNOWN
2016-04-16T02:38:31.000000;2016-04-16T02:38:31.000000;99ed59ff-1125-42d9-ae2d-f7feeb3cf3bf;430.83;0.11504301;UNKNOWN
2016-04-16T02:41:35.000000;2016-04-16T02:41:35.000000;9db71711-e3c2-4bc5-bd40-02b6673146db;430.91;0.234912;UNKNOWN
2016-04-16T02:45:19.000000;2016-04-16T02:45:19.000000;045d66da-0431-453d-a6d2-1d7b86da07d2;430.91;0.19532694;UNKNOWN
2016-04-16T02:46:23.000000;2016-04-16T02:46:23.000000;92557fe7-04bb-4ffa-ad56-e5a548ee2fcc;430.93;0.09301282;UNKNOWN
2016-04-16T02:47:12.000000;2016-04-16T02:47:12.000000;c2ffdffb-876f-475a-85f5-b1497539d74b;430.93;0.14021684;UNKNOWN
2016-04-16T02:48:32.000000;2016-04-16T02:48:32.000000;5a2f9bb3-33a2-48bf-9085-47f9fb2e31b8;430.94;0.04598302;UNKNOWN
2016-04-16T02:52:15.000000;2016-04-16T02:52:15.000000;44494c60-7ec8-41a5-8dac-f8eabfd85dbe;430.94;0.042098;UNKNOWN
2016-04-16T02:53:27.000000;2016-04-16T02:53:27.000000;400678e1-df0e-404e-8176-dd356df039cb;430.94;0.19967572;UNKNOWN
2016-04-16T02:56:31.000000;2016-04-16T02:56:31.000000;d7e67e7a-50e3-45c0-bea0-4e3f37ba3454;430.94;0.0398;UNKNOWN
2016-04-16T03:00:53.000000;2016-04-16T03:00:53.000000;8bcfb61f-a805-4e59-8c8c-f78cad341209;430.99;0.01;UNKNOWN
2016-04-16T03:01:31.000000;2016-04-16T03:01:31.000000;93462f00-d645-4c69-8268-257d2e7ff7bf;430.94;0.01;UNKNOWN
2016-04-16T03:01:35.000000;2016-04-16T03:01:35.000000;f85202cc-74c5-4902-a603-b198c9a2b6ea;430.94;0.07673024;UNKNOWN
2016-04-16T03:01:51.000000;2016-04-16T03:01:51.000000;082db3df-cd43-4836-83db-f00c577e6800;430.94;0.23019074;UNKNOWN
2016-04-16T03:02:32.000000;2016-04-16T03:02:32.000000;275c2b01-61dc-408f-8c30-50ac1e8d5737;430.94;0.03732649;UNKNOWN
2016-04-16T03:02:47.000000;2016-04-16T03:02:47.000000;613956c3-ef91-46ae-b731-6ad06f19a6ea;430.94;0.0906812;UNKNOWN
2016-04-16T03:07:59.000000;2016-04-16T03:07:59.000000;bf89935c-1838-4a28-ac50-3a4fe3114e6a;430.95;0.06975315;UNKNOWN
2016-04-16T03:08:18.000000;2016-04-16T03:08:18.000000;ab237bb2-e7e6-4e60-b895-3139e00ca3d1;430.95;0.232;UNKNOWN
2016-04-16T03:08:47.000000;2016-04-16T03:08:47.000000;72801110-a7db-4c6b-b9f5-e2f556a95ae0;430.96;0.232;UNKNOWN
2016-04-16T03:08:47.000000;2016-04-16T03:08:47.000000;2fcdc8b8-75ed-4f9a-a48b-8e8332d87e57;430.99;0.42776106;UNKNOWN
2016-04-16T03:09:41.000000;2016-04-16T03:09:41.000000;ead9a608-144a-45f8-9649-c102d363daa9;430.99;24.55223894;UNKNOWN
2016-04-16T03:09:41.000000;2016-04-16T03:09:41.000000;3d809e62-73b6-4c64-86ee-bdca06442815;430.99;0.44776106;UNKNOWN
2016-04-16T03:10:39.000000;2016-04-16T03:10:39.000000;69594725-96a6-4c40-b992-c7ad972dd8ab;430.95;0.2325105;UNKNOWN
2016-04-16T03:11:04.000000;2016-04-16T03:11:04.000000;fe432835-a234-42e4-809d-9abad41369f0;430.95;4.5;UNKNOWN
2016-04-16T03:12:05.000000;2016-04-16T03:12:05.000000;5fff76f1-3d83-422e-aae6-47a3c6c29f4d;430.95;6.8531895;UNKNOWN
2016-04-16T03:12:05.000000;2016-04-16T03:12:05.000000;0fc6a57e-3861-42ec-8663-35657236206c;430.95;0.4068105;UNKNOWN
2016-04-16T03:13:04.000000;2016-04-16T03:13:04.000000;af94893b-138a-4056-b1fc-97bcc0753063;430.95;0.2;UNKNOWN
2016-04-16T03:14:19.000000;2016-04-16T03:14:19.000000;402d42f9-c432-4399-a69e-8b3d57a2a70a;430.96;0.25;UNKNOWN
2016-04-16T03:14:19.000000;2016-04-16T03:14:19.000000;79491c4a-f133-4297-82f0-647aae1e0c47;430.97;0.8;UNKNOWN
2016-04-16T03:14:19.000000;2016-04-16T03:14:19.000000;b5175eb9-d37f-49a4-a496-6933498825fd;430.99;20.0;UNKNOWN
2016-04-16T03:14:19.000000;2016-04-16T03:14:19.000000;0e421a7b-226b-4d75-95be-1c2694e68cd8;430.99;6.9212;UNKNOWN
2016-04-16T03:14:19.000000;2016-04-16T03:14:19.000000;abb344b6-0d7a-4c48-b198-fa824201312b;431.0;104.13164431;UNKNOWN
2016-04-16T03:14:19.000000;2016-04-16T03:14:19.000000;85b5360b-dc97-4088-ac3c-738f826fdeb8;431.0;10.0;UNKNOWN
2016-04-16T03:14:19.000000;2016-04-16T03:14:19.000000;352e4101-9efa-46b4-bc59-bebe18584e3f;431.0;0.25;UNKNOWN
2016-04-16T03:18:14.000000;2016-04-16T03:18:14.000000;f5d97176-2e58-4965-b45e-961ec29a0d53;430.97;0.13949336;UNKNOWN
2016-04-16T03:19:11.000000;2016-04-16T03:19:11.000000;ed1ad27d-ca67-4d5a-a349-fdeaeedb2b29;430.97;0.919;UNKNOWN
2016-04-16T03:21:09.000000;2016-04-16T03:21:09.000000;b6ed78ea-e1ef-4b8a-85b4-86494cfe8c73;431.0;0.0657;UNKNOWN
2016-04-16T03:21:21.000000;2016-04-16T03:21:21.000000;58b9bb5c-1020-43b9-b27f-7b65b5ed809f;431.0;15.206;UNKNOWN
2016-04-16T03:21:22.000000;2016-04-16T03:21:22.000000;56604e3e-09b4-4d2b-b9ea-467c05285ac9;431.0;0.01;UNKNOWN
2016-04-16T03:21:43.000000;2016-04-16T03:21:43.000000;53f70af6-dc2c-4922-8f0a-ab6fc754d5db;430.97;0.12904632;UNKNOWN
2016-04-16T03:21:44.000000;2016-04-16T03:21:44.000000;eb848ea8-fcd7-4233-a375-ac4280b90680;431.0;0.01;UNKNOWN
2016-04-16T03:22:24.000000;2016-04-16T03:22:24.000000;1c170872-2a00-4e25-8bab-3d42d81f9226;430.96;2.0;UNKNOWN
2016-04-16T03:23:25.000000;2016-04-16T03:23:25.000000;4174d503-dd29-4cf6-9e3a-5747ecb065b0;431.0;0.01;UNKNOWN
2016-04-16T03:23:43.000000;2016-04-16T03:23:43.000000;ddc352d3-ea49-4c6a-88dc-60203d5a7050;430.96;0.05231243;UNKNOWN
2016-04-16T03:24:39.000000;2016-04-16T03:24:39.000000;ba20c646-10d3-4575-aade-24eb15045d5b;430.97;0.18600407;UNKNOWN
2016-04-16T03:25:38.000000;2016-04-16T03:25:38.000000;443b8edb-ad1f-4bef-a19c-bca67cd2bc60;430.99;0.045;UNKNOWN
2016-04-16T03:27:15.000000;2016-04-16T03:27:15.000000;0138f47d-d1c4-4975-bf70-af97def9b3bf;430.98;0.045045;UNKNOWN
2016-04-16T03:27:53.000000;2016-04-16T03:27:53.000000;dd345618-a885-49cb-9918-00c60047afdd;430.98;0.0450111;UNKNOWN
2016-04-16T03:28:36.000000;2016-04-16T03:28:36.000000;b5cd7401-baff-4b22-a651-a49057e6e47c;430.98;0.0450451;UNKNOWN
2016-04-16T03:30:07.000000;2016-04-16T03:30:07.000000;4c1547f4-f14b-4c02-b15d-01e484ba8e31;430.92;0.037957;UNKNOWN
2016-04-16T03:30:31.000000;2016-04-16T03:30:31.000000;da80628a-2129-4336-8bab-bc8034a58afd;430.92;0.1034234;UNKNOWN
2016-04-16T03:31:46.000000;2016-04-16T03:31:46.000000;f1df591e-8a2a-4b47-8efc-a5c1b2bb4100;430.93;0.01;UNKNOWN
2016-04-16T03:32:13.000000;2016-04-16T03:32:13.000000;7b3ea2ff-6cd1-41ce-b839-0e859ec81054;430.93;0.1;UNKNOWN
2016-04-16T03:32:15.000000;2016-04-16T03:32:15.000000;1ac3f814-f62b-4414-a0d0-13abea828de0;430.91;0.027;UNKNOWN
2016-04-16T03:32:29.000000;2016-04-16T03:32:29.000000;382c50bf-e163-4231-83ae-42c824e8e970;430.93;0.3;UNKNOWN
2016-04-16T03:33:19.000000;2016-04-16T03:33:19.000000;f19017ab-c702-4c94-8b86-f13d6ea023cc;430.9;0.17904969;UNKNOWN
2016-04-16T03:34:51.000000;2016-04-16T03:34:51.000000;1017a052-b96a-40fd-a281-1d138994a9a2;430.93;0.01;UNKNOWN
2016-04-16T03:36:47.000000;2016-04-16T03:36:47.000000;96b2993d-9982-4440-be42-dde8312e361c;430.88;0.05813572;UNKNOWN
2016-04-16T03:37:43.000000;2016-04-16T03:37:43.000000;e925b9cb-c1e9-4da7-bda1-a0644c32ecc1;430.88;0.1628;UNKNOWN
2016-04-16T03:37:59.000000;2016-04-16T03:37:59.000000;90e69e4c-3fc2-42b4-83ae-b883f5de4150;430.88;0.03908013;UNKNOWN
2016-04-16T03:38:15.000000;2016-04-16T03:38:15.000000;4d69177c-7f12-4142-9bdc-45553b0fff05;430.71;0.06975315;UNKNOWN
2016-04-16T03:38:49.000000;2016-04-16T03:38:49.000000;36fa0f29-20da-4c07-b523-40b34a4a5754;430.93;0.01;UNKNOWN
2016-04-16T03:41:00.000000;2016-04-16T03:41:00.000000;df7f9b1a-cdf0-4159-90e7-e244e848da01;430.93;2.83;UNKNOWN
2016-04-16T03:41:00.000000;2016-04-16T03:41:00.000000;790aa455-b8a9-4a5e-82c0-b889f294469e;430.93;1.07;UNKNOWN
2016-04-16T03:41:27.000000;2016-04-16T03:41:27.000000;ae4fb1a3-9e65-45d7-acad-61e05fbd8ac0;430.89;0.03211892;UNKNOWN
2016-04-16T03:42:16.000000;2016-04-16T03:42:16.000000;00f3cb71-a4a5-48f1-960f-897da792b865;430.95;0.01;UNKNOWN
2016-04-16T03:43:19.000000;2016-04-16T03:43:19.000000;89542f6a-ef02-448f-9f60-51fdac3b97d4;430.9;0.3789;UNKNOWN
2016-04-16T03:45:02.000000;2016-04-16T03:45:02.000000;ce155749-f38a-4792-9f06-8f66f53324f9;430.94;0.01;UNKNOWN
2016-04-16T03:46:23.000000;2016-04-16T03:46:23.000000;f718a041-a4cd-4cfd-aac2-a4f1eaf66bed;430.89;0.20579567;UNKNOWN
2016-04-16T03:46:28.000000;2016-04-16T03:46:28.000000;1ea32e81-d1d9-4b42-9f2d-83f0c9da9639;430.95;0.01;UNKNOWN
2016-04-16T03:46:44.000000;2016-04-16T03:46:44.000000;41d317ac-f17b-4d06-8cd8-582ab39f0c25;430.99;5.0;UNKNOWN
2016-04-16T03:46:44.000000;2016-04-16T03:46:44.000000;fb1758e5-89e7-44be-a563-a97bba0c5369;430.99;1.89;UNKNOWN
2016-04-16T03:46:44.000000;2016-04-16T03:46:44.000000;e181dd2f-1dad-4695-a655-8fc24a38b907;430.95;13.11;UNKNOWN
2016-04-16T03:46:47.000000;2016-04-16T03:46:47.000000;a9125781-bc7b-4f81-b3de-999c6dc843a7;430.97;6.8925;UNKNOWN
2016-04-16T03:46:47.000000;2016-04-16T03:46:47.000000;41710580-b059-4492-9fcd-92847cad9b35;430.96;11.0903;UNKNOWN
2016-04-16T03:48:23.000000;2016-04-16T03:48:23.000000;ea3a99fc-1cf3-4759-ae06-28c19e2cfaca;430.92;0.185;UNKNOWN
2016-04-16T03:49:10.000000;2016-04-16T03:49:10.000000;5fa92a7d-919e-4d4c-8b2c-415f2df40384;430.94;0.01;UNKNOWN
2016-04-16T03:49:43.000000;2016-04-16T03:49:43.000000;b2eb40e4-2cc2-4f8f-8d15-a48a9aec62c2;430.91;0.02547407;UNKNOWN
2016-04-16T03:49:43.000000;2016-04-16T03:49:43.000000;dac7fdbd-5de5-4e28-bcfa-5d0fb7468389;430.91;11.6014;UNKNOWN
2016-04-16T03:50:04.000000;2016-04-16T03:50:04.000000;e0974364-9b2b-45a1-9d13-b4fa2cbd6221;430.94;0.01;UNKNOWN
2016-04-16T03:50:07.000000;2016-04-16T03:50:07.000000;2c711f6d-a592-47f4-9a36-4db57aec4951;430.91;0.05813301;UNKNOWN
2016-04-16T03:50:09.000000;2016-04-16T03:50:09.000000;b00d150c-0ec1-4f79-9ce5-794e06421c07;430.94;0.01;UNKNOWN
2016-04-16T03:50:48.000000;2016-04-16T03:50:48.000000;5e80cfe6-ffbb-48c2-9a25-7fa87045f907;430.94;0.01;UNKNOWN
2016-04-16T03:51:37.000000;2016-04-16T03:51:37.000000;9e62d51e-fc88-4c9f-9d9f-b31a98911810;430.94;4.1198;UNKNOWN
2016-04-16T03:51:44.000000;2016-04-16T03:51:44.000000;3c81a362-8944-40b0-822b-9c783bd92b98;430.94;0.01;UNKNOWN
2016-04-16T03:52:21.000000;2016-04-16T03:52:21.000000;d687b107-a0bb-4b5e-acdd-c48968b7a940;430.94;0.01;UNKNOWN
2016-04-16T03:52:24.000000;2016-04-16T03:52:24.000000;1f363610-842d-4184-88bc-a52c3c472b0c;430.94;0.40405569;UNKNOWN
2016-04-16T03:53:12.000000;2016-04-16T03:53:12.000000;0fffa96f-89fd-42e1-8a5a-c1495a09424a;430.96;0.02325374;UNKNOWN
2016-04-16T03:53:19.000000;2016-04-16T03:53:19.000000;46cb53f7-ec23-4d7b-9ba7-8eac8c183055;430.96;0.705;UNKNOWN
2016-04-16T03:53:20.000000;2016-04-16T03:53:20.000000;fb064b99-673c-427f-93e7-ecebeb2929d1;431.0;0.01;UNKNOWN
2016-04-16T03:53:58.000000;2016-04-16T03:53:58.000000;afcae837-2489-4125-a8ed-430cb30aaf16;431.0;0.01;UNKNOWN
2016-04-16T03:54:06.000000;2016-04-16T03:54:06.000000;1aa99815-7dcc-4e4b-9a2f-6b4e81410850;430.96;0.10464186;UNKNOWN
2016-04-16T03:54:26.000000;2016-04-16T03:54:26.000000;182af37e-f541-41b0-bc7a-1bea6f1c4503;431.0;0.01;UNKNOWN
2016-04-16T03:54:32.000000;2016-04-16T03:54:32.000000;a12e11ce-4a8e-4dd4-b792-c0f92b02fb09;430.96;0.0232508;UNKNOWN
2016-04-16T03:54:51.000000;2016-04-16T03:54:51.000000;fd8041d6-5b7a-40b9-b786-a5840266c41f;431.0;0.47;UNKNOWN
2016-04-16T03:55:04.000000;2016-04-16T03:55:04.000000;afd3324d-e0e4-4574-a2a8-e8fe40943932;431.05;1.60234929;UNKNOWN
2016-04-16T03:55:04.000000;2016-04-16T03:55:04.000000;fdbe18b3-e30c-4b9f-b861-2f91169e6fd0;431.17;0.19;UNKNOWN
2016-04-16T03:55:07.000000;2016-04-16T03:55:07.000000;f38929d4-b516-473b-94a3-916ba3800bbb;431.33;0.01;UNKNOWN
2016-04-16T03:55:35.000000;2016-04-16T03:55:35.000000;997a46c5-0a25-4fb1-bf50-7852e1b31408;431.27;0.01;UNKNOWN
2016-04-16T03:56:20.000000;2016-04-16T03:56:20.000000;4ba8d423-88db-4f01-a59c-1c7c01421c60;431.21;0.01;UNKNOWN
2016-04-16T03:56:25.000000;2016-04-16T03:56:25.000000;374a7a99-8b20-4b2b-918b-e7a698c50526;431.21;1.5;UNKNOWN
2016-04-16T03:56:53.000000;2016-04-16T03:56:53.000000;7355d532-42eb-4cc1-89bc-7de7d4d63efb;431.19;1.5;UNKNOWN
2016-04-16T03:58:23.000000;2016-04-16T03:58:23.000000;7eb3af27-8bd0-439b-93e0-34bb104b38f7;431.11;2.59;UNKNOWN
2016-04-16T03:58:44.000000;2016-04-16T03:58:44.000000;4b3245ec-1ee8-4192-bcd4-a1eb79c20503;431.13;0.3198988;UNKNOWN
2016-04-16T03:59:08.000000;2016-04-16T03:59:08.000000;7e693af8-359f-422c-8880-d6b461cf7339;431.17;0.03;UNKNOWN
2016-04-16T03:59:09.000000;2016-04-16T03:59:09.000000;70b0b4bf-3a11-4a17-a077-c0d0d4f3ce22;431.17;0.03;UNKNOWN
2016-04-16T03:59:14.000000;2016-04-16T03:59:14.000000;dca022f5-93a6-49a0-a145-f87d5ac2b20d;431.17;0.1;UNKNOWN
2016-04-16T04:00:02.000000;2016-04-16T04:00:02.000000;bbcf2807-e58c-4592-b941-428a3cb134ef;431.22;0.01;UNKNOWN
2016-04-16T04:02:32.000000;2016-04-16T04:02:32.000000;ce8ed066-f12a-4f89-b83f-73265e5d3ccb;431.28;0.06895853;UNKNOWN
2016-04-16T04:04:15.000000;2016-04-16T04:04:15.000000;4f21504c-2145-4577-988d-7ae84e460528;431.28;0.05808315;UNKNOWN
2016-04-16T04:04:31.000000;2016-04-16T04:04:31.000000;d61f871e-32ff-4283-ab62-fc8ad2dfc55c;431.28;0.05;UNKNOWN
2016-04-16T04:04:36.000000;2016-04-16T04:04:36.000000;4e574d5b-aea2-418d-b470-8040293157de;431.28;0.05;UNKNOWN
2016-04-16T04:04:44.000000;2016-04-16T04:04:44.000000;7897bf44-f945-4a27-bc72-20ba7195f8fe;431.28;0.05;UNKNOWN
2016-04-16T04:04:45.000000;2016-04-16T04:04:45.000000;35833983-11eb-43d2-9d4b-535d7654630a;431.28;0.05;UNKNOWN
2016-04-16T04:04:47.000000;2016-04-16T04:04:47.000000;46b55d3f-7148-4027-9e6c-a076e200eca0;431.28;0.05;UNKNOWN
2016-04-16T04:05:03.000000;2016-04-16T04:05:03.000000;e6730fc0-9449-4dca-aabe-dc22226434b6;431.28;0.07666976;UNKNOWN
2016-04-16T04:05:57.000000;2016-04-16T04:05:57.000000;7891ba17-30b0-4dcb-8873-a438d6b61c16;431.28;0.4;UNKNOWN
2016-04-16T04:07:12.000000;2016-04-16T04:07:12.000000;cac18259-062c-401a-a5f3-d151ad05d8e7;431.29;1.0;UNKNOWN
2016-04-16T04:07:43.000000;2016-04-16T04:07:43.000000;2861c036-19c2-4474-bb95-42de61b751b3;431.29;0.02114188;UNKNOWN
2016-04-16T04:07:51.000000;2016-04-16T04:07:51.000000;e56bda20-fe33-4c58-a5a0-2b4e5e078b75;431.28;0.36011555;UNKNOWN
2016-04-16T04:09:04.000000;2016-04-16T04:09:04.000000;904e6c4a-69b0-412f-9b1f-f8c9e3c25e28;431.28;0.014;UNKNOWN
2016-04-16T04:12:01.000000;2016-04-16T04:12:01.000000;d9c341df-8bc3-48ef-a273-32f35d1362ca;431.28;0.25;UNKNOWN
2016-04-16T04:12:39.000000;2016-04-16T04:12:39.000000;7a301f7d-79a2-4609-8862-46c39f434434;431.28;1.16166307;UNKNOWN
2016-04-16T04:13:03.000000;2016-04-16T04:13:03.000000;def556b5-af68-4dfe-9c75-b96072fc76ad;431.28;3.0;UNKNOWN
2016-04-16T04:17:04.000000;2016-04-16T04:17:04.000000;ade000ab-5944-4115-bdb1-8a472518146e;431.28;0.33062906;UNKNOWN
2016-04-16T04:18:31.000000;2016-04-16T04:18:31.000000;4fe17c94-5916-4222-b151-72e07b7df0e5;431.28;0.1194339;UNKNOWN
2016-04-16T04:18:55.000000;2016-04-16T04:18:55.000000;e581a349-cbda-4635-8265-96f4f9fdaf7b;431.28;0.13010626;UNKNOWN
2016-04-16T04:21:12.000000;2016-04-16T04:21:12.000000;412dfcd7-9cd2-4465-bf21-a3d73d985a63;431.28;0.234656;UNKNOWN
2016-04-16T04:22:31.000000;2016-04-16T04:22:31.000000;72f1ffb5-0bb4-4ffa-be12-07e613126f49;431.75;0.25;UNKNOWN
2016-04-16T04:22:31.000000;2016-04-16T04:22:31.000000;5a35c918-8f5e-4590-92c9-721300123274;431.3;5.0;UNKNOWN
2016-04-16T04:22:31.000000;2016-04-16T04:22:31.000000;0929d8de-fa68-47c9-8117-de9737bda080;431.49;24.99;UNKNOWN
2016-04-16T04:22:31.000000;2016-04-16T04:22:31.000000;f68f33d8-818f-4e82-ba95-34b1a820fde6;431.46;0.05;UNKNOWN
2016-04-16T04:22:31.000000;2016-04-16T04:22:31.000000;b639ce89-478c-41da-8ae3-c57efcef02e3;431.8;30.0;UNKNOWN
2016-04-16T04:22:31.000000;2016-04-16T04:22:31.000000;a8af3ed9-55b9-4558-b67f-e162770f91cd;431.95;0.25;UNKNOWN
2016-04-16T04:22:31.000000;2016-04-16T04:22:31.000000;657bec76-cdb8-4d38-8155-96ad717ab199;431.86;9.9849;UNKNOWN
2016-04-16T04:22:31.000000;2016-04-16T04:22:31.000000;9b5d982e-f54f-431b-b070-8707ae3a848a;431.98;4.49115243;UNKNOWN
2016-04-16T04:22:31.000000;2016-04-16T04:22:31.000000;ec994e7b-687b-4306-9fd7-b89b96d4504b;431.95;0.25;UNKNOWN
2016-04-16T04:22:31.000000;2016-04-16T04:22:31.000000;69c5bad1-9eb7-4bae-a8f8-99956dd09a24;431.97;11.5247;UNKNOWN
2016-04-16T04:22:31.000000;2016-04-16T04:22:31.000000;de9151bd-93dc-4d4c-97eb-27ded23a646a;431.48;0.25;UNKNOWN
2016-04-16T04:22:31.000000;2016-04-16T04:22:31.000000;552d1e16-fd32-4cda-8e35-3adbc5ddf835;431.66;0.25;UNKNOWN
2016-04-16T04:22:31.000000;2016-04-16T04:22:31.000000;97308e25-d7fc-4faa-8038-84d49a10475e;431.5;0.2;UNKNOWN
2016-04-16T04:22:31.000000;2016-04-16T04:22:31.000000;a022fc63-a59f-4a17-9fb6-decd144f4ee2;431.8;2.96957349;UNKNOWN
2016-04-16T04:22:31.000000;2016-04-16T04:22:31.000000;1c994656-e424-4d81-8997-751d9a6bd9d9;432.0;42.32032447;UNKNOWN
2016-04-16T04:22:31.000000;2016-04-16T04:22:31.000000;e0ca37d1-7b42-4a61-a4b4-4ba54359e616;431.99;24.87999149;UNKNOWN
2016-04-16T04:22:31.000000;2016-04-16T04:22:31.000000;9f34baee-2ef1-46fe-b575-6b0b073cd9f6;431.97;0.25;UNKNOWN
2016-04-16T04:22:31.000000;2016-04-16T04:22:31.000000;d64b761f-6265-443f-a741-384dd00affeb;431.96;4.97;UNKNOWN
2016-04-16T04:22:31.000000;2016-04-16T04:22:31.000000;aaca5251-5805-49be-961a-2341a84538c9;431.97;10.2475;UNKNOWN
2016-04-16T04:22:31.000000;2016-04-16T04:22:31.000000;2d3f21c0-d5eb-429f-a10a-a7b9956f922e;432.0;0.0629;UNKNOWN
2016-04-16T04:22:31.000000;2016-04-16T04:22:31.000000;9e2eeb8f-d15c-47e3-add2-1d976d0efafe;431.99;0.25;UNKNOWN
2016-04-16T04:22:31.000000;2016-04-16T04:22:31.000000;48b77720-0f3b-421c-b5ae-151eae5b73ab;431.29;6.8701;UNKNOWN
2016-04-16T04:22:31.000000;2016-04-16T04:22:31.000000;d89571fb-7d0c-450b-8f82-31a7a6212ee2;431.79;15.03;UNKNOWN
2016-04-16T04:22:31.000000;2016-04-16T04:22:31.000000;0c40eb9f-db1f-40bd-b355-fd80cfa9c0e4;431.29;4.65885812;UNKNOWN
2016-04-16T04:24:43.000000;2016-04-16T04:24:43.000000;1247c494-55d9-4dd5-98ce-0ff70d6f57e8;431.68;0.06442309;UNKNOWN
2016-04-16T04:24:44.000000;2016-04-16T04:24:44.000000;36d2bc0d-6c14-460f-a479-6656e90f2332;431.68;0.06442309;UNKNOWN
2016-04-16T04:25:14.000000;2016-04-16T04:25:14.000000;927d298d-8744-46eb-ab6e-9f8e15833808;431.68;0.06442309;UNKNOWN
2016-04-16T04:27:04.000000;2016-04-16T04:27:04.000000;d70781d1-0113-4c14-a2a4-07ae8f3f7df0;431.72;0.02802484;UNKNOWN
2016-04-16T04:27:10.000000;2016-04-16T04:27:10.000000;703165c2-5e90-4c12-a63e-4383b904c460;431.68;2.55;UNKNOWN
2016-04-16T04:27:27.000000;2016-04-16T04:27:27.000000;3e5a9c06-e908-4e50-bd37-64192836aa56;431.51;0.136;UNKNOWN
2016-04-16T04:27:58.000000;2016-04-16T04:27:58.000000;7101d9f0-6b9f-4699-8845-09f6ea12d9bb;431.51;0.1;UNKNOWN
2016-04-16T04:28:12.000000;2016-04-16T04:28:12.000000;88de0f3a-f6a7-414b-9587-22cb997ff7ef;431.51;0.25637412;UNKNOWN
2016-04-16T04:28:32.000000;2016-04-16T04:28:32.000000;ef686a84-d443-4b09-b43f-0e2756a6d94c;431.51;0.08475082;UNKNOWN
2016-04-16T04:29:03.000000;2016-04-16T04:29:03.000000;dd9a0ce0-6f3e-4a1d-bbb0-678f839aad29;431.51;0.02438191;UNKNOWN
2016-04-16T04:29:05.000000;2016-04-16T04:29:05.000000;8370d3ce-9c01-49c5-9b51-2933e0d61070;431.51;0.2283;UNKNOWN
2016-04-16T04:29:27.000000;2016-04-16T04:29:27.000000;f8375a7e-e293-4d9d-b0c8-7973bd2e1fc7;431.51;0.02031502;UNKNOWN
2016-04-16T04:30:19.000000;2016-04-16T04:30:19.000000;70a7fcf5-3d11-49c0-948e-3fa7747e23d1;431.51;0.0291616;UNKNOWN
2016-04-16T04:30:42.000000;2016-04-16T04:30:42.000000;b923f711-573c-40c2-92ee-2fe2d019d988;431.51;0.02006373;UNKNOWN
2016-04-16T04:30:55.000000;2016-04-16T04:30:55.000000;80e2795e-86ea-434d-96f8-4f7020e9cebe;431.51;0.46441749;UNKNOWN
2016-04-16T04:31:00.000000;2016-04-16T04:31:00.000000;1ceadc84-4cc1-4ac9-9d21-c155e53969f3;431.51;0.05606487;UNKNOWN
2016-04-16T04:31:02.000000;2016-04-16T04:31:02.000000;5ec61708-8956-4226-b017-d1fc350d67d0;431.51;0.05606487;UNKNOWN
2016-04-16T04:31:06.000000;2016-04-16T04:31:06.000000;9b16e508-fd7a-423c-81e8-6d33fb13ab28;431.51;0.05606487;UNKNOWN
2016-04-16T04:33:04.000000;2016-04-16T04:33:04.000000;d4182d95-4647-45d1-bfeb-401aefda8ee1;431.51;0.67539533;UNKNOWN
2016-04-16T04:39:14.000000;2016-04-16T04:39:14.000000;3ff3f6b4-09a8-4a00-8d92-8257586db995;431.51;0.04119052;UNKNOWN
2016-04-16T04:44:31.000000;2016-04-16T04:44:31.000000;f8322cbf-b45c-471a-be36-2236ad5f0c46;431.53;0.08117306;UNKNOWN
2016-04-16T04:46:32.000000;2016-04-16T04:46:32.000000;be4750d4-4b55-427f-a223-cabd2a0dbbdd;431.52;0.11610167;UNKNOWN
2016-04-16T04:47:35.000000;2016-04-16T04:47:35.000000;127a1057-f9e8-4d4e-8577-018f79f82158;431.52;0.26366547;UNKNOWN
2016-04-16T04:48:32.000000;2016-04-16T04:48:32.000000;f1228023-35cc-4af8-9818-1edcb24f6f40;431.52;0.06886425;UNKNOWN
2016-04-16T04:49:19.000000;2016-04-16T04:49:19.000000;9483e6ce-6b99-40a4-9786-a7f1f0ea4344;431.52;0.08615871;UNKNOWN
2016-04-16T05:00:04.000000;2016-04-16T05:00:04.000000;b6e5ecad-7dfb-4115-b9b4-dc7e9ae27a08;431.54;6.85;UNKNOWN
2016-04-16T05:00:04.000000;2016-04-16T05:00:04.000000;a3b2cfa0-1452-49a7-adc9-69d977aef43e;431.54;3.15;UNKNOWN
2016-04-16T05:02:23.000000;2016-04-16T05:02:23.000000;8c8caf8a-24ea-4771-ab35-b63fe951c07b;431.51;0.15093568;UNKNOWN
2016-04-16T05:08:05.000000;2016-04-16T05:08:05.000000;3f1f5a25-f37a-439b-b39e-67fa0eec42aa;431.55;0.02594921;UNKNOWN
2016-04-16T05:08:05.000000;2016-04-16T05:08:05.000000;90d37d65-b884-4ee8-8f3f-61d4820efbc3;431.56;0.058;UNKNOWN
2016-04-16T05:09:43.000000;2016-04-16T05:09:43.000000;9777717c-70c3-4de2-9687-3b220bffa622;431.65;0.11609361;UNKNOWN
2016-04-16T05:09:57.000000;2016-04-16T05:09:57.000000;b0686117-d565-4476-bc5b-be1d3678e9ef;431.7;1.86272;UNKNOWN
2016-04-16T05:10:19.000000;2016-04-16T05:10:19.000000;70a0a79b-269d-424b-968d-1adabefe287f;431.97;0.301359;UNKNOWN
2016-04-16T05:10:19.000000;2016-04-16T05:10:19.000000;05286954-bfc1-4481-8bde-36a9990087d5;431.77;0.05;UNKNOWN
2016-04-16T05:10:19.000000;2016-04-16T05:10:19.000000;315bf262-5a88-4d9b-a5ff-2a0fbcf6c39d;431.73;0.58;UNKNOWN
2016-04-16T05:10:32.000000;2016-04-16T05:10:32.000000;3cfc4841-6f98-45f4-a400-7742eeb1761d;431.92;0.05108119;UNKNOWN
2016-04-16T05:10:33.000000;2016-04-16T05:10:33.000000;b3435847-7148-4dab-b26b-628b14100a8c;432.0;4.88963;UNKNOWN
2016-04-16T05:13:15.000000;2016-04-16T05:13:15.000000;a24029b1-9362-4351-aceb-c5f3e0c73315;432.0;4.20060031;UNKNOWN
2016-04-16T05:13:15.000000;2016-04-16T05:13:15.000000;f3c53362-8d67-471e-bf50-a481c071bf02;432.0;0.0110595;UNKNOWN
2016-04-16T05:13:15.000000;2016-04-16T05:13:15.000000;884bfc81-2cf4-498c-9ff8-5e4ff94bd71a;432.0;2.78004553;UNKNOWN
2016-04-16T05:13:15.000000;2016-04-16T05:13:15.000000;dc548e9e-aaf1-462e-8430-ada432410d8e;432.0;0.25;UNKNOWN
2016-04-16T05:13:15.000000;2016-04-16T05:13:15.000000;e028a586-c7f7-4d20-9662-c146af39c523;432.0;0.1;UNKNOWN
2016-04-16T05:13:15.000000;2016-04-16T05:13:15.000000;9c7fda72-0b78-40d1-a764-58b58068b552;432.0;0.2;UNKNOWN
2016-04-16T05:13:32.000000;2016-04-16T05:13:32.000000;e5af0e85-751f-4c3d-8678-e11b756bec33;432.11;0.25;UNKNOWN
2016-04-16T05:13:32.000000;2016-04-16T05:13:32.000000;c5de734e-e986-4a23-8ded-1a8d7a8b116c;432.26;6.9185;UNKNOWN
2016-04-16T05:13:32.000000;2016-04-16T05:13:32.000000;c1457d2f-05ca-4d1c-b2d2-2bbf99b1fda3;432.0;0.79939969;UNKNOWN
2016-04-16T05:13:32.000000;2016-04-16T05:13:32.000000;e406f0f8-34aa-4fef-ace3-976f8d50cd90;432.27;0.05;UNKNOWN
2016-04-16T05:13:32.000000;2016-04-16T05:13:32.000000;2f617654-bf25-47f8-b3ad-787360e8a43e;432.08;0.25;UNKNOWN
2016-04-16T05:13:32.000000;2016-04-16T05:13:32.000000;0dca075c-8103-464a-9c33-43df51aae9b6;432.28;1.73210031;UNKNOWN
2016-04-16T05:13:40.000000;2016-04-16T05:13:40.000000;dfcec902-2c9c-47b3-90fa-6f91145432c7;432.36;1.0;UNKNOWN
2016-04-16T05:13:40.000000;2016-04-16T05:13:40.000000;375bc4ee-1ca0-4eda-b8f8-c00394702f9c;432.29;0.25;UNKNOWN
2016-04-16T05:13:40.000000;2016-04-16T05:13:40.000000;5a41eeef-4efc-45a5-8fd6-0d6647eef3f3;432.28;1.26789969;UNKNOWN
2016-04-16T05:13:40.000000;2016-04-16T05:13:40.000000;428411df-5942-4f0a-af91-ee9cc54a8ad6;432.3;1.0;UNKNOWN
2016-04-16T05:13:40.000000;2016-04-16T05:13:40.000000;d218da76-d30b-49de-80f9-18464feaf077;432.4;1.0;UNKNOWN
2016-04-16T05:13:40.000000;2016-04-16T05:13:40.000000;1284a755-69ad-46e0-b73b-15c898d86640;432.33;0.25;UNKNOWN
2016-04-16T05:13:40.000000;2016-04-16T05:13:40.000000;28920aa7-d6d2-4a32-8033-d04bff4c7389;432.49;0.68389226;UNKNOWN
2016-04-16T05:13:40.000000;2016-04-16T05:13:40.000000;840ef052-5cbf-4e41-9167-594de980e13d;432.42;0.25;UNKNOWN
2016-04-16T05:13:40.000000;2016-04-16T05:13:40.000000;e37034f4-d50c-4775-ae8d-f78b83ded2b3;432.4;0.4;UNKNOWN
2016-04-16T05:13:46.000000;2016-04-16T05:13:46.000000;c24e4fef-c30b-4533-b870-443cf08164b2;432.49;4.17;UNKNOWN
2016-04-16T05:13:54.000000;2016-04-16T05:13:54.000000;10438adc-69e7-4f1d-9df2-8bfbec6919bf;432.48;1.9906;UNKNOWN
2016-04-16T05:14:09.000000;2016-04-16T05:14:09.000000;b230a34b-d389-4d09-a64d-ce36392b309a;432.48;1.9906;UNKNOWN
2016-04-16T05:14:23.000000;2016-04-16T05:14:23.000000;1ee04b24-8d56-4428-835e-a447c89ff78d;432.48;1.9906;UNKNOWN
2016-04-16T05:14:37.000000;2016-04-16T05:14:37.000000;0ed1f5a4-7964-461f-af34-1c8503f9d3c3;432.48;1.9906;UNKNOWN
2016-04-16T05:14:52.000000;2016-04-16T05:14:52.000000;9679f8d8-29ac-4398-9aca-28832e081573;432.48;1.9906;UNKNOWN
2016-04-16T05:15:04.000000;2016-04-16T05:15:04.000000;8cd81d4c-5101-43b8-a435-1c242f2f2bc1;432.48;0.014;UNKNOWN
2016-04-16T05:15:04.000000;2016-04-16T05:15:04.000000;b9df7225-9a81-4f38-8426-8dfe4f20e06e;432.48;0.015;UNKNOWN
2016-04-16T05:15:05.000000;2016-04-16T05:15:05.000000;00e59496-aa16-4e0e-b23c-f9c736cee409;432.48;0.012;UNKNOWN
2016-04-16T05:15:07.000000;2016-04-16T05:15:07.000000;78d42398-4e0e-4aaa-86c3-234ddf225149;432.48;1.9906;UNKNOWN
2016-04-16T05:15:14.000000;2016-04-16T05:15:14.000000;606dd84e-409b-4dae-8c29-6e14c24712a2;432.49;0.01;UNKNOWN
2016-04-16T05:15:21.000000;2016-04-16T05:15:21.000000;754fe11f-fc05-48bf-b3c7-9eaacd3e5f33;432.48;1.9906;UNKNOWN
2016-04-16T05:15:32.000000;2016-04-16T05:15:32.000000;d840b5df-3f79-42dd-a1cf-80041c91a00f;432.48;1.54947801;UNKNOWN
2016-04-16T05:15:32.000000;2016-04-16T05:15:32.000000;368a65f2-e738-4c69-8993-820902902605;432.48;0.45052199;UNKNOWN
2016-04-16T05:15:35.000000;2016-04-16T05:15:35.000000;db751768-0631-4a7d-b918-d4d796a8345c;432.48;1.9906;UNKNOWN
2016-04-16T05:15:42.000000;2016-04-16T05:15:42.000000;58a6aac5-ad4f-46cc-af3c-8a91304fd674;432.49;1.86267;UNKNOWN
2016-04-16T05:15:50.000000;2016-04-16T05:15:50.000000;5475e9b2-117d-414d-9327-ebb6550019d3;432.48;0.93264398;UNKNOWN
2016-04-16T05:15:50.000000;2016-04-16T05:15:50.000000;5621b750-1ca8-4431-a65d-571d0e4e9a1b;432.48;1.05795602;UNKNOWN
2016-04-16T05:16:01.000000;2016-04-16T05:16:01.000000;f0dc7d22-5b0e-4285-a5a5-7a481739324c;432.49;0.5;UNKNOWN
2016-04-16T05:16:04.000000;2016-04-16T05:16:04.000000;c0472dd8-e9e7-421c-a295-c2470aa5c140;432.48;1.9906;UNKNOWN
2016-04-16T05:16:04.000000;2016-04-16T05:16:04.000000;8c2a29da-8693-4489-9b22-53f32182da4f;432.48;0.1;UNKNOWN
2016-04-16T05:16:09.000000;2016-04-16T05:16:09.000000;7621fa04-437c-4899-8ce2-2129e59fec51;432.49;0.01;UNKNOWN
2016-04-16T05:16:09.000000;2016-04-16T05:16:09.000000;68b7b740-4efd-4fdc-9d25-f2c8450d1e32;432.49;2.76343774;UNKNOWN
2016-04-16T05:16:09.000000;2016-04-16T05:16:09.000000;a724d3b6-6f06-456c-9859-8c97594d5374;432.49;6.23656226;UNKNOWN
2016-04-16T05:16:19.000000;2016-04-16T05:16:19.000000;01e89107-8d06-4e4b-8428-20cf7401c0fa;432.48;1.9906;UNKNOWN
2016-04-16T05:16:23.000000;2016-04-16T05:16:23.000000;15ddf469-a8f4-4f3f-9951-89b805b60e72;432.48;0.12511149;UNKNOWN
2016-04-16T05:16:33.000000;2016-04-16T05:16:33.000000;f481e519-7acc-4ea3-bb41-b7717db898bc;432.48;1.9906;UNKNOWN
2016-04-16T05:16:49.000000;2016-04-16T05:16:49.000000;8f49ee19-aec8-48a2-ae8c-f7c3419ad4a8;432.48;1.9906;UNKNOWN
2016-04-16T05:17:03.000000;2016-04-16T05:17:03.000000;bdd395c1-9009-4c35-82c0-9478559603d7;432.48;1.81248851;UNKNOWN
2016-04-16T05:17:03.000000;2016-04-16T05:17:03.000000;3b6cf073-5a84-4e4d-a6af-c1f0181a0dc5;432.48;0.17811149;UNKNOWN
2016-04-16T05:17:17.000000;2016-04-16T05:17:17.000000;c08d81de-2a22-4a4f-9ce0-178df2c9e8e8;432.49;0.01;UNKNOWN
2016-04-16T05:17:18.000000;2016-04-16T05:17:18.000000;97f841a8-2859-4941-8623-acde550545c1;432.48;1.9906;UNKNOWN
2016-04-16T05:17:32.000000;2016-04-16T05:17:32.000000;31b1b767-bb69-49b0-81b5-118badcd8dd3;432.48;1.9906;UNKNOWN
2016-04-16T05:17:46.000000;2016-04-16T05:17:46.000000;4e65a66f-24d3-4168-935b-529f57aa5e56;432.48;1.9906;UNKNOWN
2016-04-16T05:18:01.000000;2016-04-16T05:18:01.000000;fb7d59cb-0928-4e79-a7bb-fcd8ecd94168;432.48;1.9906;UNKNOWN
2016-04-16T05:18:16.000000;2016-04-16T05:18:16.000000;ebe7763b-3df6-4be5-88aa-2c9dc5356aec;432.48;1.9906;UNKNOWN
2016-04-16T05:18:23.000000;2016-04-16T05:18:23.000000;651bf19a-ad41-49ce-8b53-360c52507a58;432.48;0.047;UNKNOWN
2016-04-16T05:18:23.000000;2016-04-16T05:18:23.000000;d35f2f23-7a7c-4a18-8e3a-42ffe4eb5b13;432.48;0.97242703;UNKNOWN
2016-04-16T05:18:28.000000;2016-04-16T05:18:28.000000;63d8ae20-0a02-4ed0-93c5-3900989ec419;432.49;1.0;UNKNOWN
2016-04-16T05:18:29.000000;2016-04-16T05:18:29.000000;743a3970-c03c-4d23-8952-4f0d906be630;432.48;1.9906;UNKNOWN
2016-04-16T05:18:34.000000;2016-04-16T05:18:34.000000;67c71339-4a16-4511-8818-26f0befbe2bc;432.48;0.5;UNKNOWN
2016-04-16T05:18:44.000000;2016-04-16T05:18:44.000000;d066e38b-147a-475c-aa65-e6168937a659;432.48;1.9906;UNKNOWN
2016-04-16T05:18:56.000000;2016-04-16T05:18:56.000000;056e8588-1d5a-47fe-9b41-0e9b3f46ef54;432.48;0.1;UNKNOWN
2016-04-16T05:18:58.000000;2016-04-16T05:18:58.000000;204b7728-9f65-41ca-ab07-a6e3aeb1984f;432.48;1.9906;UNKNOWN
2016-04-16T05:19:05.000000;2016-04-16T05:19:05.000000;99e41905-cd4d-4daa-ae97-a33cda085e07;432.48;0.12361;UNKNOWN
2016-04-16T05:19:15.000000;2016-04-16T05:19:15.000000;0473b038-fc73-4fac-ab72-9d85731e123f;432.48;1.9895;UNKNOWN
2016-04-16T05:19:21.000000;2016-04-16T05:19:21.000000;a6273e08-c148-486d-8ef2-06cc9c201598;432.48;0.5;UNKNOWN
2016-04-16T05:19:28.000000;2016-04-16T05:19:28.000000;63199e17-c21d-4862-9595-e4dc9151d0e5;432.48;1.9906;UNKNOWN
2016-04-16T05:19:44.000000;2016-04-16T05:19:44.000000;964044d5-2a2e-434e-bf68-d1f1c2ca58c9;432.48;0.67551;UNKNOWN
2016-04-16T05:19:44.000000;2016-04-16T05:19:44.000000;c6f2a2ae-e597-4275-9783-bafe89e4a279;432.48;1.31509;UNKNOWN
2016-04-16T05:20:02.000000;2016-04-16T05:20:02.000000;33648321-285c-4e39-b06e-c73ad02e9c56;432.48;1.9906;UNKNOWN
2016-04-16T05:20:16.000000;2016-04-16T05:20:16.000000;26be1239-bfea-4cc3-8302-9ef4aff995ab;432.48;1.9906;UNKNOWN
2016-04-16T05:20:31.000000;2016-04-16T05:20:31.000000;cd451c18-8c33-4d5a-91b5-25571e7343fa;432.48;1.9906;UNKNOWN
2016-04-16T05:20:46.000000;2016-04-16T05:20:46.000000;6bc03071-21fa-4236-8ef6-a168330d7d79;432.48;1.9906;UNKNOWN
2016-04-16T05:20:59.000000;2016-04-16T05:20:59.000000;65b9608b-0f90-470f-a760-102c5bf0def1;432.48;1.9906;UNKNOWN
2016-04-16T05:21:15.000000;2016-04-16T05:21:15.000000;252eb8ce-3bca-4bea-8fc6-ed153f27d274;432.47;0.174;UNKNOWN
2016-04-16T05:21:15.000000;2016-04-16T05:21:15.000000;b88d0bf1-ad27-456c-bf9c-0d247b3dc256;432.28;0.231;UNKNOWN
2016-04-16T05:21:15.000000;2016-04-16T05:21:15.000000;a7d40b2e-49a0-40ae-9aea-ed9a447a89ca;432.26;1.04593882;UNKNOWN
2016-04-16T05:21:15.000000;2016-04-16T05:21:15.000000;a20efd3f-df08-4455-8502-79c29d738e53;432.48;0.047;UNKNOWN
2016-04-16T05:21:15.000000;2016-04-16T05:21:15.000000;632f43f7-b3ea-4ae8-9f81-c5b094a2b84e;432.48;0.49266118;UNKNOWN
2016-04-16T05:22:36.000000;2016-04-16T05:22:36.000000;a8414490-d6a1-4d27-934e-76364ae8ba73;432.49;3.5;UNKNOWN
2016-04-16T05:25:14.000000;2016-04-16T05:25:14.000000;5ee2c9d3-7fec-468d-89fe-dfff7b3b6661;432.49;1.5125;UNKNOWN
2016-04-16T05:28:04.000000;2016-04-16T05:28:04.000000;78b4f42d-e582-40a1-a172-482555857b28;432.49;0.03504743;UNKNOWN
2016-04-16T05:30:31.000000;2016-04-16T05:30:31.000000;5c3cae83-6f4d-484a-8f2e-0102aa5573d4;432.48;0.68716169;UNKNOWN
2016-04-16T05:31:10.000000;2016-04-16T05:31:10.000000;c49cd184-903e-4ce3-a982-5b5db2eccaa8;432.49;0.9476;UNKNOWN
2016-04-16T05:34:07.000000;2016-04-16T05:34:07.000000;3e194ad4-b3cd-483b-bedb-a4bb10143005;432.49;0.01;UNKNOWN
2016-04-16T05:34:09.000000;2016-04-16T05:34:09.000000;99fe1020-d9c6-48ab-a087-da44bcf6542e;432.48;6.20875072;UNKNOWN
2016-04-16T05:35:12.000000;2016-04-16T05:35:12.000000;ff28a8e2-c08e-4d41-bc3e-9e8515ac1de1;432.48;0.83252684;UNKNOWN
2016-04-16T05:35:12.000000;2016-04-16T05:35:12.000000;a44b2070-300a-477e-8eca-f2eaf6e9fa29;432.48;3.10408759;UNKNOWN
2016-04-16T05:35:12.000000;2016-04-16T05:35:12.000000;89ded38f-4edc-4e85-b7a2-8a0122b87066;432.39;8.38338557;UNKNOWN
2016-04-16T05:35:38.000000;2016-04-16T05:35:38.000000;d78dee2a-e107-4247-9552-573f8735ac14;432.49;3.0;UNKNOWN
2016-04-16T05:38:32.000000;2016-04-16T05:38:32.000000;0ba8c7ea-d18a-42cc-a854-b40bebfe20ec;432.49;1.45;UNKNOWN
2016-04-16T05:39:33.000000;2016-04-16T05:39:33.000000;b7bf023e-7160-44a5-a147-d7f2730a8afb;432.48;0.07197283;UNKNOWN
2016-04-16T05:39:52.000000;2016-04-16T05:39:52.000000;e29a9093-92e9-4b34-bfbe-b7af17e106ee;432.46;0.01;UNKNOWN
2016-04-16T05:39:54.000000;2016-04-16T05:39:54.000000;9c4f7c9b-8ad0-4bc3-80b7-2abc063ae239;432.42;0.43671337;UNKNOWN
2016-04-16T05:39:54.000000;2016-04-16T05:39:54.000000;a85aae56-96b5-453d-81f7-31afccebaf4a;432.42;0.058;UNKNOWN
2016-04-16T05:40:33.000000;2016-04-16T05:40:33.000000;191f6bef-fd15-4d12-b771-f9429532ae7e;432.24;0.36;UNKNOWN
2016-04-16T05:40:57.000000;2016-04-16T05:40:57.000000;14220b37-ccd9-42bc-aa79-d1f8a62529b1;432.24;6.5384;UNKNOWN
2016-04-16T05:40:57.000000;2016-04-16T05:40:57.000000;1e8d8784-42c1-44cf-a079-eae15e0fd172;431.77;1.4616;UNKNOWN
2016-04-16T05:41:06.000000;2016-04-16T05:41:06.000000;60c379b2-1e6c-42b0-8303-d9fad3ee200f;432.24;4.0;UNKNOWN
2016-04-16T05:43:29.000000;2016-04-16T05:43:29.000000;13ba85c4-589f-4621-9092-24a7387fbbc5;431.69;8.99;UNKNOWN
2016-04-16T05:44:04.000000;2016-04-16T05:44:04.000000;1f76f820-8bd2-467a-9548-73bb5f4c40b5;431.99;1.0;UNKNOWN
2016-04-16T05:45:19.000000;2016-04-16T05:45:19.000000;719d6836-aa99-44ae-bd03-de0b288f43f8;432.0;0.99556045;UNKNOWN
2016-04-16T05:49:09.000000;2016-04-16T05:49:09.000000;9d4de47b-ea11-4347-88b3-aa0476d7ff75;431.99;0.20071417;UNKNOWN
2016-04-16T05:56:23.000000;2016-04-16T05:56:23.000000;c7659528-a7f8-4c6b-9b03-374ef638b432;431.99;1.85560601;UNKNOWN
2016-04-16T05:56:32.000000;2016-04-16T05:56:32.000000;8f19bcc5-28c3-43ee-be1c-869953b9662b;431.99;2.318;UNKNOWN
2016-04-16T05:57:05.000000;2016-04-16T05:57:05.000000;554fbfe6-b2d9-4ad9-b679-be7072e648ef;431.99;0.258827;UNKNOWN
2016-04-16T05:57:43.000000;2016-04-16T05:57:43.000000;db755697-968d-43c2-9b5e-2cce0c4e2e64;431.99;0.02435482;UNKNOWN
2016-04-16T05:59:37.000000;2016-04-16T05:59:37.000000;cefd28d9-f7f1-479d-b157-a68954f3de0c;431.99;1.1;UNKNOWN
2016-04-16T06:05:11.000000;2016-04-16T06:05:11.000000;bfca14aa-9668-400c-8b32-8c215c6b2825;432.0;0.98148148;UNKNOWN
2016-04-16T06:06:31.000000;2016-04-16T06:06:31.000000;6bf55b89-fba8-444d-8a96-983ff624c7c7;431.99;0.4;UNKNOWN
2016-04-16T06:07:30.000000;2016-04-16T06:07:30.000000;dbcbc763-c2a9-4dd4-8e08-7a165dc444b2;431.99;0.1;UNKNOWN
2016-04-16T06:11:00.000000;2016-04-16T06:11:00.000000;d2a315e0-3eab-47c2-82c2-769cf9f0f40d;432.0;1.86051;UNKNOWN
2016-04-16T06:11:30.000000;2016-04-16T06:11:30.000000;d64fa1b5-a4c0-439a-a2bb-c84b0552a50d;432.0;0.697691;UNKNOWN
2016-04-16T06:11:34.000000;2016-04-16T06:11:34.000000;380c5f30-7b88-4377-9b10-f4008de20e27;432.0;1.39538;UNKNOWN
2016-04-16T06:16:17.000000;2016-04-16T06:16:17.000000;eeafbebf-4349-4ce2-bd1a-afeace3558d4;432.0;81.0;UNKNOWN
2016-04-16T06:18:25.000000;2016-04-16T06:18:25.000000;d17c6c6e-c96a-404c-8c5e-f7ab13f05b29;432.0;25.0;UNKNOWN
2016-04-16T06:22:07.000000;2016-04-16T06:22:07.000000;7c5373f9-9db3-4d99-989e-00176a530e0b;431.99;0.04407064;UNKNOWN
2016-04-16T06:22:14.000000;2016-04-16T06:22:14.000000;b789fca5-ce95-4453-8bd6-63dc1cf20fa2;432.5;41.90234044;UNKNOWN
2016-04-16T06:22:14.000000;2016-04-16T06:22:14.000000;576df871-bf89-4362-8d20-b49d6b3ed035;432.49;0.25;UNKNOWN
2016-04-16T06:22:14.000000;2016-04-16T06:22:14.000000;c465d15c-1b01-44fd-9acc-0427f3630178;432.49;7.13;UNKNOWN
2016-04-16T06:22:14.000000;2016-04-16T06:22:14.000000;b4493e83-6373-4128-9814-1ff58cdb42d1;432.49;0.5;UNKNOWN
2016-04-16T06:22:14.000000;2016-04-16T06:22:14.000000;efd090af-9326-40b5-98da-bc14d3d8d61c;432.27;0.5;UNKNOWN
2016-04-16T06:22:14.000000;2016-04-16T06:22:14.000000;ed6468ed-7013-4a57-aff6-ce9158bafc54;432.18;6.8785;UNKNOWN
2016-04-16T06:22:14.000000;2016-04-16T06:22:14.000000;bcc478fa-d6fa-488e-afe4-5b8e73e5e5ff;432.49;7.28829031;UNKNOWN
2016-04-16T06:22:14.000000;2016-04-16T06:22:14.000000;36271afb-2dd8-487b-b3ad-dff2f2a880cf;432.0;38.06937707;UNKNOWN
2016-04-16T06:22:14.000000;2016-04-16T06:22:14.000000;8a5ea941-8217-492c-b7f7-7908827a1e79;432.4;1.0;UNKNOWN
2016-04-16T06:22:14.000000;2016-04-16T06:22:14.000000;4c6d6f34-f631-4b38-96d4-b242602c0e83;432.0;0.1733;UNKNOWN
2016-04-16T06:22:14.000000;2016-04-16T06:22:14.000000;c21355ff-6f5f-47ee-b078-5a4feac3aeb8;432.48;0.5;UNKNOWN
2016-04-16T06:22:14.000000;2016-04-16T06:22:14.000000;4c644670-ca45-463f-922a-03815694ef5c;432.2;1.22772211;UNKNOWN
2016-04-16T06:22:14.000000;2016-04-16T06:22:14.000000;79dfdbe2-44e7-47be-8638-7f0e6d8ff823;432.48;1.32802717;UNKNOWN
2016-04-16T06:22:21.000000;2016-04-16T06:22:21.000000;6c3a768c-5d08-4ed4-ba98-a78a07bfc66a;432.5;0.2;UNKNOWN
2016-04-16T06:22:21.000000;2016-04-16T06:22:21.000000;26bb9f53-2312-4a90-a407-d97fc26e9d87;432.54;0.25;UNKNOWN
2016-04-16T06:22:21.000000;2016-04-16T06:22:21.000000;48eabae9-8d8c-4327-b268-ba6b1d1f1eaf;432.54;0.25;UNKNOWN
2016-04-16T06:22:21.000000;2016-04-16T06:22:21.000000;f29adcc6-384f-47b1-b676-7793ff79fee9;432.55;9.84673938;UNKNOWN
2016-04-16T06:22:21.000000;2016-04-16T06:22:21.000000;05045213-e667-4ca9-9d1c-b17c7af461ef;432.5;0.2;UNKNOWN
2016-04-16T06:22:21.000000;2016-04-16T06:22:21.000000;de7439b0-9bcf-4c45-8270-96e8c248fb86;432.5;8.09765956;UNKNOWN
2016-04-16T06:22:21.000000;2016-04-16T06:22:21.000000;deb2c28e-5b4f-4011-8206-b6f674beb7ac;432.55;5.0;UNKNOWN
2016-04-16T06:22:34.000000;2016-04-16T06:22:34.000000;619b7578-fa65-4146-a820-9d4a0f89242e;432.54;0.05;UNKNOWN
2016-04-16T06:22:39.000000;2016-04-16T06:22:39.000000;29bd8ad0-0092-4bac-9d00-884eb95932ff;432.54;0.66853523;UNKNOWN
2016-04-16T06:22:41.000000;2016-04-16T06:22:41.000000;cb2c9a59-717a-45d1-9b84-7506f2c9a11b;432.89;0.25;UNKNOWN
2016-04-16T06:22:41.000000;2016-04-16T06:22:41.000000;e2c494f9-1804-49f6-8bbe-11847ae7df9e;432.63;0.25;UNKNOWN
2016-04-16T06:22:41.000000;2016-04-16T06:22:41.000000;fb79211c-c1a7-4a69-96b6-152e7077077a;432.58;0.25;UNKNOWN
2016-04-16T06:22:41.000000;2016-04-16T06:22:41.000000;7b61c84c-ca07-450a-ad1e-1dd34ae41e6b;432.77;0.25;UNKNOWN
2016-04-16T06:22:41.000000;2016-04-16T06:22:41.000000;30e8aa6b-cdfa-47f8-96fe-ea00f286ca79;432.55;0.07194891;UNKNOWN
2016-04-16T06:22:41.000000;2016-04-16T06:22:41.000000;8d21ac73-abb2-4e9f-ba68-761e4cda923e;432.7;3.62;UNKNOWN
2016-04-16T06:22:41.000000;2016-04-16T06:22:41.000000;c9133161-aa05-487f-a0b9-f8c9b8688911;432.55;1.08131171;UNKNOWN
2016-04-16T06:22:41.000000;2016-04-16T06:22:41.000000;1b9a2bf8-cc9a-4fb5-bc58-148d67332453;432.96;0.25;UNKNOWN
2016-04-16T06:22:41.000000;2016-04-16T06:22:41.000000;fa30368c-1de4-4d95-a401-84fe370e3efd;432.97;0.25;UNKNOWN
2016-04-16T06:22:41.000000;2016-04-16T06:22:41.000000;da22ae6f-56d0-4e24-9f93-8332d3913e65;432.97;0.25;UNKNOWN
2016-04-16T06:22:41.000000;2016-04-16T06:22:41.000000;c52e23d4-6f90-4eff-8db3-bb646f6d695a;432.99;10.0;UNKNOWN
2016-04-16T06:22:41.000000;2016-04-16T06:22:41.000000;dc15cbb2-6c0d-40a0-936a-256d0710559d;432.6;0.04;UNKNOWN
2016-04-16T06:22:41.000000;2016-04-16T06:22:41.000000;0217241a-04a6-41b4-bc6d-c90f38ceaf64;432.74;0.069464;UNKNOWN
2016-04-16T06:22:41.000000;2016-04-16T06:22:41.000000;08349230-fd9f-44af-8947-2db6dcaf3c53;432.99;0.22274757;UNKNOWN
2016-04-16T06:22:41.000000;2016-04-16T06:22:41.000000;fa3cb14d-182f-4036-bb5d-d5c3bdc25359;432.95;0.25;UNKNOWN
2016-04-16T06:22:41.000000;2016-04-16T06:22:41.000000;4446a59b-6a9c-43fd-bc3a-d94594bba20e;432.8;0.25;UNKNOWN
2016-04-16T06:22:41.000000;2016-04-16T06:22:41.000000;855dd7b1-c196-4da8-bd91-e8d7c9e28639;432.6;0.25;UNKNOWN
2016-04-16T06:22:41.000000;2016-04-16T06:22:41.000000;336b10de-1a6f-474f-9c0c-0feb166e53a0;432.7;0.25;UNKNOWN
2016-04-16T06:22:41.000000;2016-04-16T06:22:41.000000;2292cab9-aabf-438f-9afb-7bd1cdff53b4;432.88;0.5962;UNKNOWN
2016-04-16T06:22:41.000000;2016-04-16T06:22:41.000000;52e73ef5-4e47-4415-9f91-f01045cee318;432.77;0.5;UNKNOWN
2016-04-16T06:22:41.000000;2016-04-16T06:22:41.000000;d679dec9-4701-40ce-9d07-ba96e408f549;432.73;0.01941825;UNKNOWN
2016-04-16T06:22:51.000000;2016-04-16T06:22:51.000000;76e13a93-dfcb-4c80-b0a9-161130e2251e;432.99;3.0;UNKNOWN
2016-04-16T06:22:51.000000;2016-04-16T06:22:51.000000;9f2e1747-efe6-498e-9241-4f248e9be667;432.99;1.0;UNKNOWN
2016-04-16T06:22:52.000000;2016-04-16T06:22:52.000000;43e09d95-d923-489a-b874-b02717f34df2;432.99;0.04341649;UNKNOWN
2016-04-16T06:22:52.000000;2016-04-16T06:22:52.000000;12ad5713-4bb1-4b06-a116-c723f2fc8179;432.99;10.0;UNKNOWN
2016-04-16T06:22:52.000000;2016-04-16T06:22:52.000000;2611f59b-6ee9-4daa-9102-36b1dc74d8f0;432.99;0.04495902;UNKNOWN
2016-04-16T06:22:52.000000;2016-04-16T06:22:52.000000;f792d3db-8722-47ee-bc90-2e3a30909701;432.99;0.02;UNKNOWN
2016-04-16T06:23:09.000000;2016-04-16T06:23:09.000000;c5f6549d-8a05-4192-b03e-8f688294d893;432.99;3.0;UNKNOWN
2016-04-16T06:23:12.000000;2016-04-16T06:23:12.000000;4c7c11e0-1770-4c10-8a84-2dd65ff9e2a4;432.99;2.0;UNKNOWN
2016-04-16T06:23:22.000000;2016-04-16T06:23:22.000000;a16d71f0-63da-4685-933b-c07bbb072f2d;432.99;0.01;UNKNOWN
2016-04-16T06:23:31.000000;2016-04-16T06:23:31.000000;30f6f9b4-3008-48bb-b81f-d1553447a341;433.08;6.87;UNKNOWN
2016-04-16T06:23:31.000000;2016-04-16T06:23:31.000000;fa5ea99f-4a57-41ff-be6c-73b0f0c781bc;433.0;0.67;UNKNOWN
2016-04-16T06:23:31.000000;2016-04-16T06:23:31.000000;1d694540-c489-44a7-a6b8-750699f528b0;433.0;0.3;UNKNOWN
2016-04-16T06:23:31.000000;2016-04-16T06:23:31.000000;144e4a63-4f36-4e8f-9724-f1ef1fcfbb0f;433.07;0.18083624;UNKNOWN
2016-04-16T06:23:31.000000;2016-04-16T06:23:31.000000;47169426-d954-46b4-aaa7-f0d5b6b807de;433.0;0.25;UNKNOWN
2016-04-16T06:23:31.000000;2016-04-16T06:23:31.000000;05fd042d-1ab5-47f1-864f-4b2a039fec7c;433.0;1.0;UNKNOWN
2016-04-16T06:23:31.000000;2016-04-16T06:23:31.000000;a14240d3-c54d-44c8-aa19-e089cabaf2fc;433.0;0.18886655;UNKNOWN
2016-04-16T06:23:31.000000;2016-04-16T06:23:31.000000;4367a9fd-e72e-4b48-82db-749c022302b6;433.0;0.1;UNKNOWN
2016-04-16T06:23:31.000000;2016-04-16T06:23:31.000000;55e89e95-10dc-4d23-87f9-d27b52689662;433.09;0.2;UNKNOWN
2016-04-16T06:23:31.000000;2016-04-16T06:23:31.000000;c3b88bf6-040d-4aa5-999b-81eb64780dd2;433.0;0.012475;UNKNOWN
2016-04-16T06:23:31.000000;2016-04-16T06:23:31.000000;83178ada-b69c-437a-aae0-18eed1ff3910;433.0;0.3;UNKNOWN
2016-04-16T06:23:31.000000;2016-04-16T06:23:31.000000;b0a3dff1-3c9f-4320-89e1-5b1101936216;433.0;0.1;UNKNOWN
2016-04-16T06:23:31.000000;2016-04-16T06:23:31.000000;6f03eeea-659b-4db7-8a8c-53068253c4f4;433.0;1.0;UNKNOWN
2016-04-16T06:23:31.000000;2016-04-16T06:23:31.000000;53cd6ae2-5fdc-4ba2-8412-18050dc27473;433.0;0.01;UNKNOWN
2016-04-16T06:23:31.000000;2016-04-16T06:23:31.000000;8226156d-9753-4aaa-b54f-ec74e779297f;432.99;5.64887692;UNKNOWN
2016-04-16T06:23:31.000000;2016-04-16T06:23:31.000000;c6f31882-0b0e-4256-ad36-2c609ed6ce44;433.0;1.0;UNKNOWN
2016-04-16T06:23:31.000000;2016-04-16T06:23:31.000000;1eb62875-cb6d-441e-b282-feec40974ebf;433.0;49.99;UNKNOWN
2016-04-16T06:23:31.000000;2016-04-16T06:23:31.000000;c6752953-00f9-4789-832b-34e23c1e4f2c;433.17;0.5;UNKNOWN
2016-04-16T06:23:31.000000;2016-04-16T06:23:31.000000;5aa86b24-460c-469e-abf8-3cf6884e1465;433.09;0.25;UNKNOWN
2016-04-16T06:23:31.000000;2016-04-16T06:23:31.000000;b72647f7-a17e-492f-a039-4da6af55ac4e;433.8;1.0;UNKNOWN
2016-04-16T06:23:31.000000;2016-04-16T06:23:31.000000;203a91b7-98aa-41f1-aaad-8855bed0cb00;433.49;0.25;UNKNOWN
2016-04-16T06:23:31.000000;2016-04-16T06:23:31.000000;9f1c4bf3-444b-488a-8c1f-f2f7ed136b70;433.1;50.0;UNKNOWN
2016-04-16T06:23:31.000000;2016-04-16T06:23:31.000000;3888a712-adcb-4fce-a0b2-13205fec9522;433.85;1.57894529;UNKNOWN
2016-04-16T06:23:31.000000;2016-04-16T06:23:31.000000;9e4d103a-3b61-473c-a554-a5045faf7f40;433.83;2.0;UNKNOWN
2016-04-16T06:23:31.000000;2016-04-16T06:23:31.000000;7484ec3b-cba5-4a82-8b43-b44c0656b6f0;433.74;1.0;UNKNOWN
2016-04-16T06:23:31.000000;2016-04-16T06:23:31.000000;a9fd58cd-1b72-44b6-b833-954f00dc1bf5;433.42;0.25;UNKNOWN
2016-04-16T06:23:31.000000;2016-04-16T06:23:31.000000;bcf51173-6fcb-43eb-9efc-0f66692e62f3;433.46;0.1;UNKNOWN
2016-04-16T06:23:31.000000;2016-04-16T06:23:31.000000;1e520428-4e00-42be-8af4-e27300a725a8;433.33;0.01;UNKNOWN
2016-04-16T06:23:31.000000;2016-04-16T06:23:31.000000;d981bf65-bff6-4e22-af5e-6ee6a9177b44;433.2;0.25;UNKNOWN
2016-04-16T06:23:31.000000;2016-04-16T06:23:31.000000;3a89613a-7ef6-4830-b145-5d39b90b3c17;433.49;24.99;UNKNOWN
2016-04-16T06:23:33.000000;2016-04-16T06:23:33.000000;fbf33a59-3664-4d9c-8b8d-46bbcb31faee;433.88;6.25;UNKNOWN
2016-04-16T06:23:33.000000;2016-04-16T06:23:33.000000;2d66761d-526d-46b9-8256-62ff94db8239;433.99;2.0;UNKNOWN
2016-04-16T06:23:33.000000;2016-04-16T06:23:33.000000;b531b861-c1c6-4b8e-989a-7aa243bbfa8e;433.99;9.0;UNKNOWN
2016-04-16T06:23:33.000000;2016-04-16T06:23:33.000000;a0027782-a3bc-42e9-ac23-6edb7a9b073b;433.97;0.9;UNKNOWN
2016-04-16T06:23:33.000000;2016-04-16T06:23:33.000000;1ef232d5-670a-4f45-9caf-ddd848bf69f6;433.99;6.46180953;UNKNOWN
2016-04-16T06:23:33.000000;2016-04-16T06:23:33.000000;b2a4946b-3999-4cd2-89b1-b4f1ef548261;433.97;0.66180953;UNKNOWN
2016-04-16T06:23:33.000000;2016-04-16T06:23:33.000000;dc375afa-5fa4-47d9-af9a-6e129fb9f0a9;433.97;3.53819047;UNKNOWN
2016-04-16T06:23:33.000000;2016-04-16T06:23:33.000000;05405433-c5f9-4621-9fb0-adc8fd6f977f;433.97;1.35;UNKNOWN
2016-04-16T06:23:33.000000;2016-04-16T06:23:33.000000;e1a97e73-02b2-49f0-9d8c-fe40136db6eb;433.97;3.0;UNKNOWN
2016-04-16T06:23:33.000000;2016-04-16T06:23:33.000000;af9c8c78-9caf-4fab-9efd-aeaa2d75e226;433.99;2.0;UNKNOWN
2016-04-16T06:23:36.000000;2016-04-16T06:23:36.000000;b291892a-0640-4759-a47b-de604507db63;433.99;1.5;UNKNOWN
2016-04-16T06:23:39.000000;2016-04-16T06:23:39.000000;7cb522bc-b024-47f7-be90-e0da0b4fc62b;434.0;1.0;UNKNOWN
2016-04-16T06:23:39.000000;2016-04-16T06:23:39.000000;86bf1e44-52ad-4872-8f5f-06ce825ad2b9;433.99;0.5;UNKNOWN
2016-04-16T06:23:39.000000;2016-04-16T06:23:39.000000;3f12c364-87e5-4941-a2a2-bac9f073a180;434.0;0.1;UNKNOWN
2016-04-16T06:23:39.000000;2016-04-16T06:23:39.000000;0d8e6849-a78e-4134-8af7-5fd7e67781b4;434.0;0.2;UNKNOWN
2016-04-16T06:23:39.000000;2016-04-16T06:23:39.000000;e57277c1-17c4-4f96-9a12-3a42746be4eb;434.0;9.17180953;UNKNOWN
2016-04-16T06:23:39.000000;2016-04-16T06:23:39.000000;411f06e7-b395-4172-88a2-fcb0f6f0b938;434.0;0.5;UNKNOWN
2016-04-16T06:23:39.000000;2016-04-16T06:23:39.000000;cd5daa39-6376-438d-a08a-e8e8472dbe23;433.99;3.52819047;UNKNOWN
2016-04-16T06:23:39.000000;2016-04-16T06:23:39.000000;60accc23-dc67-40a7-b119-99430ec7a23e;434.0;0.1;UNKNOWN
2016-04-16T06:23:39.000000;2016-04-16T06:23:39.000000;f1ebed03-3ef5-4f00-ad38-e57723f5cee6;434.0;1.0;UNKNOWN
2016-04-16T06:23:39.000000;2016-04-16T06:23:39.000000;1336f398-5c93-4906-a72a-41490005b01d;434.0;0.4;UNKNOWN
2016-04-16T06:23:40.000000;2016-04-16T06:23:40.000000;7917a645-1484-405d-8e88-c1eaeaf3c744;434.0;9.0;UNKNOWN
2016-04-16T06:23:50.000000;2016-04-16T06:23:50.000000;652143bc-9a77-4180-935c-76aa6ace49be;434.0;2.7;UNKNOWN
2016-04-16T06:23:50.000000;2016-04-16T06:23:50.000000;7bbe5ece-38fd-4c9e-9b12-b1902bca8a1f;434.0;4.12819047;UNKNOWN
2016-04-16T06:23:50.000000;2016-04-16T06:23:50.000000;7640b381-3871-44b9-bc24-0a9af6e973de;434.0;6.40466153;UNKNOWN
2016-04-16T06:23:51.000000;2016-04-16T06:23:51.000000;96f6c12c-3446-4957-a04d-2b9a49bc0273;433.99;12.5;UNKNOWN
2016-04-16T06:24:04.000000;2016-04-16T06:24:04.000000;09da9df3-caea-4a71-a53f-8da6566e2e9f;433.99;0.015;UNKNOWN
2016-04-16T06:24:05.000000;2016-04-16T06:24:05.000000;eb4e6e2c-1724-4aa0-b64b-99e2a5617e16;433.53;0.05;UNKNOWN
2016-04-16T06:24:08.000000;2016-04-16T06:24:08.000000;bc11f3bf-f3c9-40bf-a3fa-dbd8d26aaf32;433.53;0.013;UNKNOWN
2016-04-16T06:24:16.000000;2016-04-16T06:24:16.000000;c4a6df63-02cb-401a-9de5-fa8c4f15fbd9;433.8;6.8575;UNKNOWN
2016-04-16T06:24:57.000000;2016-04-16T06:24:57.000000;c8a221cb-7205-4ad7-b024-48ff1665d32b;433.79;1.0;UNKNOWN
2016-04-16T06:25:05.000000;2016-04-16T06:25:05.000000;7f63906b-881a-4889-bb66-fb0c7282c36f;433.78;0.014;UNKNOWN
2016-04-16T06:25:05.000000;2016-04-16T06:25:05.000000;e3110b37-a0bf-4246-9465-d4f47973cc27;433.78;0.015;UNKNOWN
2016-04-16T06:25:09.000000;2016-04-16T06:25:09.000000;554dfb85-3ba3-43a9-bfce-a5fc119e6051;433.78;0.012;UNKNOWN
2016-04-16T06:25:11.000000;2016-04-16T06:25:11.000000;ac65333e-224c-4020-8c8d-6c241ad9e3bf;433.78;0.013;UNKNOWN
2016-04-16T06:25:19.000000;2016-04-16T06:25:19.000000;d8eb08d7-e7d6-47c3-917a-3fbde6c970a0;433.79;5.855;UNKNOWN
2016-04-16T06:25:39.000000;2016-04-16T06:25:39.000000;d65a29bb-97c0-4dcd-bbd8-4e113c775c26;433.99;0.1;UNKNOWN
2016-04-16T06:26:05.000000;2016-04-16T06:26:05.000000;419b03c9-8c6a-4f54-b7d1-06b952af1f2d;433.6;0.014;UNKNOWN
2016-04-16T06:26:08.000000;2016-04-16T06:26:08.000000;a59b5b9a-8ff0-4069-9c4a-435e6b6c0b05;433.6;0.012;UNKNOWN
2016-04-16T06:28:10.000000;2016-04-16T06:28:10.000000;0e49e8d3-447a-44fe-870d-69edeaff6da4;433.83;0.04733538;UNKNOWN
2016-04-16T06:28:17.000000;2016-04-16T06:28:17.000000;9aaba008-e6c8-4db5-8aaa-ba736a9f17f6;433.83;0.04780873;UNKNOWN
2016-04-16T06:28:17.000000;2016-04-16T06:28:17.000000;275cb701-6f99-448b-b3d3-4d39afee094b;433.83;6.81266462;UNKNOWN
2016-04-16T06:28:20.000000;2016-04-16T06:28:20.000000;35cfa77a-ddc0-48bf-a88d-dfd14c469437;433.83;0.06860474;UNKNOWN
2016-04-16T06:28:38.000000;2016-04-16T06:28:38.000000;d45e58d6-6501-482a-9b72-90c2ae2635c7;433.99;0.01;UNKNOWN
2016-04-16T06:28:39.000000;2016-04-16T06:28:39.000000;56a142cf-be9a-491f-963e-d6827acbd791;433.99;0.1;UNKNOWN
2016-04-16T06:28:45.000000;2016-04-16T06:28:45.000000;9bc8da7e-2dd2-4ebd-9074-df298740e99a;433.98;0.02892;UNKNOWN
2016-04-16T06:28:59.000000;2016-04-16T06:28:59.000000;5a9a4135-1e7c-4c58-b414-74bb81188623;433.99;2.254;UNKNOWN
2016-04-16T06:29:10.000000;2016-04-16T06:29:10.000000;eea44984-822f-4d38-867c-977d49d4bd22;433.99;12.5;UNKNOWN
2016-04-16T06:29:38.000000;2016-04-16T06:29:38.000000;738c9086-5ab9-47ce-9a28-edcb754db337;434.0;0.23;UNKNOWN
2016-04-16T06:29:38.000000;2016-04-16T06:29:38.000000;02228d47-bc26-4d04-a5c8-4439b59d8937;434.0;0.1;UNKNOWN
2016-04-16T06:30:00.000000;2016-04-16T06:30:00.000000;17a73cd4-c4f6-471c-bc70-49cd0247bf12;434.0;10.0;UNKNOWN
2016-04-16T06:30:05.000000;2016-04-16T06:30:05.000000;21aaa161-ae92-4542-80ee-7bbebda02d84;433.99;0.0319822;UNKNOWN
2016-04-16T06:30:06.000000;2016-04-16T06:30:06.000000;1b453edc-8d97-4a6b-b4e4-172dc9242f0f;433.99;0.015;UNKNOWN
2016-04-16T06:30:13.000000;2016-04-16T06:30:13.000000;97706083-9687-4721-8456-4a1f4dcd4248;434.0;0.1;UNKNOWN
2016-04-16T06:30:40.000000;2016-04-16T06:30:40.000000;07654e93-5fe7-44d2-b1ce-3bc1bad3e3ee;434.0;1.0;UNKNOWN
2016-04-16T06:30:41.000000;2016-04-16T06:30:41.000000;bf6e1b67-2bb7-476a-8314-2d180ded16ac;434.0;1.0;UNKNOWN
2016-04-16T06:30:46.000000;2016-04-16T06:30:46.000000;123000c5-6887-457d-97f8-b1739ff03531;433.99;5.0;UNKNOWN
2016-04-16T06:30:48.000000;2016-04-16T06:30:48.000000;ce74a619-0519-4182-8121-5de4e0e857f8;433.99;5.94632493;UNKNOWN
2016-04-16T06:30:50.000000;2016-04-16T06:30:50.000000;14b308c7-b185-4b0e-8c40-241e63c9179a;434.0;0.05;UNKNOWN
2016-04-16T06:30:59.000000;2016-04-16T06:30:59.000000;70334fae-5b55-4d14-92c0-e955d0fc510b;433.96;1.0;UNKNOWN
2016-04-16T06:31:12.000000;2016-04-16T06:31:12.000000;5ad9f01e-f557-4af0-970f-ed370b94c6f2;433.95;2.0;UNKNOWN
2016-04-16T06:31:21.000000;2016-04-16T06:31:21.000000;b402ce23-1ff3-4716-be50-46cc5f199244;433.99;0.0251;UNKNOWN
2016-04-16T06:31:28.000000;2016-04-16T06:31:28.000000;f99a5409-51b2-4279-8af9-e6d01b1ca669;434.0;1.0;UNKNOWN
2016-04-16T06:31:35.000000;2016-04-16T06:31:35.000000;64a2b672-b8d2-4607-9bfd-b84b1f94f928;433.99;0.06933;UNKNOWN
2016-04-16T06:31:40.000000;2016-04-16T06:31:40.000000;645ee8e1-4707-40ee-af0c-0f9c44b6cef9;434.0;3.0;UNKNOWN
2016-04-16T06:32:58.000000;2016-04-16T06:32:58.000000;762ea994-4ca6-4ac8-ab7a-ef14f17e4afd;433.96;2.0;UNKNOWN
2016-04-16T06:34:12.000000;2016-04-16T06:34:12.000000;889bb54e-42ea-4644-8935-d8c15cfe2ce7;434.0;0.05;UNKNOWN
2016-04-16T06:34:25.000000;2016-04-16T06:34:25.000000;23e362e8-2fac-4efd-b498-44bf63c6f0e5;434.0;0.1;UNKNOWN
2016-04-16T06:34:51.000000;2016-04-16T06:34:51.000000;91d48059-c22a-4d7d-8834-3606c671e40e;434.0;0.01;UNKNOWN
2016-04-16T06:34:57.000000;2016-04-16T06:34:57.000000;9e202f46-7759-409c-9f89-ff4c6d766a00;434.0;0.01;UNKNOWN
2016-04-16T06:34:59.000000;2016-04-16T06:34:59.000000;1425335f-d831-41f9-a58f-dc1173be944c;434.0;0.57690405;UNKNOWN
2016-04-16T06:35:37.000000;2016-04-16T06:35:37.000000;acb6c2e2-34bf-4087-b5e5-ae6aea595c38;434.0;0.01;UNKNOWN
2016-04-16T06:35:57.000000;2016-04-16T06:35:57.000000;9ec8139b-e225-41b1-be4d-9cbe878e1238;434.0;3.0;UNKNOWN
2016-04-16T06:37:33.000000;2016-04-16T06:37:33.000000;56fd026d-ce6b-4c53-9111-dc0f0d88733e;434.0;10.0;UNKNOWN
2016-04-16T06:39:35.000000;2016-04-16T06:39:35.000000;50a7c34c-bfc7-483f-8985-2436f1e7040f;433.99;0.23088183;UNKNOWN
2016-04-16T06:39:54.000000;2016-04-16T06:39:54.000000;990eff61-fee7-4aa8-b409-ea4ea36d0d21;434.0;13.34843442;UNKNOWN
2016-04-16T06:39:54.000000;2016-04-16T06:39:54.000000;7243a18b-5c02-4c31-81b2-ab0a4885a5d7;434.0;36.65156558;UNKNOWN
2016-04-16T06:39:57.000000;2016-04-16T06:39:57.000000;ba79384d-07c2-4623-ac5f-d9df61af0a32;434.0;0.1;UNKNOWN
2016-04-16T06:40:51.000000;2016-04-16T06:40:51.000000;5fd8ccb5-6648-4bcd-a60e-7fff0acb7a5c;433.99;4.0;UNKNOWN
2016-04-16T06:41:19.000000;2016-04-16T06:41:19.000000;6ea41382-6065-49f5-9524-0a2024edaeab;434.0;20.82;UNKNOWN
2016-04-16T06:41:24.000000;2016-04-16T06:41:24.000000;a0514ce5-3378-4f51-88a7-1a4146faf79b;434.0;0.01;UNKNOWN
2016-04-16T06:41:32.000000;2016-04-16T06:41:32.000000;f35d8358-c56c-4c03-8a1d-21f4751298c9;433.99;3.2973177;UNKNOWN
2016-04-16T06:43:55.000000;2016-04-16T06:43:55.000000;74741598-707e-46c5-be07-ec9231231fa4;433.57;0.45;UNKNOWN
2016-04-16T06:44:25.000000;2016-04-16T06:44:25.000000;75dee11e-aec5-4911-b320-5b267abaeb5b;433.56;0.231;UNKNOWN
2016-04-16T06:44:31.000000;2016-04-16T06:44:31.000000;83487a60-efdc-485d-a04f-48b890f7ec7d;433.56;0.228299;UNKNOWN
2016-04-16T06:45:19.000000;2016-04-16T06:45:19.000000;ebcefbac-1664-413d-acc4-1d38905e8f3f;433.56;0.04575993;UNKNOWN
2016-04-16T06:46:23.000000;2016-04-16T06:46:23.000000;0b821c0f-b48b-41f1-acf0-a424cf018087;433.52;0.093;UNKNOWN
2016-04-16T06:50:46.000000;2016-04-16T06:50:46.000000;aac51050-3ac5-4989-bf79-21542c895b04;433.57;0.062798;UNKNOWN
2016-04-16T06:52:27.000000;2016-04-16T06:52:27.000000;032e7f87-2460-492e-83e5-149cf51af26f;433.62;4.211698;UNKNOWN
2016-04-16T06:52:27.000000;2016-04-16T06:52:27.000000;8ea00609-ba79-493c-be2f-e776c1f830e1;433.57;10.788302;UNKNOWN
2016-04-16T06:52:58.000000;2016-04-16T06:52:58.000000;418005be-6543-479e-a665-cd998348dc41;433.71;6.8746;UNKNOWN
2016-04-16T06:53:36.000000;2016-04-16T06:53:36.000000;fd502598-fb45-405b-a1df-ebf0ef3c74f8;433.8;6.8396;UNKNOWN
2016-04-16T06:55:35.000000;2016-04-16T06:55:35.000000;1b1e5afe-733f-491a-8d88-c12893bea6bf;433.57;0.02307;UNKNOWN
2016-04-16T06:56:18.000000;2016-04-16T06:56:18.000000;f383846e-c308-4778-8226-e2e2a1098b81;433.84;1.613;UNKNOWN
2016-04-16T06:57:01.000000;2016-04-16T06:57:01.000000;69c4ff68-5711-411c-95c0-d8a016c71688;433.83;2.0;UNKNOWN
2016-04-16T06:58:04.000000;2016-04-16T06:58:04.000000;049c9d58-b8d8-476a-8f80-731979b0d95c;434.0;0.6892437;UNKNOWN
2016-04-16T06:58:55.000000;2016-04-16T06:58:55.000000;3d30bb77-1cc2-4eff-9539-4158cfa81810;433.99;2.25327817;UNKNOWN
2016-04-16T06:59:03.000000;2016-04-16T06:59:03.000000;4b96b66f-2096-45a3-8eca-2cd02737774c;433.99;0.05429225;UNKNOWN
2016-04-16T07:00:27.000000;2016-04-16T07:00:27.000000;ceaa09b5-5084-4bea-bf99-593307c45678;433.63;0.42845225;UNKNOWN
2016-04-16T07:00:27.000000;2016-04-16T07:00:27.000000;990f5977-3e84-47ad-8922-7d3b1ec749f2;433.99;3.46154775;UNKNOWN
2016-04-16T07:01:59.000000;2016-04-16T07:01:59.000000;e5ca4dc0-f68d-422a-92ba-79de108e6324;433.53;0.058;UNKNOWN
2016-04-16T07:01:59.000000;2016-04-16T07:01:59.000000;1fda12ce-27dd-4f1e-a12e-badb326c76ac;433.57;0.00218;UNKNOWN
2016-04-16T07:01:59.000000;2016-04-16T07:01:59.000000;55de7221-c7d9-4572-a049-158cf6efae1d;433.52;0.04844207;UNKNOWN
2016-04-16T07:02:38.000000;2016-04-16T07:02:38.000000;ca407e5a-fe86-413f-b304-2b952045036d;433.51;0.03044999;UNKNOWN
2016-04-16T07:03:33.000000;2016-04-16T07:03:33.000000;98238739-f6a7-44a9-a03d-6e37644ba804;433.78;4.0;UNKNOWN
2016-04-16T07:03:33.000000;2016-04-16T07:03:33.000000;4e574448-bd26-41ec-8498-891417e4f661;433.61;6.0;UNKNOWN
2016-04-16T07:03:34.000000;2016-04-16T07:03:34.000000;7f1b2962-f5a5-403e-8ab7-aba969cccdea;434.03;0.080477;UNKNOWN
2016-04-16T07:03:34.000000;2016-04-16T07:03:34.000000;00d16666-858c-46da-bd9d-567de8fe38cf;434.0;5.0;UNKNOWN
2016-04-16T07:03:34.000000;2016-04-16T07:03:34.000000;5eff88ce-38ab-4444-8556-5f0f983c68da;434.0;9.0;UNKNOWN
2016-04-16T07:03:34.000000;2016-04-16T07:03:34.000000;592f98a9-1be9-4580-b6ab-5c780fa3aefe;434.01;333.0;UNKNOWN
2016-04-16T07:03:34.000000;2016-04-16T07:03:34.000000;ade73981-57a6-49b5-9d92-a91325709498;434.09;11.0472;UNKNOWN
2016-04-16T07:03:34.000000;2016-04-16T07:03:34.000000;63823c19-3b28-4c95-a518-b2020fb2c9ec;434.1;50.0;UNKNOWN
2016-04-16T07:03:34.000000;2016-04-16T07:03:34.000000;05d013c4-13df-4a63-b7f6-bed3c93a60b5;434.09;0.2;UNKNOWN
2016-04-16T07:03:34.000000;2016-04-16T07:03:34.000000;acb156ba-d6eb-4bcb-a544-20c60cf3eb35;434.2;0.5;UNKNOWN
2016-04-16T07:03:34.000000;2016-04-16T07:03:34.000000;d11d45aa-c445-4072-965f-d96c229b7aa8;434.19;0.02;UNKNOWN
2016-04-16T07:03:34.000000;2016-04-16T07:03:34.000000;94982a3e-904d-4dd0-bf5d-dbf08668f985;434.22;5.83536081;UNKNOWN
2016-04-16T07:03:34.000000;2016-04-16T07:03:34.000000;c363cfd1-b3fe-4ea1-a9e5-245f1834639b;434.12;0.434433;UNKNOWN
2016-04-16T07:03:34.000000;2016-04-16T07:03:34.000000;1474c972-40fe-4c79-865f-1eb3200f9eca;433.97;10.5574;UNKNOWN
2016-04-16T07:03:34.000000;2016-04-16T07:03:34.000000;54fa9de3-be35-4227-bae9-3ad68caeb9e6;434.0;41.71919072;UNKNOWN
2016-04-16T07:03:34.000000;2016-04-16T07:03:34.000000;55867356-4022-4f0c-963d-f97db5973c56;434.0;0.4;UNKNOWN
2016-04-16T07:03:34.000000;2016-04-16T07:03:34.000000;53748b39-e055-49c4-a700-a650227a6590;434.0;0.1;UNKNOWN
2016-04-16T07:03:34.000000;2016-04-16T07:03:34.000000;fc3f1284-5558-4aa6-8d8d-b98f424359b3;433.99;28.6464;UNKNOWN
2016-04-16T07:03:34.000000;2016-04-16T07:03:34.000000;951979c3-1be9-4bd9-93e6-fa617951cd63;434.0;3.34953847;UNKNOWN
2016-04-16T07:03:34.000000;2016-04-16T07:03:34.000000;dd3043ba-c7c0-420d-aeb4-6f47b89e59c3;433.99;0.01;UNKNOWN
2016-04-16T07:03:34.000000;2016-04-16T07:03:34.000000;d5e1a80d-c7d2-4a5c-b0a9-d3fdefe47f46;434.0;0.1;UNKNOWN
2016-04-16T07:03:45.000000;2016-04-16T07:03:45.000000;0ebe8b89-27bd-448d-8028-c537487b5001;434.23;12.5;UNKNOWN
2016-04-16T07:03:45.000000;2016-04-16T07:03:45.000000;1966713d-2b4a-42d1-a2a3-49c670ba3ea3;434.43;0.5;UNKNOWN
2016-04-16T07:03:45.000000;2016-04-16T07:03:45.000000;02a951b4-c285-482c-8052-37df42c55649;434.43;2.0;UNKNOWN
2016-04-16T07:03:58.000000;2016-04-16T07:03:58.000000;5194d8ba-f70e-4014-ab49-873a84b02534;434.98;0.25;UNKNOWN
2016-04-16T07:03:58.000000;2016-04-16T07:03:58.000000;2129dc4c-0a22-4b1d-b6fd-6f10fe0b3c42;434.96;0.97951852;UNKNOWN
2016-04-16T07:03:58.000000;2016-04-16T07:03:58.000000;3aa32939-c610-4215-a048-2688437646a1;434.46;0.2;UNKNOWN
2016-04-16T07:03:58.000000;2016-04-16T07:03:58.000000;4d408c03-01d2-4a3b-beb3-46cd1aec8224;434.5;6.2;UNKNOWN
2016-04-16T07:03:58.000000;2016-04-16T07:03:58.000000;f65251fb-618f-4bc3-95cf-3d7362d5b6a7;434.48;29.0;UNKNOWN
2016-04-16T07:03:58.000000;2016-04-16T07:03:58.000000;b2bf7e2f-af90-4a9c-bb6e-789921277237;434.57;0.25;UNKNOWN
2016-04-16T07:03:58.000000;2016-04-16T07:03:58.000000;1e33a751-ab0b-4624-8b97-91b4164fda02;434.43;0.5;UNKNOWN
2016-04-16T07:03:58.000000;2016-04-16T07:03:58.000000;581cda3d-0a83-4f5c-8aaa-31b73482b748;434.49;24.99;UNKNOWN
2016-04-16T07:03:58.000000;2016-04-16T07:03:58.000000;0319e946-d81d-45bd-a727-7bbcfe277876;434.44;0.01;UNKNOWN
2016-04-16T07:03:58.000000;2016-04-16T07:03:58.000000;de7ca027-82c5-47d6-a20f-e1c44fe4433c;434.5;0.66;UNKNOWN
2016-04-16T07:03:58.000000;2016-04-16T07:03:58.000000;12dd5694-3983-4f06-8dbb-a3d3812926e5;434.61;11.257;UNKNOWN
2016-04-16T07:03:58.000000;2016-04-16T07:03:58.000000;b97aae72-ce64-49bd-9cce-754337d52df8;434.98;0.09014;UNKNOWN
2016-04-16T07:03:58.000000;2016-04-16T07:03:58.000000;27e1f2b6-c24d-4d1f-bdf7-241d3b3dd796;434.5;0.25;UNKNOWN
2016-04-16T07:03:58.000000;2016-04-16T07:03:58.000000;479392f1-9e68-4613-a5d5-636580ede151;434.73;0.09009;UNKNOWN
2016-04-16T07:03:58.000000;2016-04-16T07:03:58.000000;272da061-96ef-4403-a04a-6c3ee1ec5054;434.67;0.01;UNKNOWN
2016-04-16T07:03:58.000000;2016-04-16T07:03:58.000000;f4006ef6-599e-4087-a2a0-3ecf27055a60;434.8;0.05;UNKNOWN
2016-04-16T07:03:58.000000;2016-04-16T07:03:58.000000;5b352859-dc16-44d3-b73c-0ac96f474443;434.79;250.0;UNKNOWN
2016-04-16T07:03:58.000000;2016-04-16T07:03:58.000000;4b318028-aa39-4800-84dd-3411376a0804;434.78;1.0;UNKNOWN
2016-04-16T07:03:58.000000;2016-04-16T07:03:58.000000;40b4cf4a-8b76-4ee0-96e1-1e2d233f91ee;434.78;21.5759;UNKNOWN
2016-04-16T07:03:58.000000;2016-04-16T07:03:58.000000;b429ffe9-4b7d-40bd-a5b5-821388b09dd4;434.89;0.01922407;UNKNOWN
2016-04-16T07:03:58.000000;2016-04-16T07:03:58.000000;53e1967a-ab24-4df5-8ec9-26393ffe1291;434.84;0.0101;UNKNOWN
2016-04-16T07:03:58.000000;2016-04-16T07:03:58.000000;97bbfc9f-fa79-4ec1-88b0-a014077d27c6;434.99;24.99;UNKNOWN
2016-04-16T07:03:58.000000;2016-04-16T07:03:58.000000;d2552c6e-167d-47bb-85f0-8bcc335eabc5;435.0;57.61802741;UNKNOWN
2016-04-16T07:03:58.000000;2016-04-16T07:03:58.000000;5f3685bf-8e0f-435c-800d-c75342dc4f39;435.0;50.0;UNKNOWN
2016-04-16T07:03:58.000000;2016-04-16T07:03:58.000000;46f93552-ea5d-4b14-aafc-ed81c55bb69f;434.99;20.0;UNKNOWN
2016-04-16T07:04:02.000000;2016-04-16T07:04:02.000000;d76e42ff-a703-4fa1-bfd1-64c1cf73f656;434.53;0.9031;UNKNOWN
2016-04-16T07:04:04.000000;2016-04-16T07:04:04.000000;cc3810b6-e009-4278-8139-70987fd2b0c6;435.0;52.66709345;UNKNOWN
2016-04-16T07:04:04.000000;2016-04-16T07:04:04.000000;5cd9196c-16b6-4975-8526-dcb61ce65c1e;434.98;4.45970655;UNKNOWN
2016-04-16T07:04:04.000000;2016-04-16T07:04:04.000000;8685eefd-81b8-4235-b667-ae7f56a4c23c;434.9;10.3732;UNKNOWN
2016-04-16T07:04:04.000000;2016-04-16T07:04:04.000000;6656fcbe-0c26-48fe-bd07-d7684c18f744;434.99;20.0;UNKNOWN
2016-04-16T07:04:04.000000;2016-04-16T07:04:04.000000;ea6b638c-2b06-4cc1-a7c6-0351b9353bf3;435.0;20.0;UNKNOWN
2016-04-16T07:04:04.000000;2016-04-16T07:04:04.000000;54eafe66-adeb-4045-b7a6-62392fda9e82;434.94;12.5;UNKNOWN
2016-04-16T07:04:23.000000;2016-04-16T07:04:23.000000;841a110e-d6f8-425c-850c-68d3afb38b88;434.9;11.0927;UNKNOWN
2016-04-16T07:04:26.000000;2016-04-16T07:04:26.000000;b587ec2c-c3f7-46b2-9c8b-935765c795c1;435.0;0.5;UNKNOWN
2016-04-16T07:04:26.000000;2016-04-16T07:04:26.000000;57dc803e-7b8f-43d8-ab61-24771814fd98;435.0;2.0;UNKNOWN
2016-04-16T07:04:26.000000;2016-04-16T07:04:26.000000;4fad996d-b510-400d-911e-c6e20d5628d2;435.0;3.2;UNKNOWN
2016-04-16T07:04:26.000000;2016-04-16T07:04:26.000000;8f0ab0dc-97b5-49bc-be0f-c1342650fa44;435.0;10.0;UNKNOWN
2016-04-16T07:04:26.000000;2016-04-16T07:04:26.000000;9647db52-fc38-44f4-b472-af096566acda;435.0;0.97;UNKNOWN
2016-04-16T07:04:31.000000;2016-04-16T07:04:31.000000;cee3cd02-eb89-44c6-97a1-e0e62b30e5fa;434.53;0.7;UNKNOWN
2016-04-16T07:04:39.000000;2016-04-16T07:04:39.000000;ddb439a5-3be6-4dda-bc5f-011826eafabf;434.99;0.9014;UNKNOWN
2016-04-16T07:04:39.000000;2016-04-16T07:04:39.000000;02490eaa-26fa-4061-92b9-bd5e4b36958c;434.99;2.50207959;UNKNOWN
2016-04-16T07:04:41.000000;2016-04-16T07:04:41.000000;9cd194e9-144b-4fd5-b677-e3ce22bb6c69;435.0;0.1;UNKNOWN
2016-04-16T07:04:48.000000;2016-04-16T07:04:48.000000;1b95f82b-b4cd-4acc-9ac4-fa60a4ee0d5e;435.0;2.9999;UNKNOWN
2016-04-16T07:04:51.000000;2016-04-16T07:04:51.000000;fcef32b9-dc67-4417-abe1-f686c1e67cc4;435.0;1.5;UNKNOWN
2016-04-16T07:04:57.000000;2016-04-16T07:04:57.000000;3b5cf15a-805b-4bd5-9af5-aa3b471e62bb;434.99;0.067;UNKNOWN
2016-04-16T07:05:00.000000;2016-04-16T07:05:00.000000;73a35b15-671c-4a60-aa5d-5a03efa35e1b;435.0;25.0;UNKNOWN
2016-04-16T07:05:03.000000;2016-04-16T07:05:03.000000;7e7e5e1d-5551-4a69-bd4a-ecb1eaac5df5;434.99;5.23553306;UNKNOWN
2016-04-16T07:05:03.000000;2016-04-16T07:05:03.000000;cf00160d-dc36-4c69-bb2e-c32c208f686b;434.99;0.015;UNKNOWN
2016-04-16T07:05:03.000000;2016-04-16T07:05:03.000000;ae21d8c0-de44-4807-89a6-95704673de8a;434.99;0.014;UNKNOWN
2016-04-16T07:05:04.000000;2016-04-16T07:05:04.000000;5da89802-f657-47b4-a3c6-bbe7fd4eddc0;434.95;0.012;UNKNOWN
2016-04-16T07:05:04.000000;2016-04-16T07:05:04.000000;b7820226-9fa6-41ad-95e5-cbe2e4b02eb0;434.95;0.011;UNKNOWN
2016-04-16T07:05:05.000000;2016-04-16T07:05:05.000000;1c87510b-c09a-4b67-82f6-999c166c5b50;434.95;0.013;UNKNOWN
2016-04-16T07:05:05.000000;2016-04-16T07:05:05.000000;0fc37641-652f-4916-8ba7-0b166b4655ee;434.99;0.029;UNKNOWN
2016-04-16T07:05:05.000000;2016-04-16T07:05:05.000000;ca9de0c5-3e98-44e8-a332-cda9ca52d367;435.0;2.971;UNKNOWN
2016-04-16T07:05:06.000000;2016-04-16T07:05:06.000000;70faa219-8e4c-4872-838e-1dc1e9979b52;434.98;0.05;UNKNOWN
2016-04-16T07:05:11.000000;2016-04-16T07:05:11.000000;009400ce-1f22-4a4c-90f0-098176f6651d;435.0;2.7387;UNKNOWN
2016-04-16T07:05:14.000000;2016-04-16T07:05:14.000000;85198cd9-aabf-468b-822b-e55a390ea5bc;435.0;1.0;UNKNOWN
2016-04-16T07:05:22.000000;2016-04-16T07:05:22.000000;52a1eac4-46cb-4d3c-a1c5-c60d32e6e0b5;434.99;0.9014;UNKNOWN
2016-04-16T07:05:23.000000;2016-04-16T07:05:23.000000;28e594d2-02de-48ef-96b4-eb53234244e8;435.0;0.75;UNKNOWN
2016-04-16T07:05:24.000000;2016-04-16T07:05:24.000000;1abf43b6-8748-44a7-81e9-5f9bcf95e237;435.0;10.0;UNKNOWN
2016-04-16T07:05:26.000000;2016-04-16T07:05:26.000000;8ada97ca-4b6c-4115-a1ac-9ddc99ec310f;435.0;0.375;UNKNOWN
2016-04-16T07:05:36.000000;2016-04-16T07:05:36.000000;adc97508-fade-46e9-b6ea-0499d3c8a6d5;434.99;0.1277665;UNKNOWN
2016-04-16T07:05:43.000000;2016-04-16T07:05:43.000000;795ed436-6942-40aa-87d6-2be58f070559;434.99;0.34207553;UNKNOWN
2016-04-16T07:05:46.000000;2016-04-16T07:05:46.000000;573bd667-4544-447c-bf69-12a0f687d477;435.0;1.0;UNKNOWN
2016-04-16T07:05:46.000000;2016-04-16T07:05:46.000000;6a02a665-a8e1-4f57-adaf-f9af441b3d43;435.0;0.1875;UNKNOWN
2016-04-16T07:05:56.000000;2016-04-16T07:05:56.000000;c5d2413a-b4a8-466e-8f9f-70222b5f0346;435.0;0.0938;UNKNOWN
2016-04-16T07:05:59.000000;2016-04-16T07:05:59.000000;bcb6c49e-b6a3-4db0-a969-b88bc684122f;435.0;0.05;UNKNOWN
2016-04-16T07:06:05.000000;2016-04-16T07:06:05.000000;add85008-3166-4882-8156-a3fa9dde57ae;434.99;0.014;UNKNOWN
2016-04-16T07:06:06.000000;2016-04-16T07:06:06.000000;2491b48d-f869-4f1b-8dca-db40aae5a564;434.99;0.35038575;UNKNOWN
2016-04-16T07:06:06.000000;2016-04-16T07:06:06.000000;4ac1f609-2477-46e7-b4c7-6257fc3d4d45;434.52;0.01401425;UNKNOWN
2016-04-16T07:06:08.000000;2016-04-16T07:06:08.000000;b1188849-6e5e-4bf9-84a3-44dcf7e8f7e2;434.89;0.05;UNKNOWN
2016-04-16T07:06:57.000000;2016-04-16T07:06:57.000000;86e6b876-386c-4793-a7e6-8c7bb75ad036;434.63;0.01;UNKNOWN
2016-04-16T07:06:57.000000;2016-04-16T07:06:57.000000;f73d7805-b18f-4aaf-ab9e-7ebdc6a30adc;434.52;0.36915032;UNKNOWN
2016-04-16T07:06:59.000000;2016-04-16T07:06:59.000000;40dbcb2b-5cc6-4a22-8721-90b57aa5558f;434.02;7.15;UNKNOWN
2016-04-16T07:06:59.000000;2016-04-16T07:06:59.000000;438dc562-8255-45ce-9a3d-43a3ee3eefaa;434.51;0.439314;UNKNOWN
2016-04-16T07:06:59.000000;2016-04-16T07:06:59.000000;d65e7e46-2630-4699-9ff9-cc487d74780f;434.01;12.58479331;UNKNOWN
2016-04-16T07:06:59.000000;2016-04-16T07:06:59.000000;caa6f609-04de-4205-8a75-3644afe6ddc7;434.51;24.99;UNKNOWN
2016-04-16T07:06:59.000000;2016-04-16T07:06:59.000000;42ee8945-7a2e-4600-b13e-b32acc149bbd;434.52;6.52164968;UNKNOWN
2016-04-16T07:06:59.000000;2016-04-16T07:06:59.000000;e51986a8-5a7e-4f80-83cd-d64517c283e6;434.5;5.0;UNKNOWN
2016-04-16T07:07:03.000000;2016-04-16T07:07:03.000000;a7b81807-8322-4288-9a5c-6f1f409b06cf;434.38;1.5;UNKNOWN
2016-04-16T07:07:27.000000;2016-04-16T07:07:27.000000;46d320b5-642d-4648-823b-2eaf90c03184;434.01;0.22849385;UNKNOWN
2016-04-16T07:07:28.000000;2016-04-16T07:07:28.000000;4fd09fd8-e2d8-4a16-b4a5-90142cb77cea;434.38;8.5197;UNKNOWN
2016-04-16T07:07:28.000000;2016-04-16T07:07:28.000000;7dc31be3-cea3-44cf-8a8c-3a6c1377cd80;434.61;1.2458;UNKNOWN
2016-04-16T07:07:28.000000;2016-04-16T07:07:28.000000;d586a992-5203-4c74-89be-8faedef207ab;434.5;10.2345;UNKNOWN
2016-04-16T07:07:42.000000;2016-04-16T07:07:42.000000;aabb479b-e51d-4d2e-aacb-c9f1c1629465;434.21;0.3;UNKNOWN
2016-04-16T07:07:46.000000;2016-04-16T07:07:46.000000;1c89c5d8-701c-4d79-8561-310971d91265;434.21;0.21288;UNKNOWN
2016-04-16T07:08:32.000000;2016-04-16T07:08:32.000000;925c18a9-715d-4246-b453-fdbe35527b8d;434.01;0.05;UNKNOWN
2016-04-16T07:08:45.000000;2016-04-16T07:08:45.000000;119e001b-706a-4729-8744-7e14205700d7;434.51;3.3111;UNKNOWN
2016-04-16T07:08:45.000000;2016-04-16T07:08:45.000000;ee30e5f1-ca52-457c-8380-0503ae2226f8;434.64;10.7663;UNKNOWN
2016-04-16T07:08:45.000000;2016-04-16T07:08:45.000000;c990fd04-8519-45f0-a172-b3bb42285535;434.74;1.09259073;UNKNOWN
2016-04-16T07:08:45.000000;2016-04-16T07:08:45.000000;fc5f230e-e2f5-4d40-9deb-17b2a412944a;434.37;4.83000927;UNKNOWN
2016-04-16T07:09:03.000000;2016-04-16T07:09:03.000000;256a4a74-a690-4bec-be19-286bb9f8cc39;434.02;0.01397476;UNKNOWN
2016-04-16T07:09:13.000000;2016-04-16T07:09:13.000000;63d4da74-2520-4340-854d-b781c898dcc1;434.74;0.1;UNKNOWN
2016-04-16T07:09:16.000000;2016-04-16T07:09:16.000000;b9005b4b-bbed-4a8f-8a94-3be02dbf19d9;434.07;0.1;UNKNOWN
2016-04-16T07:09:17.000000;2016-04-16T07:09:17.000000;f4aaca9d-171e-4b50-abba-82cd6f6bf086;434.07;0.1;UNKNOWN
2016-04-16T07:09:19.000000;2016-04-16T07:09:19.000000;b9bf1126-6113-4227-b73d-e501bfd2e327;434.07;0.1;UNKNOWN
2016-04-16T07:09:22.000000;2016-04-16T07:09:22.000000;b2e30766-7c4f-45fd-89f0-f35de5b03ec7;434.07;0.1;UNKNOWN
2016-04-16T07:09:25.000000;2016-04-16T07:09:25.000000;027ca6f2-62a2-4ad2-9b4d-1b4b442a48c1;434.07;0.1;UNKNOWN
2016-04-16T07:10:11.000000;2016-04-16T07:10:11.000000;6d0abb9f-dae4-4375-a074-277e9fb968c3;434.07;0.94941319;UNKNOWN
2016-04-16T07:10:11.000000;2016-04-16T07:10:11.000000;30e1a26e-3edc-4005-a3f3-90c661581f5f;434.07;0.09616804;UNKNOWN
2016-04-16T07:10:12.000000;2016-04-16T07:10:12.000000;52de0880-e79a-4f3a-a77e-3a15a40d1bdc;434.07;0.94441877;UNKNOWN
2016-04-16T07:10:16.000000;2016-04-16T07:10:16.000000;f9aa3ebb-7b6b-4fee-a599-d2f98a11d4bd;434.43;0.0970488;UNKNOWN
2016-04-16T07:10:16.000000;2016-04-16T07:10:16.000000;b096e312-ce83-4092-a911-78a942714671;434.43;0.01265853;UNKNOWN
2016-04-16T07:10:16.000000;2016-04-16T07:10:16.000000;0362f5f2-9144-4334-a04e-7f981c0ad2c0;434.43;0.74404819;UNKNOWN
2016-04-16T07:10:20.000000;2016-04-16T07:10:20.000000;aac07e9c-f2db-4589-9c59-f0fe33dfb4ff;434.52;10.0592;UNKNOWN
2016-04-16T07:10:20.000000;2016-04-16T07:10:20.000000;47e5e98b-5a07-4397-a235-0ee1c0857af1;434.64;4.5758;UNKNOWN
2016-04-16T07:10:20.000000;2016-04-16T07:10:20.000000;b1db3475-0d7d-42be-bb20-95b852d58b4f;434.74;8.97800927;UNKNOWN
2016-04-16T07:10:20.000000;2016-04-16T07:10:20.000000;33f49dce-9789-4d92-bc1e-08916588373a;434.82;4.46323964;UNKNOWN
2016-04-16T07:10:20.000000;2016-04-16T07:10:20.000000;6a4086e0-73aa-4fdb-b5ca-fbe7abd7dea0;434.82;2.92375109;UNKNOWN
2016-04-16T07:10:23.000000;2016-04-16T07:10:23.000000;d3247f22-442b-412a-bf04-66f4bcef6a72;434.03;0.22451945;UNKNOWN
2016-04-16T07:10:23.000000;2016-04-16T07:10:23.000000;1a643b0e-3cc2-405c-8e6c-9206f11178f7;434.03;0.0680107;UNKNOWN
2016-04-16T07:10:23.000000;2016-04-16T07:10:23.000000;1078afc2-4487-495a-a7fc-1cbf3341d884;434.03;0.156547;UNKNOWN
2016-04-16T07:11:06.000000;2016-04-16T07:11:06.000000;9e85b42e-96a8-4c42-bc98-da205ecf01fc;434.18;0.125;UNKNOWN
2016-04-16T07:11:32.000000;2016-04-16T07:11:32.000000;69068281-40b1-48ef-b3c9-b94d6c6e79ae;434.61;0.02062231;UNKNOWN
2016-04-16T07:11:33.000000;2016-04-16T07:11:33.000000;d18b90be-73db-4b8f-ba07-aa8510bd033b;434.61;0.02062231;UNKNOWN
2016-04-16T07:11:33.000000;2016-04-16T07:11:33.000000;24dadad0-1fe5-4508-abb1-afaef5dbc872;434.61;0.02062231;UNKNOWN
2016-04-16T07:11:34.000000;2016-04-16T07:11:34.000000;99eeee9f-fe69-456a-a77f-834aba9b32fe;434.61;0.02062231;UNKNOWN
2016-04-16T07:11:41.000000;2016-04-16T07:11:41.000000;278f60ef-2007-42fb-9cbf-23ce34d8e51e;434.61;0.06176526;UNKNOWN
2016-04-16T07:11:42.000000;2016-04-16T07:11:42.000000;27a23227-5e11-4654-814e-3588dea3ba41;434.84;10.0;UNKNOWN
2016-04-16T07:11:42.000000;2016-04-16T07:11:42.000000;2e06b747-fa18-4efb-b8f2-74d6c9fcc485;434.61;0.01997784;UNKNOWN
2016-04-16T07:11:43.000000;2016-04-16T07:11:43.000000;f2472381-0ab5-411e-adf5-5fc66058cf23;434.84;0.08948429;UNKNOWN
2016-04-16T07:13:42.000000;2016-04-16T07:13:42.000000;77a955a6-1994-4a5c-a146-070b090bcc68;434.97;0.05;UNKNOWN
2016-04-16T07:14:50.000000;2016-04-16T07:14:50.000000;a3d52cfc-45b2-4fbb-8d2a-a3372cc6d85d;434.94;0.566;UNKNOWN
2016-04-16T07:15:04.000000;2016-04-16T07:15:04.000000;e0e17aaf-3834-4a53-b351-0023a103479a;434.6;0.02713;UNKNOWN
2016-04-16T07:15:22.000000;2016-04-16T07:15:22.000000;e4dd92fc-94c8-4cb5-aa55-1a63b3633f5c;434.99;1.0;UNKNOWN
2016-04-16T07:15:58.000000;2016-04-16T07:15:58.000000;50863832-1676-46c4-a544-072ad4ca176c;434.87;9.7398;UNKNOWN
2016-04-16T07:15:58.000000;2016-04-16T07:15:58.000000;300f0f8e-52be-40fc-a706-c6c834cac178;435.0;0.07884941;UNKNOWN
2016-04-16T07:15:58.000000;2016-04-16T07:15:58.000000;3b8a1843-4f6e-4e47-85b2-d11f29555c13;435.0;5.0;UNKNOWN
2016-04-16T07:15:58.000000;2016-04-16T07:15:58.000000;ae7aab4a-ec8a-4bb3-a520-cbee80eb43e7;434.99;23.99;UNKNOWN
2016-04-16T07:15:58.000000;2016-04-16T07:15:58.000000;1dff0ef0-c04a-491c-bcd3-d56e2f81d914;435.0;0.1;UNKNOWN
2016-04-16T07:15:58.000000;2016-04-16T07:15:58.000000;fbc995be-6073-4129-9f7d-ead3a165971e;435.0;0.011;UNKNOWN
2016-04-16T07:15:58.000000;2016-04-16T07:15:58.000000;fcaae3b1-6b1c-476e-9edb-1ca9386de378;435.0;0.15;UNKNOWN
2016-04-16T07:15:58.000000;2016-04-16T07:15:58.000000;91f8cbc5-febd-4843-882c-eec90a0003c3;435.0;1.0;UNKNOWN
2016-04-16T07:15:58.000000;2016-04-16T07:15:58.000000;add85c50-890b-4ec3-a0c0-9b89310bc2e6;435.0;4.27897914;UNKNOWN
2016-04-16T07:15:58.000000;2016-04-16T07:15:58.000000;9388a677-97ab-427e-910b-b81df39587f0;435.0;2.0;UNKNOWN
2016-04-16T07:15:58.000000;2016-04-16T07:15:58.000000;abd0da0d-0ca4-4bfc-adf9-37360b21cf2d;435.0;0.1;UNKNOWN
2016-04-16T07:15:58.000000;2016-04-16T07:15:58.000000;b55d2a37-204d-436f-8058-8f6bab300db8;435.0;1.0;UNKNOWN
2016-04-16T07:15:58.000000;2016-04-16T07:15:58.000000;0432585a-e35d-4cfb-9a29-2cc091040d37;435.0;2.45137145;UNKNOWN
2016-04-16T07:15:58.000000;2016-04-16T07:15:58.000000;a3ba72f4-c3c7-4088-b7a6-acb7fbfc9322;435.0;0.1;UNKNOWN
2016-04-16T07:16:04.000000;2016-04-16T07:16:04.000000;dbbab1eb-7d4c-4c90-ad38-ee7063b87643;434.51;0.1;UNKNOWN
2016-04-16T07:16:21.000000;2016-04-16T07:16:21.000000;97d1c668-6205-4fc5-bf9a-01ebed15cd43;435.0;0.05;UNKNOWN
2016-04-16T07:16:24.000000;2016-04-16T07:16:24.000000;518a1db5-afa7-4546-bfbf-b09bec5d4e59;435.0;2.49862855;UNKNOWN
2016-04-16T07:16:24.000000;2016-04-16T07:16:24.000000;1e584e57-0bc0-44f7-839f-9d46b5eb698d;435.0;0.2;UNKNOWN
2016-04-16T07:16:24.000000;2016-04-16T07:16:24.000000;1d0cd721-bf21-4544-b48f-3c57ca2f5cce;435.0;6.10137145;UNKNOWN
2016-04-16T07:16:24.000000;2016-04-16T07:16:24.000000;36709e10-385a-4522-97bc-d59607909cf9;435.0;1.0;UNKNOWN
2016-04-16T07:16:24.000000;2016-04-16T07:16:24.000000;d21b7d0b-6cc0-4adb-b076-35e141971e2f;435.0;0.2;UNKNOWN
2016-04-16T07:16:34.000000;2016-04-16T07:16:34.000000;9c397a39-5258-436d-86a3-0143ef167c0e;435.0;10.0;UNKNOWN
2016-04-16T07:16:40.000000;2016-04-16T07:16:40.000000;4ae37bdc-771f-49e1-89f8-eec1d3624c5d;435.0;33.89862855;UNKNOWN
2016-04-16T07:16:40.000000;2016-04-16T07:16:40.000000;dc074e2d-a5a3-47fa-a07c-1510d23dc100;435.0;49.99;UNKNOWN
2016-04-16T07:16:40.000000;2016-04-16T07:16:40.000000;59163370-543e-49f8-9dcf-93f94c7e0ca4;435.0;1.3;UNKNOWN
2016-04-16T07:16:40.000000;2016-04-16T07:16:40.000000;6bd0f851-3809-4bcc-a532-f66261ca5437;435.0;0.2;UNKNOWN
2016-04-16T07:16:40.000000;2016-04-16T07:16:40.000000;47e87d67-3fd7-4ddb-8b60-821635b19034;435.0;0.5;UNKNOWN
2016-04-16T07:16:40.000000;2016-04-16T07:16:40.000000;bc3aa10c-3a9b-45eb-9a1a-f4ae5349150c;435.0;7.96397955;UNKNOWN
2016-04-16T07:16:40.000000;2016-04-16T07:16:40.000000;c90ef0fa-6f59-4324-8a3e-ffeaf8b5e644;435.0;0.1;UNKNOWN
2016-04-16T07:16:46.000000;2016-04-16T07:16:46.000000;b13c5b21-d68f-462c-88c3-7c6b649c17df;435.1;5.0;UNKNOWN
2016-04-16T07:16:46.000000;2016-04-16T07:16:46.000000;9b391cde-8533-4dc3-bc30-2a19e00bdf22;435.3;4.8;UNKNOWN
2016-04-16T07:16:46.000000;2016-04-16T07:16:46.000000;ff2b2f31-160d-4763-b8ac-dad1a833d832;435.09;0.2;UNKNOWN
2016-04-16T07:17:21.000000;2016-04-16T07:17:21.000000;4b6bc7d8-440d-4c7c-8741-7e20abde9d91;435.44;0.00169131;UNKNOWN
2016-04-16T07:17:21.000000;2016-04-16T07:17:21.000000;b9a16ea6-e87f-4266-a21c-316eb9075ad0;435.4;0.32560511;UNKNOWN
2016-04-16T07:17:21.000000;2016-04-16T07:17:21.000000;5ff0cef7-35a6-40a4-baf9-f5414b3179ae;435.4;0.30439489;UNKNOWN
2016-04-16T07:17:21.000000;2016-04-16T07:17:21.000000;5413868d-bfc4-4d6a-b8dd-0d6bbf513d75;435.42;0.062671;UNKNOWN
2016-04-16T07:17:23.000000;2016-04-16T07:17:23.000000;6e133ed0-7ef1-4ac3-acf1-6ec74ae3e044;435.44;0.39004212;UNKNOWN
2016-04-16T07:17:24.000000;2016-04-16T07:17:24.000000;90794269-96a5-48e1-bee7-bf85406ae5d2;435.44;5.0;UNKNOWN
2016-04-16T07:17:38.000000;2016-04-16T07:17:38.000000;f1704fd7-6d7e-4cc3-a981-9ab4254a4424;435.32;0.39004212;UNKNOWN
2016-04-16T07:17:38.000000;2016-04-16T07:17:38.000000;9495bf12-4c16-4ab3-be01-cfbfda479bf0;435.32;0.30439489;UNKNOWN
2016-04-16T07:17:39.000000;2016-04-16T07:17:39.000000;2a87ca6d-bdf6-4c1d-a32e-4225896187e0;435.17;0.30439489;UNKNOWN
2016-04-16T07:18:04.000000;2016-04-16T07:18:04.000000;381c85aa-7098-452b-8c24-7b13f27469bc;435.0;0.014;UNKNOWN
2016-04-16T07:18:04.000000;2016-04-16T07:18:04.000000;760e1dce-a6bd-463c-bb97-50d778bc2eb2;435.0;0.015;UNKNOWN
2016-04-16T07:18:05.000000;2016-04-16T07:18:05.000000;9b5ddf93-a8fe-4dd2-8ad6-a3b25474609d;435.0;0.1;UNKNOWN
2016-04-16T07:18:06.000000;2016-04-16T07:18:06.000000;63b25028-9957-46e8-ac39-bcf52cd5ec50;435.0;0.011;UNKNOWN
2016-04-16T07:18:06.000000;2016-04-16T07:18:06.000000;8bd0b71b-7952-4f4f-9cc0-9ac98ea542a1;435.0;0.05;UNKNOWN
2016-04-16T07:18:07.000000;2016-04-16T07:18:07.000000;2e01424a-31c3-4c03-b6de-068a374b106a;435.0;0.012;UNKNOWN
2016-04-16T07:18:08.000000;2016-04-16T07:18:08.000000;8c0af9c5-11a8-4ace-8cb6-3a1dd50a0324;435.0;0.013;UNKNOWN
2016-04-16T07:18:13.000000;2016-04-16T07:18:13.000000;4fe60d55-fafc-4b40-8de7-520b34a1084e;435.0;1.6767;UNKNOWN
2016-04-16T07:18:15.000000;2016-04-16T07:18:15.000000;b25e7e9c-cd1b-44f8-b158-dc2348e2854a;435.0;0.025;UNKNOWN
2016-04-16T07:18:21.000000;2016-04-16T07:18:21.000000;1176599b-3462-441c-94dc-c07297d8fee7;435.0;1.9811;UNKNOWN
2016-04-16T07:18:23.000000;2016-04-16T07:18:23.000000;013f4162-8f48-4f5a-ab21-abc6df714f65;435.0;0.02663452;UNKNOWN
2016-04-16T07:18:24.000000;2016-04-16T07:18:24.000000;acef40b0-6f17-452b-9d4c-adbfb275dbe1;435.0;4.0;UNKNOWN
2016-04-16T07:18:26.000000;2016-04-16T07:18:26.000000;e772691c-78ab-45c7-a960-8b3a6af2701e;435.0;0.05;UNKNOWN
2016-04-16T07:19:30.000000;2016-04-16T07:19:30.000000;4a98da62-1437-458f-bd08-eb2811fb9775;435.27;0.46134352;UNKNOWN
2016-04-16T07:19:45.000000;2016-04-16T07:19:45.000000;02ac586c-76ef-4bb6-a2c3-4b6de3d78bd8;435.0;1.52844352;UNKNOWN
2016-04-16T07:19:45.000000;2016-04-16T07:19:45.000000;95fe4788-c658-4066-917d-a6623bd51841;435.27;0.45265648;UNKNOWN
2016-04-16T07:21:42.000000;2016-04-16T07:21:42.000000;9e362130-2e06-42af-b0fc-f48e55e96891;435.02;1.9811;UNKNOWN
2016-04-16T07:21:56.000000;2016-04-16T07:21:56.000000;fa04597e-795b-45c7-a751-6ad9a02db72e;435.03;1.9241;UNKNOWN
2016-04-16T07:21:56.000000;2016-04-16T07:21:56.000000;3e4d75e0-8fbe-4147-b687-00f1f45cfe2e;435.04;0.057;UNKNOWN
2016-04-16T07:22:10.000000;2016-04-16T07:22:10.000000;1d92440e-a62e-443f-87e7-6c5bc37b9f1b;435.03;1.9811;UNKNOWN
2016-04-16T07:22:25.000000;2016-04-16T07:22:25.000000;01690fa0-ad42-4476-8831-16984e32fcb4;435.03;1.9811;UNKNOWN
2016-04-16T07:22:40.000000;2016-04-16T07:22:40.000000;f8c0cea2-7f72-4bd2-838f-a2957c52e30c;435.04;0.172;UNKNOWN
2016-04-16T07:22:40.000000;2016-04-16T07:22:40.000000;add37f52-f3f5-4761-84a2-8a1487243aec;435.04;1.8091;UNKNOWN
2016-04-16T07:22:51.000000;2016-04-16T07:22:51.000000;08e355ca-943d-44b7-bd8b-59a23251a699;435.46;0.15;UNKNOWN
2016-04-16T07:22:54.000000;2016-04-16T07:22:54.000000;3986fa1b-c9f9-4ee4-8dbc-cbb5db4f5428;435.04;1.9811;UNKNOWN
2016-04-16T07:22:57.000000;2016-04-16T07:22:57.000000;0d7f5a9d-ce00-46fe-a424-eba6df83f049;435.49;0.1;UNKNOWN
2016-04-16T07:23:09.000000;2016-04-16T07:23:09.000000;096d0977-e332-4726-8c17-1b7ab8c0e1f8;435.04;0.65305957;UNKNOWN
2016-04-16T07:23:09.000000;2016-04-16T07:23:09.000000;ab9395ff-22d0-470c-a07a-4f035ef72669;435.04;1.32804043;UNKNOWN
2016-04-16T07:23:37.000000;2016-04-16T07:23:37.000000;5f31775e-35a9-4a68-b3c6-770ab010c597;435.4;0.1;UNKNOWN
2016-04-16T07:23:40.000000;2016-04-16T07:23:40.000000;79c1769c-8797-42de-bc15-90097a1bfe6d;435.32;1.9811;UNKNOWN
2016-04-16T07:23:43.000000;2016-04-16T07:23:43.000000;7e896973-f156-4b86-92f7-d2b365f46a1a;435.49;0.05;UNKNOWN
2016-04-16T07:23:43.000000;2016-04-16T07:23:43.000000;a95d4916-2c2a-4a6a-9b15-3fe8b471a101;435.4;0.05;UNKNOWN
2016-04-16T07:23:54.000000;2016-04-16T07:23:54.000000;66c9409d-5e41-4c45-89e9-7dbf97c01644;435.32;1.9811;UNKNOWN
2016-04-16T07:24:09.000000;2016-04-16T07:24:09.000000;49e097e4-01a9-4286-afa6-a7b305e58dee;435.32;1.9811;UNKNOWN
2016-04-16T07:24:23.000000;2016-04-16T07:24:23.000000;49ee880f-c387-41b9-81d3-6b8114ff9925;435.49;4.0;UNKNOWN
2016-04-16T07:24:25.000000;2016-04-16T07:24:25.000000;37cda476-56ad-4c55-b36e-5225f816f3c2;435.32;1.9811;UNKNOWN
2016-04-16T07:24:26.000000;2016-04-16T07:24:26.000000;53adda91-bc96-4b17-b107-b9fc98a85594;435.49;0.08154832;UNKNOWN
