time_exchange;time_coinpai;guid;price;base_amount;taker_side
2016-04-16T00:08:28.000000;2016-04-16T00:08:28.466167;acd57dc2-5b30-4fa9-bc35-db5eff90d29e;8.296;90.6841;BUY
2016-04-16T00:08:28.000000;2016-04-16T00:08:28.466167;c6629253-d35c-4ffd-ad8f-c22866e150e7;8.296;90.6841;BUY
2016-04-16T00:08:28.000000;2016-04-16T00:08:28.483163;7983b26f-fb68-41ad-9267-30f172472f9b;8.296;11.9499;BUY
2016-04-16T00:26:52.000000;2016-04-16T00:26:52.611769;4f3adea3-bc0b-4d59-822c-e9aa8837c60e;8.23;0.32435967;SELL
2016-04-16T00:26:52.000000;2016-04-16T00:26:52.624778;7a5286cd-3bc6-440d-853c-be10ae36198c;8.2219;0.67564033;SELL
2016-04-16T00:34:32.000000;2016-04-16T00:34:32.506620;42ec04e0-6166-4b56-b893-d245f1bd7c9e;8.2985;1.09785591;BUY
2016-04-16T00:34:32.000000;2016-04-16T00:34:32.518622;fb28d8f4-b959-49c5-8a17-753c99cbad50;8.308;0.7;BUY
2016-04-16T00:34:32.000000;2016-04-16T00:34:32.521614;ba39b4fd-ac94-4a5e-b06b-8329b782e5c4;8.309;3.20214409;BUY
2016-04-16T00:37:56.000000;2016-04-16T00:37:56.072963;1c2b4c90-5acc-4eea-a6b3-f2ac3b286ce1;8.2209;1.0;SELL
2016-04-16T00:38:18.000000;2016-04-16T00:38:18.521220;e678d2ff-cec4-4962-8e06-81e70ed913b9;8.222;1.0;SELL
2016-04-16T02:22:32.000000;2016-04-16T02:22:32.193926;5390f8c8-f553-4b3d-b7f5-803fa6040a02;8.308;10.0;BUY
2016-04-16T02:26:55.000000;2016-04-16T02:26:55.148161;0cf47afc-d975-4942-9a67-2e21eceee8aa;8.3085;1.0;BUY
2016-04-16T02:26:57.000000;2016-04-16T02:26:57.197365;9abdfc5b-005a-4ff7-aea8-82f084a31eb6;8.3085;0.09789582;BUY
2016-04-16T02:26:57.000000;2016-04-16T02:26:57.201389;a9944ef3-b71f-4386-8366-55c92af208ae;8.3093;0.1;BUY
2016-04-16T02:26:57.000000;2016-04-16T02:26:57.208376;646ef5fe-c76b-4ae8-8740-ec083dc256ec;8.3098;0.80210418;BUY
2016-04-16T02:26:59.000000;2016-04-16T02:26:59.269565;4aa2a39d-b491-48a0-a204-2c41c631447c;8.3098;0.29579164;BUY
2016-04-16T02:26:59.000000;2016-04-16T02:26:59.286579;8f57ef6c-338a-4682-91fe-8877f8d67b2a;8.31;0.70420836;BUY
2016-04-16T02:27:03.000000;2016-04-16T02:27:03.567012;4f86d398-664a-4185-878f-7a5cb9abd5c1;8.31;1.0;BUY
2016-04-16T02:32:34.000000;2016-04-16T02:32:34.264066;e3efdea9-63dc-4f45-b48c-b090cfab807a;8.31;5.0;BUY
2016-04-16T02:39:53.000000;2016-04-16T02:39:53.932339;a9ae0d39-0e97-4caa-8784-f17e3b73a6e7;8.2401;3.255775;SELL
2016-04-16T02:40:53.000000;2016-04-16T02:40:53.139262;62b4e730-99b4-4e6b-847b-76f1e30bb405;8.2401;1.744225;BUY
2016-04-16T02:40:53.000000;2016-04-16T02:40:53.154264;f5c1f8cf-f80c-40af-9d1d-2546491463d1;8.301;0.255775;BUY
2016-04-16T02:40:56.000000;2016-04-16T02:40:56.571607;8f692994-758d-44c4-a71e-3db7685875e3;8.301;2.0;BUY
2016-04-16T03:13:42.000000;2016-04-16T03:13:42.542725;2f1243fc-ed8f-4a20-a735-3d9e2925409c;8.3;0.1;BUY
2016-04-16T03:13:42.000000;2016-04-16T03:13:42.557747;2a6a737a-8f91-484c-b91e-78008a311c5f;8.3;0.1;BUY
2016-04-16T03:13:42.000000;2016-04-16T03:13:42.562733;e137e1d8-d1c2-482c-9119-19855d0412be;8.3;0.1;BUY
2016-04-16T03:13:42.000000;2016-04-16T03:13:42.567732;2cb5b81c-f25c-40d4-9df0-764efb7b7c72;8.3;0.1;BUY
2016-04-16T03:13:42.000000;2016-04-16T03:13:42.578739;a822719d-16ad-4409-9290-78cda502a7a5;8.302;0.6;BUY
2016-04-16T03:14:08.000000;2016-04-16T03:14:08.930360;cddc7b51-f95d-4fb0-9674-657a899ac89a;8.302;1.0;BUY
2016-04-16T03:14:12.000000;2016-04-16T03:14:12.575717;b0ab2e68-641f-4147-9e05-666890dc2bac;8.302;1.0;BUY
2016-04-16T03:14:18.000000;2016-04-16T03:14:18.019272;1e68391c-d597-4287-a6dc-300e017f16d1;8.302;1.0;BUY
2016-04-16T03:14:36.000000;2016-04-16T03:14:36.290098;ba94ec9a-87ed-4fe8-9bcc-ce580c3c06fc;8.302;0.2;BUY
2016-04-16T03:20:18.000000;2016-04-16T03:20:18.887689;f3f14aa3-95a3-4c16-8951-a6810f8fca21;8.25;1.2;SELL
2016-04-16T03:20:18.000000;2016-04-16T03:20:18.899700;aa89b76b-bb3c-4e66-80d8-83db43845072;8.25;3.0;SELL
2016-04-16T03:54:40.000000;2016-04-16T03:54:40.869566;452d6fb5-3d82-43b9-8b86-8803f5d63b44;8.23;1.0;SELL
2016-04-16T04:24:24.000000;2016-04-16T04:24:24.761937;7a1fcb80-b9d0-426b-871e-eb27c149085b;8.3072;1.09785589;BUY
2016-04-16T04:24:25.000000;2016-04-16T04:24:25.117961;5cedf9b5-afcd-48a6-9763-2c3fed619514;8.3075;41.92;BUY
2016-04-16T04:24:32.000000;2016-04-16T04:24:32.663720;c391b77c-9bd3-4ac2-829b-cdc741066a76;8.3075;251.314234;BUY
2016-04-16T04:24:32.000000;2016-04-16T04:24:32.668748;01cf30d7-6b13-406d-bba6-57cc90cd61d6;8.31;93.295766;BUY
2016-04-16T04:24:33.000000;2016-04-16T04:24:33.423792;ffedffab-052e-4d1a-a960-d76d6bff29d5;8.31;2.564e-05;BUY
2016-04-16T04:24:36.000000;2016-04-16T04:24:36.779126;7ddd7ac6-9c25-40ce-9de5-f33352d6e004;8.3179;2.1957118;BUY
2016-04-16T04:24:43.000000;2016-04-16T04:24:43.138765;aedf1f87-6829-4d44-a07e-a17a7b8000d4;8.3229;3.33471992;BUY
2016-04-16T04:24:44.000000;2016-04-16T04:24:44.875940;3887f76d-bddb-4ab4-9fb9-b8fc6a6b7b6e;8.3229;3.33471992;BUY
2016-04-16T04:24:48.000000;2016-04-16T04:24:49.022364;00aaccdc-5c72-496e-bc65-6f4e48e6bd1d;8.3229;14.05;BUY
2016-04-16T04:25:10.000000;2016-04-16T04:25:10.066457;f64c65d9-2248-488c-b029-7575c46ca91a;8.3229;0.00326496;BUY
2016-04-16T04:25:10.000000;2016-04-16T04:25:10.071468;48acf1c4-723c-4166-aeb9-424afe0cc87b;8.329;0.99659573;BUY
2016-04-16T04:29:27.000000;2016-04-16T04:29:27.449194;fa706a5f-d07c-4d25-b885-987d789a5b9e;8.3664;0.52388935;BUY
2016-04-16T04:29:27.000000;2016-04-16T04:29:27.454211;ff2362ca-6f9f-4f7b-96d7-ad6b83f4438a;8.3664;0.51970243;BUY
2016-04-16T04:29:37.000000;2016-04-16T04:29:37.188176;8f152414-d255-4acd-8404-27e75e201272;8.3664;0.00418692;BUY
2016-04-16T04:29:37.000000;2016-04-16T04:29:37.198188;72ee046f-f444-48ef-980b-56c8ee0b9453;8.3725;0.52273915;BUY
2016-04-16T04:29:37.000000;2016-04-16T04:29:37.201194;a146f5f5-8273-486f-ad17-e0bccda01250;8.3756;0.5193;BUY
2016-04-16T04:29:37.000000;2016-04-16T04:29:37.205177;990d5a15-3ab1-4748-80dc-3bd41b7cb53e;8.4067;0.51915689;BUY
2016-04-16T04:29:37.000000;2016-04-16T04:29:37.215193;5833a9c0-8a00-4c48-89f0-0670b8a91d17;8.4199;4.43461704;BUY
2016-04-16T04:29:50.000000;2016-04-16T04:29:50.490501;a93eb6ec-91bd-4130-9e03-3966aae38b8b;8.4199;2.0;BUY
2016-04-16T04:30:07.000000;2016-04-16T04:30:07.671219;553d258c-fce0-41fc-b243-3c064bd7d826;8.353;89.2206;SELL
2016-04-16T04:30:07.000000;2016-04-16T04:30:07.678221;919600b1-c752-4e86-b3a2-28e4de291e64;8.353;149.3933227;SELL
2016-04-16T04:30:07.000000;2016-04-16T04:30:07.683227;a5a56621-9b59-4cbd-8d54-e4bf73047d93;8.353;8.4;SELL
2016-04-16T04:30:19.000000;2016-04-16T04:30:19.348383;1ab72249-807d-45cb-8cd9-952a2862de62;8.35;1.50098653;BUY
2016-04-16T04:30:35.000000;2016-04-16T04:30:35.284980;9eebfea6-eb11-4bf7-a601-0dd0431bc587;8.3492;0.1;SELL
2016-04-16T04:30:42.000000;2016-04-16T04:30:42.314674;5c286781-10c2-4be4-a606-2ebd2bbfe6c9;8.34;1.03394514;BUY
2016-04-16T04:30:42.000000;2016-04-16T04:30:42.790727;5cc24fb4-238b-4be8-acce-83ad60982067;8.34;2.20452106;BUY
2016-04-16T04:30:43.000000;2016-04-16T04:30:43.363873;500c2076-93ff-4257-9d78-b7729fd74403;8.34;1.12936451;BUY
2016-04-16T04:30:55.000000;2016-04-16T04:30:55.333984;f9b19a31-1a29-4f1f-b48f-f5140bb0959d;8.34;5.53216929;BUY
2016-04-16T04:30:55.000000;2016-04-16T04:30:55.343994;1acb4d32-79b4-4a31-a693-65c357799f53;8.34;6.54783071;BUY
2016-04-16T04:30:55.000000;2016-04-16T04:30:55.892090;74145776-39ad-4470-b195-56933ce917f3;8.34;3.45216929;BUY
2016-04-16T04:31:00.000000;2016-04-16T04:31:00.718527;cdd45dbe-f329-443f-9101-3db966334096;8.35;2.88573414;BUY
2016-04-16T04:31:03.000000;2016-04-16T04:31:03.049744;6c4de1d6-213b-4c8f-bafb-d3ad771ab25f;8.35;2.88573414;BUY
2016-04-16T04:31:06.000000;2016-04-16T04:31:06.502099;ce0c5339-63d6-4787-b254-3a76798fef20;8.35;2.88573414;BUY
2016-04-16T04:38:17.000000;2016-04-16T04:38:17.888642;78df8e5b-b18a-4752-83ab-53a94746d323;8.335;3.286094;SELL
2016-04-16T04:39:14.000000;2016-04-16T04:39:14.194283;4534677c-64b6-40d5-b590-04d52951a4c4;8.331;2.1292252;BUY
2016-04-16T04:51:48.000000;2016-04-16T04:51:48.529174;137740e2-8962-4449-8167-fb55f0bc7f42;8.2912;0.5292;SELL
2016-04-16T04:51:48.000000;2016-04-16T04:51:48.536182;a0cb91a3-912e-4694-a0fb-19b33229ea7a;8.2834;3.253856;SELL
2016-04-16T04:51:48.000000;2016-04-16T04:51:48.543183;d0577194-2264-43ea-bf67-b748982bea68;8.233;5.3493426;SELL
2016-04-16T04:58:06.000000;2016-04-16T04:58:06.904011;78cc367b-6c3f-4a25-b8d8-a5759037c628;8.314;5.83581569;BUY
2016-04-16T04:58:08.000000;2016-04-16T04:58:08.159163;eb9f9576-d4ae-4fd4-8012-31329e48664b;8.3139;3.272397;BUY
2016-04-16T04:58:09.000000;2016-04-16T04:58:09.143220;9c51d84e-7203-4449-8522-46dc94147659;8.313;5.2;BUY
2016-04-16T04:58:09.000000;2016-04-16T04:58:09.153228;09139ce0-c846-43af-a3d1-88b1772bab40;8.3139;0.63581569;BUY
2016-04-16T04:59:07.000000;2016-04-16T04:59:07.833102;5a8391d5-f9cd-48aa-94cc-0d3bf5fa7a95;8.3308;3.272397;BUY
2016-04-16T04:59:07.000000;2016-04-16T04:59:07.845128;eb281ca2-fe31-403f-aa35-e0c1b965d847;8.41;0.727603;BUY
2016-04-16T05:20:21.000000;2016-04-16T05:20:21.704038;c00fc088-638a-40b8-a7d9-80be8efb1061;8.2874;0.30686156;SELL
2016-04-16T05:55:34.000000;2016-04-16T05:55:34.563746;9a4f9004-167c-470f-a93c-4022d5a67076;8.3113;0.2;SELL
2016-04-16T06:13:35.000000;2016-04-16T06:13:36.220128;1f009b04-fc68-4c69-904b-2554a2600cf2;8.334;4.0;BUY
2016-04-16T06:15:32.000000;2016-04-16T06:15:32.176720;95a2d5a4-a2d0-4f81-9c97-f9f156b26faf;8.3269;0.604;BUY
2016-04-16T06:15:32.000000;2016-04-16T06:15:32.189750;d64eedcc-82b9-4123-bcd5-cf8bb14faa0a;8.34;0.4;BUY
2016-04-16T06:15:32.000000;2016-04-16T06:15:32.190737;4892ef8d-75b4-4074-96ce-c32c1ab45117;8.3438;3.260209;BUY
2016-04-16T06:15:32.000000;2016-04-16T06:15:32.191755;22529d38-7e46-4366-8bc3-3e8bd72a445c;8.364;0.1;BUY
2016-04-16T06:15:32.000000;2016-04-16T06:15:32.193726;47b616cd-8e48-443f-9be6-f99e8daa7dd7;8.364;0.1;BUY
2016-04-16T06:15:32.000000;2016-04-16T06:15:32.197735;d38c513a-ae17-4ab2-876e-17d7137735d8;8.374;0.1;BUY
2016-04-16T06:15:32.000000;2016-04-16T06:15:32.206729;e60b3fad-8d8a-4237-8fad-61e71a287d2c;8.374;0.1;BUY
2016-04-16T06:15:32.000000;2016-04-16T06:15:32.211746;bb40354d-77d5-4e1d-8f40-bcfe31cf1c73;8.374;0.1;BUY
2016-04-16T06:15:32.000000;2016-04-16T06:15:32.241730;97a6f0a2-3670-4bdc-9037-3f64915df693;8.378;0.1;BUY
2016-04-16T06:15:32.000000;2016-04-16T06:15:32.247745;9a5987c4-ab37-4452-8332-64f46b1a6be6;8.379;0.1;BUY
2016-04-16T06:15:32.000000;2016-04-16T06:15:32.252730;fffe6022-5a5b-4813-b81f-079ebc56716b;8.416;1.035791;BUY
2016-04-16T06:16:38.000000;2016-04-16T06:16:38.322335;1d36c2ca-71a8-4497-b1b5-d42bf49c0418;8.331;1.0;BUY
2016-04-16T06:19:23.000000;2016-04-16T06:19:23.072606;048b7206-27f0-49bf-b9b0-1cb12ab03de0;8.2989;0.1;SELL
2016-04-16T06:19:23.000000;2016-04-16T06:19:23.081636;24227f8d-c360-4b42-8055-68483ad91d72;8.2988;0.1;SELL
2016-04-16T06:19:23.000000;2016-04-16T06:19:23.083610;d1681515-9781-4827-9e18-2aa86343c668;8.2986;0.1;SELL
2016-04-16T06:19:23.000000;2016-04-16T06:19:23.096603;3e3620ba-352a-4644-baf8-b0ca07ae14ab;8.2924;1.7;SELL
2016-04-16T06:19:34.000000;2016-04-16T06:19:34.941797;fa56b1a6-9531-4ae4-b6d0-534bc93203ee;8.2924;1.0;SELL
2016-04-16T06:22:41.000000;2016-04-16T06:22:41.141421;cd25f382-577c-4508-8293-bc28c0fa877a;8.3428;0.3;BUY
2016-04-16T06:22:41.000000;2016-04-16T06:22:41.153407;4abcf627-3143-4c66-aa0c-34262ebbc3e0;8.4129;3.7;BUY
2016-04-16T07:05:00.000000;2016-04-16T07:05:00.594059;8aca8f3d-e147-48fe-b75f-3de398ed77ff;8.2924;0.548755;SELL
2016-04-16T07:05:35.000000;2016-04-16T07:05:35.767579;33b5fd95-309b-4647-9b03-56017d0b129c;8.2447;3.253132;SELL
2016-04-16T07:05:35.000000;2016-04-16T07:05:35.773582;d2b6d811-d16f-4800-aa60-8ae65a1064a7;8.221;6.746868;SELL
2016-04-16T07:06:57.000000;2016-04-16T07:06:57.377743;65570d4a-c02d-441b-acde-477a3dab2c1f;8.221;20.0;SELL
2016-04-16T07:10:11.000000;2016-04-16T07:10:11.835180;d50f2611-0e3a-4bf5-8d71-775482213659;8.2209;3.57006816;SELL
2016-04-16T07:10:11.000000;2016-04-16T07:10:11.854185;f9d125a4-ef68-4da4-a973-61a5fb37e7c2;8.22;46.66526594;SELL
2016-04-16T07:10:11.000000;2016-04-16T07:10:11.922186;1621bc3b-6b67-495e-bde6-e458dd98a90b;8.22;3.33473406;SELL
2016-04-16T07:10:15.000000;2016-04-16T07:10:15.132515;483fab8f-5710-4f0a-82aa-ecf80cc8fed5;8.2123;0.5291;SELL
2016-04-16T07:10:15.000000;2016-04-16T07:10:15.148522;dfd7fb17-a10a-4e11-afaf-ee6bf1920af6;8.203;0.66979362;SELL
2016-04-16T07:10:15.000000;2016-04-16T07:10:15.733572;3340343a-805f-4266-9edf-b8a4b7f86f92;8.203;2.60636938;SELL
2016-04-16T07:10:15.000000;2016-04-16T07:10:15.743572;fdbc41d8-5632-4194-b020-3afcd917ecfe;8.2015;0.52523767;SELL
2016-04-16T07:10:15.000000;2016-04-16T07:10:15.753571;6b032dce-9b40-4721-92e9-92542c2720a4;8.2;1.47437735;SELL
2016-04-16T07:11:43.000000;2016-04-16T07:11:43.787381;bb4465cf-3d71-4555-a792-8c61a27d5503;8.2;4.75479637;SELL
2016-04-16T07:17:18.000000;2016-04-16T07:17:18.832886;41ff25fb-1131-4fc2-ba56-62bf907e82b6;8.21;20.7227048;SELL
2016-04-16T07:17:20.000000;2016-04-16T07:17:20.451043;48964f0e-0756-4956-950d-458a24dc25cf;8.21;20.7227048;SELL
2016-04-16T07:18:17.000000;2016-04-16T07:18:17.685761;d3322808-aaf7-42e6-9844-dddb0b834ff3;8.211;10.1;SELL
2016-04-16T07:18:17.000000;2016-04-16T07:18:17.700791;dadd0681-4f0d-40b3-a113-2746c1226283;8.21;44.845;SELL
2016-04-16T07:20:10.000000;2016-04-16T07:20:10.196235;b8434044-c173-4998-8926-9b4e1545ef03;8.219;91.1667;BUY
2016-04-16T07:20:10.000000;2016-04-16T07:20:10.205253;01d1a547-f8c3-4903-b033-9cacb036f288;8.22;1.75374718;BUY
2016-04-16T07:20:10.000000;2016-04-16T07:20:10.206234;ebbeb20f-5129-4720-b43a-ce2f4960aa77;8.22;53.57006715;BUY
2016-04-16T07:20:10.000000;2016-04-16T07:20:10.486264;e8f4471b-1ee9-4e29-b026-8277b8219f29;8.22;43.09670815;SELL
2016-04-16T07:21:06.000000;2016-04-16T07:21:06.194834;76d8ae89-ce26-4b23-9101-5eafd891ee97;8.23;45.95816651;BUY
2016-04-16T07:25:27.000000;2016-04-16T07:25:27.253948;d625fda5-c90e-44bd-8d27-4b892474b1e3;8.2;28.92192218;SELL
2016-04-16T07:37:15.000000;2016-04-16T07:37:15.433367;4aed26ea-2de0-4b8a-85b0-a91172e289d5;8.2;14.8489041;SELL
2016-04-16T07:37:15.000000;2016-04-16T07:37:15.447357;0ceac9dd-f835-4f3f-b16c-69dfdad597ca;8.1986;0.52565181;SELL
2016-04-16T08:00:27.000000;2016-04-16T08:00:28.031723;72b7a177-d4bf-4d9c-a254-85b90cd3f2ee;8.205;12.65857571;BUY
2016-04-16T08:26:16.000000;2016-04-16T08:26:16.131704;970c8e56-250c-4eb7-9f25-5a618a3a55d8;8.1829;15.35;BUY
2016-04-16T08:26:37.000000;2016-04-16T08:26:37.201810;47059a20-98b2-4927-aeed-1d3a50b9ce07;8.1829;0.02455591;BUY
2016-04-16T08:26:37.000000;2016-04-16T08:26:37.204800;f059dbb8-d545-420e-80a9-d645e7025451;8.1859;15.37455591;BUY
2016-04-16T08:30:32.000000;2016-04-16T08:30:32.288319;2f370ff0-cac6-4f06-8f40-e663be40f4fb;8.186;0.00088818;SELL
2016-04-16T08:30:32.000000;2016-04-16T08:30:32.308319;945fe785-7737-442a-a55f-99a94307a440;8.186;0.34826744;SELL
2016-04-16T08:40:31.000000;2016-04-16T08:40:31.507873;07c0f215-d3b5-4e22-9742-58292e8f7b27;8.2392;0.53123672;BUY
2016-04-16T08:40:31.000000;2016-04-16T08:40:31.518866;afb121a2-1de4-46ed-83cc-48327194e138;8.2578;0.53053212;BUY
2016-04-16T08:40:31.000000;2016-04-16T08:40:31.524871;9a181812-259c-4fd4-928e-7a3ef9276f8e;8.2588;0.52787162;BUY
2016-04-16T08:40:31.000000;2016-04-16T08:40:31.528868;ccbd2f74-3ba0-4293-9435-9b1a4b50ff22;8.2588;0.52952078;BUY
2016-04-16T08:40:31.000000;2016-04-16T08:40:31.529868;704f5824-53c4-4a8c-97da-af23914620f7;8.2588;0.52856916;BUY
2016-04-16T08:42:16.000000;2016-04-16T08:42:17.016422;c493b4c4-a8aa-4ff2-8dce-6401b514da6d;8.226;20.7227048;SELL
2016-04-16T08:45:58.000000;2016-04-16T08:45:58.385558;7396dfe3-f762-4f80-98fe-360bb824f752;8.265;2.6477304;BUY
2016-04-16T08:45:58.000000;2016-04-16T08:45:58.399572;873b071a-71e0-450a-9521-70f42bcf89fd;8.265;2.6477304;BUY
2016-04-16T09:16:50.000000;2016-04-16T09:16:50.605188;ba48a63c-f8c3-411d-b6ca-429ea417b767;8.2299;1.14607406;BUY
2016-04-16T09:20:17.000000;2016-04-16T09:20:17.772862;5a136ff3-c0f8-4e24-b679-8897cfc44366;8.202;1.00801336;SELL
2016-04-16T10:41:30.000000;2016-04-16T10:41:30.306759;1374071f-37e3-424c-be52-91c01e470af7;8.2299;9.65238179;BUY
2016-04-16T10:46:52.000000;2016-04-16T10:46:52.260947;cffa8232-8cf4-4fe2-a7f9-dafce861217e;8.2506;3.253738;BUY
2016-04-16T10:46:52.000000;2016-04-16T10:46:52.266946;9c027683-4057-4bd9-a26f-429d9f7aef50;8.2528;9.92424895;BUY
2016-04-16T10:46:52.000000;2016-04-16T10:46:52.268947;7bbc8c7d-07e4-4bb8-9e07-ccd369b44a3a;8.2529;39.3689804;BUY
2016-04-16T10:57:34.000000;2016-04-16T10:57:34.335430;5334750e-12a9-4dfe-a37b-067cb8a4fa35;8.23;19.5295856;SELL
2016-04-16T11:17:37.000000;2016-04-16T11:17:37.980379;2099ce75-47a2-4624-b67f-099294bcede2;8.23;1.09769;SELL
2016-04-16T11:43:51.000000;2016-04-16T11:43:51.414872;b1d2f7e8-0240-4343-89d3-7e1721ea509f;8.242;10.42734866;SELL
2016-04-16T12:40:06.000000;2016-04-16T12:40:06.933651;d4e504ae-4984-4921-bc0a-779b5d0ec656;8.279;1.0019479;BUY
2016-04-16T12:58:51.000000;2016-04-16T12:58:51.816771;85ec9210-4134-4954-88b2-ee542936f2bb;8.241;1.00510153;SELL
2016-04-16T13:20:48.000000;2016-04-16T13:20:48.513528;ad2881fd-9c11-4a93-8521-4ddef3eb324a;8.264;6.022966;SELL
2016-04-16T13:20:50.000000;2016-04-16T13:20:50.496477;9dc8065f-34bf-467a-b06e-097cccbfed1a;8.2974;1.09775515;BUY
2016-04-16T13:20:50.000000;2016-04-16T13:20:50.503493;a8694474-5562-4dea-ba30-ebcf776265f9;8.2975;0.52565181;BUY
2016-04-16T13:20:50.000000;2016-04-16T13:20:50.512481;fa7a69ac-40aa-45a0-8548-9863ae4479c4;8.3005;0.52523767;BUY
2016-04-16T13:20:50.000000;2016-04-16T13:20:50.514471;c1d15540-6b99-4a74-887b-c2a9e25e1d68;8.3029;3.274378;BUY
2016-04-16T13:20:50.000000;2016-04-16T13:20:50.527481;a325a383-6dd8-4f4c-b20a-6429203a693f;8.324;89.2633;BUY
2016-04-16T13:20:50.000000;2016-04-16T13:20:50.535475;f89fa4fc-367a-48a1-8a47-be2d88d9cc0b;8.3259;174.0;BUY
2016-04-16T13:20:50.000000;2016-04-16T13:20:50.543476;c54c3452-08d8-47cd-bb1d-d219d4cd65a0;8.3456;0.5286;BUY
2016-04-16T13:20:51.000000;2016-04-16T13:20:51.774606;2522312d-861d-4b0b-8b46-8be29f1773d4;8.35;174.0;SELL
2016-04-16T13:20:51.000000;2016-04-16T13:20:51.995636;738ecfed-d66e-4060-a8cf-db6e36d53f6a;8.35;47.83857623;SELL
2016-04-16T13:20:52.000000;2016-04-16T13:20:52.241675;a8778324-f86a-43a6-8bdc-312f35d62577;8.35;67.27391629;SELL
2016-04-16T13:20:52.000000;2016-04-16T13:20:52.421671;2bdcb1f1-8ca1-4e00-813c-61fca3cfddda;8.35;3.37280523;SELL
2016-04-16T13:20:52.000000;2016-04-16T13:20:52.825707;a1ceef13-a715-4962-80cc-8b4d3e96f84e;8.35;67.27391629;SELL
2016-04-16T13:20:52.000000;2016-04-16T13:20:52.885088;d3e9648a-4a57-45a7-8109-303c17f3b5f0;8.35;79.25;SELL
2016-04-16T13:20:52.000000;2016-04-16T13:20:53.022731;71e8334c-a484-4218-917c-981a8ac7b1ff;8.35;40.67181777;SELL
2016-04-16T13:20:53.000000;2016-04-16T13:20:53.048727;565f26d8-0f84-42bb-87b3-ef3f2d45059a;8.35;67.27391629;SELL
2016-04-16T13:20:53.000000;2016-04-16T13:20:53.564793;c82fb475-6575-405d-90b0-3fa4675cc3df;8.35;116.90388127;SELL
2016-04-16T13:21:54.000000;2016-04-16T13:21:54.204585;9b189f0e-bc87-4ffe-98ad-f5e4bfd9fabe;8.314;8.66;SELL
2016-04-16T13:21:58.000000;2016-04-16T13:21:58.172998;4864df6e-c6f5-4e2f-86f9-dd253d85c421;8.3134;143.18;SELL
2016-04-16T13:21:59.000000;2016-04-16T13:21:59.298103;fa0de08a-f318-4fdb-bd2a-4a751fb05781;8.3139;20.7227048;BUY
2016-04-16T13:21:59.000000;2016-04-16T13:21:59.313102;022279fb-6461-484d-94e9-bb2d7e0f7b5d;8.3139;20.7227042;BUY
2016-04-16T13:21:59.000000;2016-04-16T13:21:59.337099;dc2ad8e1-d1e9-48c5-8e27-bb4dcd538127;8.3139;20.7227048;BUY
2016-04-16T13:21:59.000000;2016-04-16T13:21:59.350102;e377eaac-abb9-4dde-83eb-d920ef56ee8c;8.3299;20.72270368;BUY
2016-04-16T13:21:59.000000;2016-04-16T13:21:59.357433;d8b248fe-438b-4c01-a62f-f7730f54a670;8.3299;20.7227048;BUY
2016-04-16T13:21:59.000000;2016-04-16T13:21:59.361154;3a8c17a5-5a24-4d55-8fa5-a820d84de7a1;8.3299;20.7227048;BUY
2016-04-16T13:21:59.000000;2016-04-16T13:21:59.364088;5f804b10-2142-4f36-b6ab-b02f186a65dd;8.3299;174.0;BUY
2016-04-16T13:21:59.000000;2016-04-16T13:21:59.369095;7abfa0f0-4ebe-49c4-98b8-683671070ddf;8.33;65.41;BUY
2016-04-16T13:21:59.000000;2016-04-16T13:21:59.370188;1240d449-09c0-488c-a8a5-b61a2440a515;8.331;3.256461;BUY
2016-04-16T13:21:59.000000;2016-04-16T13:21:59.371090;35a07a8d-8129-45f1-b760-a88dc1a3c8d4;8.333;89.3243;BUY
2016-04-16T13:22:00.000000;2016-04-16T13:22:00.120180;18fa52ab-6cda-4a6f-9a74-6613f9cf036c;8.35;20.7227048;SELL
2016-04-16T13:22:00.000000;2016-04-16T13:22:00.506209;bcedeea6-b6da-440d-9a74-3f9455ca1eb7;8.35;48.09349817;SELL
2016-04-16T13:22:00.000000;2016-04-16T13:22:00.897302;e358c1b5-2160-436d-83e9-c4588051cb6d;8.35;20.7227048;SELL
2016-04-16T13:22:01.000000;2016-04-16T13:22:01.821348;7f04e55c-fc97-41c0-811b-0e303b8dbe00;8.35;20.7227048;SELL
2016-04-16T13:22:02.000000;2016-04-16T13:22:02.081373;4f83e658-5a29-4d6b-b063-67c8d3e75d77;8.35;12.03969023;SELL
2016-04-16T13:22:02.000000;2016-04-16T13:22:02.562415;62e41f75-3494-4255-836e-603f62ae8595;8.35;3.32997175;SELL
2016-04-16T13:22:02.000000;2016-04-16T13:22:02.608428;9536b829-a1e3-43e8-869a-fe4d26d4d132;8.35;20.65244993;SELL
2016-04-16T13:22:02.000000;2016-04-16T13:22:02.753439;f398979c-a232-4a69-ac4d-ae87fd997589;8.35;2.75159767;SELL
2016-04-16T13:22:03.000000;2016-04-16T13:22:03.172099;74243bf6-7628-4774-a4b9-cd1812de3032;8.35;6.95382291;SELL
2016-04-16T13:22:03.000000;2016-04-16T13:22:03.555521;c9a08121-5689-47b8-900e-2c94b52ac71f;8.35;6.95382291;SELL
2016-04-16T13:22:04.000000;2016-04-16T13:22:04.082584;81f4e509-a91e-41d4-8579-526858cb064b;8.35;254.56301295;SELL
2016-04-16T13:22:06.000000;2016-04-16T13:22:06.773839;024557c7-85a3-45d5-b6b1-e09762b75212;8.315;55.53;SELL
2016-04-16T13:23:08.000000;2016-04-16T13:23:08.329989;2d3c3775-6599-4cf6-9945-f1c48f21704f;8.3299;174.0;BUY
2016-04-16T13:23:15.000000;2016-04-16T13:23:15.418698;ac5955d2-4d5a-4de5-a04a-48fcaadf1efd;8.3299;3.84067473;SELL
2016-04-16T13:23:17.000000;2016-04-16T13:23:17.787933;33880a41-2d5d-4e5b-a0b4-a7053e553273;8.3299;3.84067473;SELL
2016-04-16T13:23:25.000000;2016-04-16T13:23:25.715720;4b432878-5379-4fe3-8109-42dd844a3fd2;8.3299;174.0;BUY
2016-04-16T13:23:25.000000;2016-04-16T13:23:25.729731;810ee729-8bd9-4d38-b535-12a9039d5ebb;8.3299;3.84067473;BUY
2016-04-16T13:23:25.000000;2016-04-16T13:23:25.730724;8a113d36-65ec-44bc-896f-b4360ef482ca;8.33;14.60303827;BUY
2016-04-16T13:23:35.000000;2016-04-16T13:23:35.580737;995e245a-8483-4d4c-b6da-038cea923d8f;8.2431;15.3929453;SELL
2016-04-16T13:23:35.000000;2016-04-16T13:23:35.595709;06eefc48-7267-4354-9aca-571c8fc63d8f;8.243;9.21450974;SELL
2016-04-16T13:24:38.000000;2016-04-16T13:24:38.278986;c637ec33-23fb-410a-9ccb-e83274566a35;8.3289;2.1957118;BUY
2016-04-16T13:24:38.000000;2016-04-16T13:24:38.290987;7086179c-0b45-4341-af15-c1a61c9c31a7;8.3299;3.255677;BUY
2016-04-16T13:24:38.000000;2016-04-16T13:24:38.294985;ee4d541e-3662-48ad-988c-8004e62c59f9;8.33;15.33996173;BUY
2016-04-16T13:24:38.000000;2016-04-16T13:24:38.296991;e1724a0a-9b72-4e64-afad-3eeee4c84b99;8.3498;18.526993;BUY
2016-04-16T13:24:38.000000;2016-04-16T13:24:38.299995;9e30e5af-0419-4182-bd98-9d02b9de0e07;8.35;1.00136;BUY
2016-04-16T13:24:38.000000;2016-04-16T13:24:38.304000;5dfc3659-ecce-4dd1-86ac-4f655b8997ae;8.35;55.67629705;BUY
2016-04-16T13:24:41.000000;2016-04-16T13:24:41.195270;92406bb9-68ba-45fe-b737-13b57a7d51e1;8.35;137.3181;SELL
2016-04-16T13:24:41.000000;2016-04-16T13:24:41.453309;a3153a6e-5f44-4999-89c6-898d6ca95cff;8.35;2.33045699;SELL
2016-04-16T13:24:41.000000;2016-04-16T13:24:41.727327;ad26c5cd-a1b9-4cdb-a791-c61ac34483c1;8.35;64.81;SELL
2016-04-16T13:24:41.000000;2016-04-16T13:24:42.000356;17f63d7a-407b-4db9-acb8-639c586489d7;8.35;30.67;SELL
2016-04-16T13:24:43.000000;2016-04-16T13:24:43.475503;c4fea823-1e88-49b3-9f20-65e303320a06;8.35;345.77;SELL
2016-04-16T13:24:43.000000;2016-04-16T13:24:43.632523;d36ee9f1-e072-4337-b1d1-cbc4f64d2215;8.35;8.21872823;SELL
2016-04-16T13:24:44.000000;2016-04-16T13:24:44.184576;77c98932-1581-4ea8-99c0-9385226237df;8.35;3.255677;SELL
2016-04-16T13:24:46.000000;2016-04-16T13:24:46.475863;978e78d3-bbd2-4d47-a8f3-525ed397dc1d;8.35;2.22570466;SELL
2016-04-16T13:24:56.000000;2016-04-16T13:24:56.739832;ce491bd4-ac15-4a87-b6c8-f276a73dc67d;8.325;64.375;SELL
2016-04-16T13:25:53.000000;2016-04-16T13:25:53.329489;db0b778d-5dcd-4ccf-80ef-d89ce5e35344;8.35;7.38071573;BUY
2016-04-16T13:25:53.000000;2016-04-16T13:25:53.346496;e0bd7a89-56f1-4bb1-922d-69510a0683c4;8.35;7.38071573;BUY
2016-04-16T13:25:55.000000;2016-04-16T13:25:55.428709;335b69b6-5556-43c3-87be-fe9a1d1011d6;8.351;1.13719255;SELL
2016-04-16T13:25:55.000000;2016-04-16T13:25:55.743728;a300271c-b99a-4441-badc-c1bb6a3e89af;8.351;20.7227048;SELL
2016-04-16T13:25:57.000000;2016-04-16T13:25:57.478921;75950b95-361e-4dfa-928a-9b71403a0af6;8.351;4.84474329;SELL
2016-04-16T13:26:00.000000;2016-04-16T13:26:00.988252;6aa70ae4-02a2-405f-a605-957e9a8d5218;8.35;1.13705658;SELL
2016-04-16T13:26:04.000000;2016-04-16T13:26:04.964680;a937043c-045e-4cb3-a5a8-891e72283ec9;8.331;89.5246;SELL
2016-04-16T13:26:04.000000;2016-04-16T13:26:04.966661;ace3ee47-ecf7-4957-9a85-078d3e2eb551;8.33;38.4859;SELL
2016-04-16T13:27:24.000000;2016-04-16T13:27:24.422598;a13cc203-de83-4e8a-b338-2221bf6df98b;8.3499;28.2816;BUY
2016-04-16T13:27:24.000000;2016-04-16T13:27:24.425599;cf51ca0f-52a6-407e-974f-330add421220;8.35;0.58558646;BUY
2016-04-16T13:27:24.000000;2016-04-16T13:27:24.427614;19df5c84-01a6-4bd4-8a08-6859362aeed3;8.35;62.50599754;BUY
2016-04-16T13:28:40.000000;2016-04-16T13:28:40.305184;babec4ee-40bf-4e47-803e-efa5e90c54c8;8.331;5.228;SELL
2016-04-16T13:28:59.000000;2016-04-16T13:28:59.776139;17426cdb-d150-4234-ad12-563cc14b7419;8.35;37.49400246;BUY
2016-04-16T13:29:09.000000;2016-04-16T13:29:09.460126;38f4a83d-0f0b-43a2-958f-6c2388f44255;8.35;2.42829524;SELL
2016-04-16T13:29:56.000000;2016-04-16T13:29:56.642822;938dea4a-4c31-4505-ad01-ba1f839ee95a;8.35;3.22807;SELL
2016-04-16T13:30:24.000000;2016-04-16T13:30:24.115567;4aa165bf-6b49-4d60-83b4-f49b22e1f514;8.351;3.26180862;BUY
2016-04-16T13:30:41.000000;2016-04-16T13:30:41.399295;c137b58d-d7b6-41ed-9f03-10ed41758598;8.35;3.29934;SELL
2016-04-16T13:31:54.000000;2016-04-16T13:31:56.619809;8ae42fca-a3a9-4cd4-9634-af6b8fecbae5;8.292;0.6744;SELL
2016-04-16T13:31:58.000000;2016-04-16T13:31:58.624020;1ccc3273-2b87-4cbc-93b7-db531d234277;8.351;1.78458135;BUY
2016-04-16T13:32:13.000000;2016-04-16T13:32:14.026552;41dccd19-a0e5-492f-8b3a-cc79c512f626;8.351;1.78458135;BUY
2016-04-16T13:34:32.000000;2016-04-16T13:34:32.673421;60f4a9b1-338d-4040-830d-77bbfde78bdc;8.351;1.45537865;BUY
2016-04-16T13:37:18.000000;2016-04-16T13:37:18.473703;d9c87c18-fab2-4c32-aca6-ea759c7c2e89;8.339;6.7808;SELL
2016-04-16T13:38:59.000000;2016-04-16T13:38:59.124776;74b5302d-ba66-4e36-b4a6-f69b099cee2b;8.35;1.12970251;SELL
2016-04-16T14:07:33.000000;2016-04-16T14:07:34.019857;f43719ec-4d0a-4a31-9013-a683ec0892fb;8.3739;1.09785589;BUY
2016-04-16T14:09:04.000000;2016-04-16T14:09:04.382895;42b99cfc-31b6-45a4-96eb-d36dd631a1cd;8.37;1.09785589;BUY
2016-04-16T14:09:04.000000;2016-04-16T14:09:04.401895;da43e260-5171-4539-a9ed-dba65f794477;8.37;4.94324074;BUY
2016-04-16T14:09:04.000000;2016-04-16T14:09:04.539909;4a7237b8-8823-4d73-a304-deb960de0835;8.37;1.09785589;BUY
2016-04-16T14:44:18.000000;2016-04-16T14:44:18.287377;8fe0d0cf-0d55-4baf-8bd5-818d2126fdb7;8.295;0.37014448;SELL
2016-04-16T15:22:36.000000;2016-04-16T15:22:36.965544;1e6c8046-19a2-4b1a-9352-b851891b4288;8.35;5.1;BUY
2016-04-16T15:22:38.000000;2016-04-16T15:22:38.204687;62f2a81e-82ab-497c-a660-0e6c98037de4;8.35;4.9;BUY
2016-04-16T15:23:09.000000;2016-04-16T15:23:09.352785;40b0ccaa-5575-4dd1-9387-4c06db2826ef;8.359;0.4;BUY
2016-04-16T15:23:09.000000;2016-04-16T15:23:09.359784;3a1a78fc-089a-4c4a-9b91-55a869e61638;8.36;9.6;BUY
2016-04-16T15:23:11.000000;2016-04-16T15:23:11.182964;7e37aa1a-fa7d-4209-9ce9-ade1b06112e0;8.36;0.4;BUY
2016-04-16T15:23:32.000000;2016-04-16T15:23:32.723117;60e5e552-886c-4b58-bc0b-6c34248941fa;8.37;2.69;BUY
2016-04-16T15:23:35.000000;2016-04-16T15:23:35.458387;0affde29-82dc-412d-bfd2-0fda4343dfce;8.37;7.31;BUY
2016-04-16T15:23:45.000000;2016-04-16T15:23:45.666415;0e0af520-32b0-4f20-a665-0b9867a2c78c;8.3759;1.61;BUY
2016-04-16T15:24:03.000000;2016-04-16T15:24:03.215192;247a6c39-fc78-46f5-adfa-8ae98dc6b4ab;8.3759;0.00293506;BUY
2016-04-16T15:24:03.000000;2016-04-16T15:24:03.225182;be111260-1bb1-48c2-9c88-c5f75f98a1c0;8.38;10.0;BUY
2016-04-16T15:24:03.000000;2016-04-16T15:24:03.233237;19ace81a-e9b6-4391-9f30-62476daec749;8.38;3.76706494;BUY
2016-04-16T15:24:08.000000;2016-04-16T15:24:08.240746;49b75de6-882f-4391-8c5a-1333d7536f42;8.38;6.23293506;BUY
2016-04-16T15:24:08.000000;2016-04-16T15:24:08.251683;125136c5-e559-48a7-86d9-6bc0725384a0;8.38;9.99706494;BUY
2016-04-16T15:24:09.000000;2016-04-16T15:24:09.416786;e4fd6550-b4d4-49da-bffa-af64c28efee3;8.38;0.00293506;BUY
2016-04-16T15:24:34.000000;2016-04-16T15:24:34.135281;7c34369d-9ac2-4894-9fa1-0d0242c483a9;8.39;20.0;BUY
2016-04-16T15:24:45.000000;2016-04-16T15:24:45.662411;c581fbf8-2723-4509-a3f1-0642995da052;8.4;20.0;BUY
2016-04-16T15:25:06.000000;2016-04-16T15:25:06.033490;6e8478c9-639c-42b3-baf8-41c0bd10f984;8.41;20.0;BUY
2016-04-16T15:25:14.000000;2016-04-16T15:25:14.361283;de1764cf-4e12-4b2b-9cef-1efc2cc27a12;8.41;10.0;BUY
2016-04-16T15:25:15.000000;2016-04-16T15:25:15.180366;1d4942f3-70b8-4516-950f-204a6b24f044;8.41;10.0;BUY
2016-04-16T15:25:17.000000;2016-04-16T15:25:17.306580;256bcd2a-e1c2-4210-bcd4-f5172912c9aa;8.411;10.0;BUY
2016-04-16T15:25:32.000000;2016-04-16T15:25:32.866119;6bebc5fe-b921-4fe7-80f0-92efc8419fc3;8.41;30.0;BUY
2016-04-16T15:25:51.000000;2016-04-16T15:25:51.121949;1ee77917-6a47-4191-97b4-a8a4e8ac8c93;8.41;30.0;BUY
2016-04-16T15:25:52.000000;2016-04-16T15:25:52.890177;70e7165a-9a3e-4155-a35d-3b550fd1ad98;8.42;30.0;BUY
2016-04-16T15:25:55.000000;2016-04-16T15:25:55.468392;1da338e8-5b19-435b-a6dd-8a8ac466e540;8.421;3.05965089;SELL
2016-04-16T15:26:43.000000;2016-04-16T15:26:43.950236;72760518-00a9-4494-ad5f-400320db5c75;8.421;84.82474911;SELL
2016-04-16T15:33:54.000000;2016-04-16T15:33:54.687308;b15569b0-b680-4348-9f5f-21774e0c1ee7;8.425;5.0;BUY
2016-04-16T15:34:20.000000;2016-04-16T15:34:20.665900;f7ba2283-fc0e-4a5b-b3c0-ca52d5fd820f;8.3941;5.0;SELL
2016-04-16T15:34:20.000000;2016-04-16T15:34:20.669895;6dbb891b-3dff-408d-84ea-cb5b369e2ac3;8.394;88.6703;SELL
2016-04-16T15:34:20.000000;2016-04-16T15:34:20.684902;d8544985-4b01-4ea0-817a-cedb976a6d6a;8.394;6.3297;SELL
2016-04-16T15:34:45.000000;2016-04-16T15:34:45.286369;e90c6ff7-b013-4674-a5df-d37170878923;8.394;43.53;BUY
2016-04-16T15:34:48.000000;2016-04-16T15:34:48.038648;172c2413-8e02-416b-8aa9-683314193a8e;8.394;6.47;BUY
2016-04-16T15:34:48.000000;2016-04-16T15:34:48.049650;c675dbdf-f4e3-4254-bdb1-5584a8aca2c4;8.394;43.53;BUY
2016-04-16T15:34:49.000000;2016-04-16T15:34:49.342786;2300ef18-818a-41dc-8c68-f7f301604390;8.394;6.47;BUY
2016-04-16T15:38:37.000000;2016-04-16T15:38:37.844967;220db380-3966-49f4-a535-a4594243ac92;8.425;5.0;BUY
2016-04-16T15:38:41.000000;2016-04-16T15:38:41.758357;5dc6de55-b831-4299-9b6b-e90bd5b88f5f;8.4299;27.67;BUY
2016-04-16T15:38:51.000000;2016-04-16T15:38:51.764369;65a3e0f5-1f41-405e-a5ad-eadcfa64f894;8.43;30.0;BUY
2016-04-16T15:38:51.000000;2016-04-16T15:38:51.771372;08093631-5794-4861-b18b-4fad9db82931;8.43;10.0;BUY
2016-04-16T15:38:51.000000;2016-04-16T15:38:51.775410;724205cb-2b43-4842-8772-8f25c891711c;8.44;5.0;BUY
2016-04-16T15:38:51.000000;2016-04-16T15:38:51.784379;b5d6f7d0-72b2-46e9-bc5e-e38776416e47;8.44;20.0;BUY
2016-04-16T15:38:51.000000;2016-04-16T15:38:51.787377;277923d5-5937-4108-82a0-dd40a9d4c409;8.4446;0.85;BUY
2016-04-16T15:40:20.000000;2016-04-16T15:40:20.991293;9476383f-d5ab-4f44-ab24-db842f54142b;8.448;88.2156;SELL
2016-04-16T15:40:20.000000;2016-04-16T15:40:21.016302;264fb17c-4861-4b54-ab5c-ea2f0f112fac;8.447;3.29472;SELL
2016-04-16T15:40:20.000000;2016-04-16T15:40:21.019295;45e65717-7c6e-41f7-8495-836b2540a84d;8.445;8.11;SELL
2016-04-16T15:41:00.000000;2016-04-16T15:41:00.636257;930a587a-0867-4cf3-8ef6-6643ea4d7d37;8.44;27.0;BUY
2016-04-16T15:47:31.000000;2016-04-16T15:47:31.832366;8120caa3-d3c1-465f-822f-a02ef09b559a;8.436;3.204208;SELL
2016-04-16T15:47:31.000000;2016-04-16T15:47:31.835415;9bb532eb-e849-4ad4-a30b-ccaf542169b2;8.4182;2.20936299;SELL
2016-04-16T15:47:31.000000;2016-04-16T15:47:31.844371;9cc90078-b6ff-4979-a7aa-37c31ece08ff;8.417;87.9166;SELL
2016-04-16T15:47:31.000000;2016-04-16T15:47:31.846368;7dd6de48-e90d-4c13-b68f-78c19cf6f443;8.416;6.66982901;SELL
2016-04-16T15:47:37.000000;2016-04-16T15:47:37.497933;06e2b310-76bb-49f5-8eab-da084f661ba9;8.4;100.0;SELL
2016-04-16T15:47:43.000000;2016-04-16T15:47:43.415527;43fa7fb4-bcd6-446a-a709-4d78cc4669a6;8.381;50.0;SELL
2016-04-16T15:47:46.000000;2016-04-16T15:47:46.066784;2c454947-ea91-42a2-83a9-31e41a094e8b;8.381;50.0;SELL
2016-04-16T16:19:50.000000;2016-04-16T16:19:50.282277;ce003496-d9c2-4bd9-9151-877a95b30682;8.43;1.10226049;BUY
2016-04-16T16:20:23.000000;2016-04-16T16:20:23.093559;4223c130-2039-4229-96fd-7680597d59a4;8.43;9.89773951;BUY
2016-04-16T16:31:52.000000;2016-04-16T16:31:52.281124;71cd7d0b-e15c-4d97-b246-ae2c1fd2950c;8.4346;3.208579;SELL
2016-04-16T16:31:52.000000;2016-04-16T16:31:52.297108;8736e856-dcb3-4ed0-96ec-7bb78c2ea5d1;8.43;0.791421;SELL
2016-04-16T16:37:16.000000;2016-04-16T16:37:16.960896;9ac9d007-9730-48e0-b05e-8aedb09f11d4;8.4336;4.20817904;BUY
2016-04-16T16:37:17.000000;2016-04-16T16:37:17.449932;2c43500e-f8ab-4019-a636-44099a0ffbcf;8.4336;2.09182096;BUY
2016-04-16T16:37:17.000000;2016-04-16T16:37:17.463933;dc96040d-69a7-431a-8dd7-003336a0e7fb;8.4346;2.11635757;BUY
2016-04-16T16:37:18.000000;2016-04-16T16:37:18.073019;90594493-2fd9-463d-ac44-2f97682c0581;8.4346;4.20817904;BUY
2016-04-16T16:37:18.000000;2016-04-16T16:37:18.940085;7c084ae5-1e9a-46cb-baa9-d3565f9f9891;8.4346;4.20817904;BUY
2016-04-16T16:37:19.000000;2016-04-16T16:37:19.544143;d943d287-10da-4c59-9868-4ea47921c1fb;8.4346;4.20817856;BUY
2016-04-16T16:37:19.000000;2016-04-16T16:37:19.546130;58bc8bdf-1cbc-48d6-b45f-9f00d1bc2850;8.4346;4.20817904;BUY
2016-04-16T16:37:19.000000;2016-04-16T16:37:19.822179;13f06b83-5195-4b2a-8a65-09f0ae80c880;8.4346;4.20817904;BUY
2016-04-16T16:37:20.000000;2016-04-16T16:37:20.257226;3b1a69b6-a5eb-4d79-9b32-915c2f36cc2c;8.4346;4.20817904;BUY
2016-04-16T16:37:21.000000;2016-04-16T16:37:21.515401;b29719d6-5b26-4297-a62a-8f93e984acba;8.4346;4.20817853;BUY
2016-04-16T16:37:21.000000;2016-04-16T16:37:21.525352;a5c22b53-f59b-461a-b660-a030624ae0c3;8.4346;4.20817904;BUY
2016-04-16T16:37:21.000000;2016-04-16T16:37:21.951401;8c651287-b66d-49d8-9354-07f4cdf224ab;8.4346;4.20817853;BUY
2016-04-16T16:37:22.000000;2016-04-16T16:37:22.346428;4fbe4cb8-27b8-478e-ad33-5131fb228dfe;8.4346;4.20817904;BUY
2016-04-16T16:37:22.000000;2016-04-16T16:37:22.479436;52e2c5b4-344a-4e29-b4b3-dfdf2abe7274;8.4346;2.80185353;BUY
2016-04-16T16:37:22.000000;2016-04-16T16:37:22.803475;fc8876ad-c732-4305-b1ab-6a5a657782f3;8.45;4.20817853;BUY
2016-04-16T16:37:24.000000;2016-04-16T16:37:24.605649;f120f57d-0b4d-4db5-b48f-a6fad779e6fd;8.45;8.4163576;BUY
2016-04-16T16:38:18.000000;2016-04-16T16:38:18.681072;50209985-3370-4da0-b8b4-5b4779901bae;8.4355;4.2006028;SELL
2016-04-16T16:38:18.000000;2016-04-16T16:38:18.694084;cdf215a8-2071-43ef-b6f9-b2229d5c4c82;8.4355;4.20817904;SELL
2016-04-16T16:38:18.000000;2016-04-16T16:38:18.697057;d025a7db-6754-4d8e-9111-400ad7213d5a;8.4355;4.20817904;SELL
2016-04-16T16:38:18.000000;2016-04-16T16:38:18.698052;30f1d1c0-c0a9-48b1-af74-7da4f302282b;8.4354;3.204929;SELL
2016-04-16T16:38:18.000000;2016-04-16T16:38:18.709060;ea36883e-4bed-4a77-abeb-b6a6bafa3330;8.434;4.17811012;SELL
2016-04-16T16:38:22.000000;2016-04-16T16:38:22.809485;1c820dbc-7a6b-41f1-9cce-847314e9bfa1;8.4357;4.2006028;SELL
2016-04-16T16:38:22.000000;2016-04-16T16:38:22.819482;85149078-2006-4b80-ace9-8b6967d656b0;8.434;15.7993972;SELL
2016-04-16T16:38:27.000000;2016-04-16T16:38:27.128902;a763f767-1036-4bd0-9c5f-cf7f0ae6218b;8.4356;4.2006028;SELL
2016-04-16T16:38:27.000000;2016-04-16T16:38:27.140898;6ff0d105-8461-4159-9bf6-51b29e79b5db;8.4355;3.203695;SELL
2016-04-16T16:38:27.000000;2016-04-16T16:38:27.164129;db053cb2-f5b7-4bda-8d61-9d5d761f2da3;8.434;12.5957022;SELL
2016-04-16T17:00:06.000000;2016-04-16T17:00:06.737829;2c903f63-bf94-4a02-97e4-fd32f79ec4db;8.434;4.20817904;BUY
2016-04-16T17:00:48.000000;2016-04-16T17:00:48.042941;d7af5832-5fe8-4b57-9b87-3a8a29b57e14;8.434;4.54364896;BUY
2016-04-16T17:01:07.000000;2016-04-16T17:01:07.883927;d24bf5b5-1a2c-4975-8f46-460735d4271e;8.434;3.848172;BUY
2016-04-16T17:04:32.000000;2016-04-16T17:04:32.622400;52baef1c-3eed-4e16-856e-9f28b78473bc;8.437;17.576897;SELL
2016-04-16T17:04:40.000000;2016-04-16T17:04:40.348188;27b47ff8-2e5b-4189-9625-ba15f7420963;8.437;1.0;BUY
2016-04-16T17:04:58.000000;2016-04-16T17:04:58.108271;a4230d30-233e-42f3-8dad-d58f19c1a05f;8.436;3.203961;SELL
2016-04-16T17:09:55.000000;2016-04-16T17:09:55.402797;f5407b30-7b3e-406f-81a8-8359df51e516;8.437;30.74878531;SELL
2016-04-16T17:35:49.000000;2016-04-16T17:35:49.085394;d5fcfc0e-2551-4eb1-bbf8-2ce6723c0400;8.449;0.7;BUY
2016-04-16T17:35:49.000000;2016-04-16T17:35:49.095399;20596445-78dc-440c-afdc-0f4819a5187c;8.45;0.2011934;BUY
2016-04-16T17:36:34.000000;2016-04-16T17:36:34.802948;8fe3f2fb-fa67-4cf2-974f-4725a124f955;8.45;2.98014877;BUY
2016-04-16T17:36:34.000000;2016-04-16T17:36:34.810951;5bc87d25-4bf5-47f1-bb2d-219bccd08c22;8.45;12.01985123;BUY
2016-04-16T17:38:01.000000;2016-04-16T17:38:01.418795;e32e83c3-d674-43ae-9105-ff7adc0dbfb1;8.45;2.4;BUY
2016-04-16T18:07:00.000000;2016-04-16T18:07:00.075442;1013ba5b-008a-4917-b39d-d946ec9e42af;8.41;0.6;SELL
2016-04-16T18:07:00.000000;2016-04-16T18:07:00.085455;bc3bd9ca-9a59-45de-b725-550f48c9f71b;8.409;29.4;SELL
2016-04-16T18:07:08.000000;2016-04-16T18:07:08.397280;dd561c02-bc85-4bd0-826c-2d02fa464914;8.409;10.0;SELL
2016-04-16T18:20:50.000000;2016-04-16T18:20:50.581630;73f85445-1d2a-49a2-9f08-f309e92aa3dd;8.41;11.0;SELL
2016-04-16T18:34:46.000000;2016-04-16T18:34:46.398134;bf57485e-e5f1-435c-8658-821831fa3249;8.4082;5.4;SELL
2016-04-16T18:34:46.000000;2016-04-16T18:34:46.412131;0d5391e5-31f9-4a3c-a774-67cdcee20d43;8.4072;3.206639;SELL
2016-04-16T18:34:46.000000;2016-04-16T18:34:46.415136;f6aa539b-05f4-4b83-a690-3416c5716fd2;8.4072;12.909138;SELL
2016-04-16T18:34:48.000000;2016-04-16T18:34:48.186316;f7af9e69-f62b-4719-aebc-f01a2853494e;8.4072;4.20817856;BUY
2016-04-16T18:34:51.000000;2016-04-16T18:34:51.358645;ffc761e1-6527-40ae-8167-67d089aa163e;8.4072;3.34358152;BUY
2016-04-16T18:34:53.000000;2016-04-16T18:34:53.514857;a566555c-8a52-4938-aebf-0111ef28a2b6;8.4072;3.34358152;BUY
2016-04-16T18:34:56.000000;2016-04-16T18:34:56.905191;75ec5c7d-3d08-44f9-841b-c4b5fc61798e;8.4072;3.34358152;BUY
2016-04-16T18:35:00.000000;2016-04-16T18:35:00.666569;de924772-a3f3-44bf-ba1e-09ce9a44ca2b;8.4072;3.34358152;BUY
2016-04-16T18:35:05.000000;2016-04-16T18:35:05.522054;feeeb1eb-6db8-429e-a677-e700383dd2b2;8.4072;3.29778147;BUY
2016-04-16T18:35:09.000000;2016-04-16T18:35:09.306676;3775a550-f557-4956-89a1-2a426511637a;8.4072;3.29778147;BUY
2016-04-16T18:35:12.000000;2016-04-16T18:35:12.591763;542484a1-283c-4fde-9f5c-4cf248fe25a7;8.4072;3.29778147;BUY
2016-04-16T18:35:14.000000;2016-04-16T18:35:14.941525;a4f81b9b-f37d-4533-b629-215e7918c531;8.4072;0.83379865;BUY
2016-04-16T18:49:00.000000;2016-04-16T18:49:00.785435;d1ecc735-e460-4816-bc75-6d56e285f7ba;8.416;3.208884;SELL
2016-04-16T18:49:00.000000;2016-04-16T18:49:00.798435;e2d925de-2cf7-4fbe-853f-0c1056aeda1f;8.4072;2.46398282;SELL
2016-04-16T18:49:00.000000;2016-04-16T18:49:00.804434;eb78acc4-7ec8-418f-94ea-33114e9738d5;8.4072;0.83046679;SELL
2016-04-16T18:49:07.000000;2016-04-16T18:49:07.362087;3e450652-0c34-4345-8d39-df65e7ebab3e;8.4072;1.582674;BUY
2016-04-16T18:51:09.000000;2016-04-16T18:51:09.685313;c4a44500-606d-401b-9f12-739acd515486;8.4072;2.4;BUY
2016-04-16T19:04:49.000000;2016-04-16T19:04:50.003934;85121e9b-9540-49ed-b5c4-35c136c81fe6;8.3851;1.225544;SELL
2016-04-16T19:10:35.000000;2016-04-16T19:10:35.784827;89a67229-2032-4c9e-b996-a7f2c32bdec0;8.3851;2.9750588;SELL
2016-04-16T19:10:57.000000;2016-04-16T19:10:57.559000;e5e92930-90f6-4564-a7cd-fce1328e2f18;8.3838;3.2179;SELL
2016-04-16T19:16:34.000000;2016-04-16T19:16:34.922751;8affae23-1793-4511-b5c7-5633d0bc08df;8.3851;4.20817904;BUY
2016-04-16T19:16:35.000000;2016-04-16T19:16:35.213782;6ed40899-1e5a-4a2f-b3be-f7ff3f91ee02;8.3851;4.20817904;BUY
2016-04-16T19:16:36.000000;2016-04-16T19:16:36.896964;f23c8845-5538-4aa9-bfff-3a2c3e5f9487;8.3851;1.20858312;BUY
2016-04-16T19:16:37.000000;2016-04-16T19:16:37.597009;b717a210-1eaa-48d6-a2db-957f38ab55dc;8.3851;2.99959592;SELL
2016-04-16T19:16:39.000000;2016-04-16T19:16:39.635207;ff002005-c766-4a0f-83e5-88d794cf5ed8;8.3841;2.99959592;BUY
2016-04-16T19:30:42.000000;2016-04-16T19:30:42.332249;c05b141b-a3c9-4d14-be63-1f5ba4f5473b;8.3838;0.57;SELL
2016-04-16T19:41:11.000000;2016-04-16T19:41:11.215658;b4d40007-16c6-4675-a1a4-bdaeb11f38af;8.3838;0.4127028;SELL
2016-04-16T19:41:11.000000;2016-04-16T19:41:11.238670;56f64bf7-e212-42e4-bc68-0ce287cfa67e;8.3837;4.2006028;SELL
2016-04-16T19:41:11.000000;2016-04-16T19:41:11.240667;91c0fb93-87d7-4962-94d3-850a3ef65fc8;8.3836;4.2006028;SELL
2016-04-16T19:41:11.000000;2016-04-16T19:41:11.254705;bbad758b-263a-4922-a70e-1b54b5da25f8;8.3823;4.2006028;SELL
2016-04-16T19:41:11.000000;2016-04-16T19:41:11.255668;9e5ccd99-84ed-4bd7-8fe4-4da8d6fc53aa;8.3823;4.2006028;SELL
2016-04-16T19:41:11.000000;2016-04-16T19:41:11.258687;b1ea4e5d-aaf9-4bc8-886d-9cadef3d08da;8.3821;2.784886;SELL
2016-04-16T19:41:18.000000;2016-04-16T19:41:18.096359;ae4bf62b-e6d9-4bcd-b8d9-d0a0b71bb071;8.3821;1.4157168;SELL
2016-04-16T19:41:18.000000;2016-04-16T19:41:18.100375;26ba3b5d-d55f-4985-9745-ab56904cde01;8.382;18.5842832;SELL
2016-04-16T20:21:24.000000;2016-04-16T20:21:24.070394;40b0db50-6f66-4a4b-924e-c76ca322788b;8.382;0.3;SELL
2016-04-16T20:28:55.000000;2016-04-16T20:28:55.306963;aecc4236-ad90-4209-a3e9-bad72b485c01;8.4159;99.9;BUY
2016-04-16T20:28:55.000000;2016-04-16T20:28:55.321961;8321dbe5-4fe9-4c9d-bd0f-bce3692a3e85;8.45;0.1;BUY
2016-04-16T20:44:51.000000;2016-04-16T20:44:51.985539;02c56fcd-d153-450d-8dbf-94020ae5f3a3;8.3812;4.2006028;SELL
2016-04-16T20:44:51.000000;2016-04-16T20:44:51.989529;294af749-1a18-4355-a79f-b9a66d64a439;8.3611;0.85;SELL
2016-04-16T20:44:51.000000;2016-04-16T20:44:51.994528;2c6fd84d-32a2-4a29-a596-4faa0185bfa1;8.33;2.6122;SELL
2016-04-16T20:44:51.000000;2016-04-16T20:44:52.002537;36505e23-0abc-45ce-920f-6170adbf75a4;8.315;92.3371972;SELL
2016-04-16T20:53:17.000000;2016-04-16T20:53:17.419888;6d328221-d38e-4b4e-8cf0-74bddba69f29;8.354;0.35;SELL
2016-04-16T21:01:09.000000;2016-04-16T21:01:09.060039;14a53b98-a10e-4847-a910-eee6efb467aa;8.3362;1.3;SELL
2016-04-16T21:01:09.000000;2016-04-16T21:01:09.078047;f9ff1fc8-d120-4dd6-945a-891bc99577f3;8.336;1.8;SELL
2016-04-16T21:05:09.000000;2016-04-16T21:05:09.278065;12b2218d-2981-414a-b85b-294b9fc11f9a;8.3392;2.02870137;SELL
2016-04-16T21:44:33.000000;2016-04-16T21:44:33.375736;21414e21-908e-476f-96d5-ad7ca2619cbd;8.4222;0.33765327;BUY
2016-04-16T21:45:39.000000;2016-04-16T21:45:39.857189;9b58145f-87b8-4dcd-9796-991fabf11f00;8.43;0.16234673;SELL
2016-04-16T21:47:19.000000;2016-04-16T21:47:19.096119;14d3bd19-c665-4230-bdcd-4235375ba247;8.4212;3.3;BUY
2016-04-16T21:47:19.000000;2016-04-16T21:47:19.106113;a1fa9239-085a-4ba8-a004-bf8be89f93b1;8.4222;9.3;BUY
2016-04-16T21:50:11.000000;2016-04-16T21:50:11.217331;a841a316-358a-4024-b1d8-4ac6db0dd31d;8.4222;1.0;BUY
2016-04-16T21:50:47.000000;2016-04-16T21:50:47.627971;0e6cdac5-5c93-4f59-bbdc-438856ca801b;8.403;1.5;SELL
2016-04-16T21:50:47.000000;2016-04-16T21:50:47.631978;1f66dd9a-51e1-45b3-abd1-88a67604c9b5;8.402;48.5;SELL
2016-04-16T21:50:52.000000;2016-04-16T21:50:52.678476;62960d8a-7e45-421a-aa54-08a703a6a76e;8.346;50.0;SELL
2016-04-16T21:51:08.000000;2016-04-16T21:51:08.992119;37427901-48e6-4fbc-af5e-ee2f3355c690;8.4222;0.53765327;BUY
2016-04-16T21:51:08.000000;2016-04-16T21:51:09.003117;f5379937-c48c-46f3-ba69-42a698f2bc19;8.4443;1.5;BUY
2016-04-16T21:51:08.000000;2016-04-16T21:51:09.017111;f3b8a366-13cf-46e5-a036-c9e91e38b3b0;8.4453;1.96234673;BUY
2016-04-16T21:55:06.000000;2016-04-16T21:55:06.178994;2e2d08eb-8f5d-4472-bf92-8d4ecde47cd5;8.43;25.0;SELL
2016-04-16T22:00:51.000000;2016-04-16T22:00:51.568537;49a85fcd-b8a0-4c5c-baa2-4bfa952140ca;8.43;2.4;BUY
2016-04-16T22:00:51.000000;2016-04-16T22:00:51.574536;81f62ae0-fef1-49e7-b278-b5f2e344f590;8.4453;2.23741595;BUY
2016-04-16T22:00:51.000000;2016-04-16T22:00:51.575534;02659544-bfea-4699-870b-51f1fee99df7;8.4458;0.36258405;BUY
2016-04-16T22:04:39.000000;2016-04-16T22:04:39.249299;44559315-99d0-4bf7-84a8-0a8e023c596a;8.4458;3.83717863;BUY
2016-04-16T22:04:39.000000;2016-04-16T22:04:39.258330;dcea5f8f-a3e9-4438-bad3-9d559decd797;8.4459;1.16282137;BUY
2016-04-16T22:04:40.000000;2016-04-16T22:04:40.225398;64213e08-e585-4da1-8c9d-dcd132618661;8.4459;3.03694131;BUY
2016-04-16T22:04:40.000000;2016-04-16T22:04:40.234400;c288ada9-b632-47e7-9aa4-b16f8a3798fd;8.45;1.96305869;BUY
2016-04-16T22:05:15.000000;2016-04-16T22:05:15.192892;75bbdc48-d109-4fa8-8e91-5317b64b9001;8.45;2.0;BUY
2016-04-16T22:12:08.000000;2016-04-16T22:12:08.312473;120d2083-c503-424f-875d-4c59d16cd5cb;8.4222;0.47319777;SELL
2016-04-16T22:36:11.000000;2016-04-16T22:36:11.494895;9fbd4800-b18b-48c8-9445-a0ff32c470c5;8.4222;0.02680223;SELL
2016-04-16T22:36:11.000000;2016-04-16T22:36:11.504877;888ddb8b-6ca0-4c21-8d34-b832d7dec0a9;8.3831;7.2;SELL
2016-04-16T22:36:11.000000;2016-04-16T22:36:11.509868;3fee2ce1-876f-40d6-aae1-a4743d1bc72f;8.3822;1.10479353;SELL
2016-04-16T22:36:11.000000;2016-04-16T22:36:11.524872;cb523ba6-428c-41ed-b771-6741b661381f;8.3821;4.2006028;SELL
2016-04-16T22:36:11.000000;2016-04-16T22:36:11.534914;1a1a06e9-fb03-4dc4-bccf-5308dc302535;8.3806;4.2006028;SELL
2016-04-16T22:36:11.000000;2016-04-16T22:36:11.535872;f12b611f-5a7c-4a27-9c52-b8b186eb72ae;8.3801;4.2006028;SELL
2016-04-16T22:36:11.000000;2016-04-16T22:36:11.559882;06e368fd-0913-4c3d-908a-ca04e216d468;8.351;82.44092969;SELL
2016-04-16T22:37:23.000000;2016-04-16T22:37:23.861125;79e441c3-d395-447e-9495-86e0f5e5f956;8.372;50.0;SELL
2016-04-16T22:37:45.000000;2016-04-16T22:37:45.214247;c3fa68f0-dd60-495b-b089-38afcf10f8a0;8.36;50.0;SELL
2016-04-16T22:37:55.000000;2016-04-16T22:37:55.764307;b5c0dca2-995f-476f-909c-b27831578e9d;8.3631;4.2006028;SELL
2016-04-16T22:37:55.000000;2016-04-16T22:37:55.773321;642b068d-bd9b-49d4-98ae-ddd45589ac93;8.363;45.7993972;SELL
2016-04-16T22:38:05.000000;2016-04-16T22:38:05.204272;5e7e1395-9c13-484f-880b-9f48817d8a56;8.365;50.0;SELL
2016-04-16T22:38:07.000000;2016-04-16T22:38:07.745529;82c60349-7982-4afe-abaf-261e80c8479b;8.367;50.0;SELL
2016-04-16T22:38:29.000000;2016-04-16T22:38:29.704852;1cd4dbbb-2d06-4e6f-b917-b06126ef5731;8.448;3.239786;BUY
2016-04-16T22:38:29.000000;2016-04-16T22:38:29.707866;526cb6e0-5282-4dae-9340-4f6ff3162aef;8.448;6.3;BUY
2016-04-16T22:38:29.000000;2016-04-16T22:38:29.719852;6493a5e6-b78f-4d96-8f54-3c3cb18007af;8.448;0.460214;BUY
2016-04-16T22:38:34.000000;2016-04-16T22:38:34.229296;354676f1-b505-425d-8885-8abb413b1add;8.448;0.55113636;BUY
2016-04-16T22:38:38.000000;2016-04-16T22:38:38.592734;5eb28c6d-0506-4c17-91cd-1a7bcad520d2;8.357;50.0;SELL
2016-04-16T22:38:48.000000;2016-04-16T22:38:48.379740;607a3d15-0f8f-40dc-bf5a-572d53da431b;8.448;10.0;BUY
2016-04-16T22:41:15.000000;2016-04-16T22:41:16.030479;8bc4e880-2a5a-4657-9351-fc776b1eff17;8.421;0.4;BUY
2016-04-16T22:41:15.000000;2016-04-16T22:41:16.039489;3b3553ee-477d-4c97-9565-e9082881c0e1;8.422;2.0;BUY
2016-04-16T22:46:10.000000;2016-04-16T22:46:10.241905;6d59440e-b4c3-43bd-8e56-1c5548f9ff02;8.421;2.68465842;BUY
2016-04-16T22:46:12.000000;2016-04-16T22:46:12.477135;869a0249-0a0a-410c-9aa0-e709077c1d15;8.421;2.68465842;BUY
2016-04-16T22:46:14.000000;2016-04-16T22:46:14.957455;29dba690-0653-461e-b436-7e20311f7c5f;8.421;2.68465842;BUY
2016-04-16T22:46:17.000000;2016-04-16T22:46:17.381627;9826604d-1859-4dc3-9c48-d67849bb76c3;8.421;2.68465842;BUY
2016-04-16T22:46:19.000000;2016-04-16T22:46:19.621852;a7cde7eb-923a-4f0d-874b-3d3111b451e2;8.421;0.26136632;BUY
2016-04-16T22:46:19.000000;2016-04-16T22:46:19.639835;ead154ff-2d2b-4781-ae2a-1a60bf05a053;8.421;2.4232921;BUY
2016-04-16T22:46:21.000000;2016-04-16T22:46:21.854053;564aad50-dd4f-42b7-84cb-a6eabb972bf5;8.421;2.68465842;BUY
2016-04-16T22:46:23.000000;2016-04-16T22:46:23.987271;d0b00285-3f53-4fba-ac36-58ecfcb178bc;8.421;2.68465842;BUY
2016-04-16T22:46:26.000000;2016-04-16T22:46:26.756554;27430486-6e66-404a-b39a-f6d4b55322e3;8.421;2.68465842;BUY
2016-04-16T22:46:29.000000;2016-04-16T22:46:29.324809;fd1314ae-7e59-468f-a4c6-e01a32755b51;8.421;0.5206438;BUY
2016-04-16T22:46:31.000000;2016-04-16T22:46:31.859059;53543f5f-a297-4ce0-9580-d55f6129cd59;8.421;0.00208884;BUY
2016-04-16T22:46:35.000000;2016-04-16T22:46:35.634444;bd177726-2a38-4daa-9acb-bfa2bbda55f7;8.422;0.1002004;BUY
2016-04-16T22:46:36.000000;2016-04-16T22:46:36.247497;d42c5cb4-df2a-4c3f-9e53-782f85a2f345;8.422;0.1002004;BUY
2016-04-16T22:46:36.000000;2016-04-16T22:46:36.708543;7186da87-7427-46de-8b76-dc8e24fa20da;8.422;0.1002004;BUY
2016-04-16T22:46:38.000000;2016-04-16T22:46:38.858758;56eff102-947d-420e-8558-57179d246cf9;8.422;0.1002004;BUY
2016-04-16T22:47:03.000000;2016-04-16T22:47:03.828278;2a1a75e7-4500-4e8c-a284-998e3c0632d9;8.422;3.8;BUY
2016-04-16T22:47:23.000000;2016-04-16T22:47:23.565241;28d9cf97-c235-4f2a-ae37-e33e1479f879;8.422;0.1;BUY
2016-04-16T22:47:24.000000;2016-04-16T22:47:24.172309;3fa05e31-cae0-4e89-8fcf-2d20b1bccf57;8.422;3.36460088;BUY
2016-04-16T22:47:26.000000;2016-04-16T22:47:26.694545;0eb48460-2055-4795-a336-96360a51dede;8.422;3.36460088;BUY
2016-04-16T22:47:30.000000;2016-04-16T22:47:30.061885;a10d5892-ff87-4504-bc3a-8f27d276fbb0;8.422;3.36460088;BUY
2016-04-16T22:47:33.000000;2016-04-16T22:47:33.784250;f2e7effe-f2fd-42ef-89ca-1331d6035f43;8.422;3.36460088;BUY
2016-04-16T22:47:36.000000;2016-04-16T22:47:36.086470;e581e09d-3622-4ce3-b068-4b0e38bfbc5f;8.422;3.36460088;BUY
2016-04-16T22:47:38.000000;2016-04-16T22:47:38.444736;bd89968d-177d-46bb-95bb-708f64d10660;8.422;3.36460088;BUY
2016-04-16T22:47:40.000000;2016-04-16T22:47:40.773953;18b71ca2-5ae1-4e3e-9f00-f8ad173f30ee;8.422;3.36460088;BUY
2016-04-16T22:48:14.000000;2016-04-16T22:48:14.854359;ebada0e0-afb6-4d34-adac-ebaebc7e00ae;8.422;3.36460088;BUY
2016-04-16T22:48:17.000000;2016-04-16T22:48:18.106681;5fefa0fe-7348-441a-8ca0-1de0357cc2eb;8.422;3.36460088;BUY
2016-04-16T22:48:20.000000;2016-04-16T22:48:20.060875;8818cc5e-d561-4482-ae3c-b9d06401e307;8.422;3.36460088;BUY
2016-04-16T22:48:22.000000;2016-04-16T22:48:22.233099;aca91d8b-5fbd-4284-a5fd-ad95685964be;8.422;3.36460088;BUY
2016-04-16T22:48:24.000000;2016-04-16T22:48:24.520329;7b2705b1-9415-44b9-b49a-43a6d746b564;8.422;3.36460088;BUY
2016-04-16T22:48:42.000000;2016-04-16T22:48:42.679143;2b563496-6c6e-4b08-9889-c3421a11d3b2;8.422;4.66633409;BUY
2016-04-16T22:49:09.000000;2016-04-16T22:49:09.279793;7e20ec7d-d8a2-4551-9e77-36db0c6c6592;8.421;0.51855496;SELL
2016-04-16T22:49:09.000000;2016-04-16T22:49:09.289806;6d7b242a-2094-4a80-89fd-a9bb5ab616e6;8.421;3.38144504;SELL
2016-04-16T23:01:41.000000;2016-04-16T23:01:41.733983;511603de-bc2b-4fca-a26c-9950355b421c;8.422;4.20817904;BUY
2016-04-16T23:01:42.000000;2016-04-16T23:01:42.577075;54dcd29d-1d74-496e-8050-8fb9d7ccc01e;8.422;1.00200401;BUY
2016-04-16T23:01:44.000000;2016-04-16T23:01:44.433261;67f27ee5-34ae-4dff-a0c0-f4c39bcd51da;8.422;1.00254595;BUY
2016-04-16T23:01:44.000000;2016-04-16T23:01:44.777289;a2c5f366-20b8-4312-a32d-f5bbeda1a851;8.422;4.20817904;BUY
2016-04-16T23:01:45.000000;2016-04-16T23:01:45.712425;e2c80ad2-fb9d-4ca4-b902-13618792a565;8.422;4.21138696;BUY
2016-04-16T23:01:48.000000;2016-04-16T23:01:48.509660;dd953ecb-8f8f-4718-bcde-7838a9d89aa5;8.422;4.20817904;BUY
2016-04-16T23:01:50.000000;2016-04-16T23:01:50.257840;a90949bb-6ec0-4e36-84fb-e062632cba6d;8.422;4.20817904;BUY
2016-04-16T23:02:26.000000;2016-04-16T23:02:26.504464;930e30c2-2f22-410d-9ffc-0658f4f18045;8.422;48.73;BUY
2016-04-16T23:02:27.000000;2016-04-16T23:02:27.634574;7805df83-555d-41c1-9f76-24e5ea5fb65c;8.422;197.87900067;BUY
2016-04-16T23:05:01.000000;2016-04-16T23:05:01.650982;6b823ecd-36d1-4a69-9d82-e58d3c525d54;8.45;1.00195591;BUY
2016-04-16T23:05:33.000000;2016-04-16T23:05:33.912199;967b30a0-c184-40c0-94b0-129c30e1794a;8.45;1.00200401;BUY
2016-04-16T23:05:34.000000;2016-04-16T23:05:34.681263;8b7d935e-c627-43fa-ac16-abd6c4e27718;8.45;1.00200401;BUY
2016-04-16T23:05:35.000000;2016-04-16T23:05:35.978409;fea41f6f-0af5-4c2f-b6e6-767a0d6caf6d;8.45;1.00200401;BUY
2016-04-16T23:06:08.000000;2016-04-16T23:06:08.395642;4d99ec9d-897b-4a29-bff8-b507478411d2;8.45;1.77875769;BUY
2016-04-16T23:06:14.000000;2016-04-16T23:06:14.150221;667c0169-7499-43b6-9634-eeab60462244;8.45;4.94309715;BUY
2016-04-16T23:06:15.000000;2016-04-16T23:06:15.084323;163e365f-515c-4532-aa95-757fd1cacf04;8.45;70.7872673;BUY
2016-04-16T23:06:15.000000;2016-04-16T23:06:15.095312;d222e03f-3359-44e2-a7cc-e5e007a97c6b;8.45;0.3;BUY
2016-04-16T23:07:19.000000;2016-04-16T23:07:19.079720;93497f4a-24ad-4724-9a7b-afcbb52a4a76;8.4699;8.1124;BUY
2016-04-16T23:07:19.000000;2016-04-16T23:07:19.092721;17482aa7-0e9d-43af-a52c-c189431cf56a;8.47;31.6776;BUY
2016-04-16T23:07:21.000000;2016-04-16T23:07:21.956004;411f9493-9746-4e14-9307-26045dbeb776;8.47;47.78;BUY
2016-04-16T23:07:23.000000;2016-04-16T23:07:23.336312;ed1764b8-ebb4-41aa-b0cf-068075d68d6b;8.47;19.5424;BUY
2016-04-16T23:08:29.000000;2016-04-16T23:08:29.316738;2e8900a4-4240-4f9e-b806-ac51610902e9;8.4768;3.9267;BUY
2016-04-16T23:08:29.000000;2016-04-16T23:08:29.328741;4ec11d49-1f38-41aa-baf1-380b0a949dbe;8.5;0.1;BUY
2016-04-16T23:08:29.000000;2016-04-16T23:08:29.332741;ceab9986-1b59-4d53-9cd1-ea31f4ddc5df;8.51;4.9733;BUY
2016-04-16T23:08:49.000000;2016-04-16T23:08:49.489234;a9861d53-46be-41d3-be8a-0c57b1ab9b01;8.51;0.0267;BUY
2016-04-16T23:08:49.000000;2016-04-16T23:08:49.497239;02c7dba2-516c-4659-8a5d-92af520f16a6;8.5555;0.9733;BUY
2016-04-16T23:09:17.000000;2016-04-16T23:09:17.957080;333e70a6-14f7-4995-be11-68716992d845;8.488;4.9;SELL
2016-04-16T23:13:25.000000;2016-04-16T23:13:25.305798;7aca19f9-ac99-4e2e-af9a-b66a3ccae53f;8.5555;3.22646268;BUY
2016-04-16T23:13:25.000000;2016-04-16T23:13:25.312809;c7751938-31d2-4646-921f-97fd0184da4c;8.5556;0.85;BUY
2016-04-16T23:13:25.000000;2016-04-16T23:13:25.316817;e04d25c4-5ec7-4eb2-a57e-c31964cf85e6;8.581;0.85;BUY
2016-04-16T23:13:25.000000;2016-04-16T23:13:25.325811;5cc84b63-0fc5-407c-bc3e-ae7e7f9d7eef;8.6;0.07353732;BUY
2016-04-16T23:20:30.000000;2016-04-16T23:20:30.276296;b8e90e3a-31dd-4723-96c1-e4ef149f7c22;8.5997;4.19976268;BUY
2016-04-16T23:20:30.000000;2016-04-16T23:20:30.280305;c3fbe3f8-f819-4f1c-b920-f07eac984276;8.5999;0.00841636;BUY
2016-04-16T23:20:31.000000;2016-04-16T23:20:31.612463;cdf2da81-0e87-422d-b218-9be32fc7b409;8.5999;4.19134632;BUY
2016-04-16T23:20:31.000000;2016-04-16T23:20:31.622479;b134f27e-caff-452d-8bb8-59e6b6c34da2;8.6;0.02646268;BUY
2016-04-16T23:20:31.000000;2016-04-16T23:20:31.633441;cee7afb6-6a7b-4618-9f2a-750fa8b9dbf9;8.6;0.5;BUY
2016-04-16T23:25:41.000000;2016-04-16T23:25:42.008606;5222dba5-49c7-4f41-988b-4e7e1d67a00b;8.6199;3.100295;SELL
2016-04-16T23:25:41.000000;2016-04-16T23:25:42.011604;b90ec6cb-99f8-4030-8d94-e607766db72e;8.6173;4.00801603;SELL
2016-04-16T23:25:41.000000;2016-04-16T23:25:42.022614;18ba13a3-59ae-4936-8b5d-aa6db2db245e;8.6161;0.52646268;SELL
2016-04-16T23:25:41.000000;2016-04-16T23:25:42.023604;be8ec536-910c-4b86-9097-ad5334499104;8.6;4.96522629;SELL
2016-04-16T23:25:42.000000;2016-04-16T23:25:42.214627;f88ba7a2-fb2f-4ae0-a675-2c351796fb72;8.6;0.71477371;SELL
2016-04-16T23:25:43.000000;2016-04-16T23:25:44.482870;9b2f46e0-eff5-4090-90a1-bda48f1d12a4;8.5999;1.68522629;BUY
2016-04-16T23:25:50.000000;2016-04-16T23:25:50.715470;8491108f-e475-4327-8e66-8548f932a59b;8.6;4.15;BUY
2016-04-16T23:26:54.000000;2016-04-16T23:26:54.433850;9d8be092-bcf1-4f6c-8439-6f780e3e8c46;8.641;5.0;BUY
2016-04-16T23:26:56.000000;2016-04-16T23:26:56.842087;593c1222-246d-4e0a-89a0-0c364cfbfff9;8.641;73.22;BUY
2016-04-16T23:26:56.000000;2016-04-16T23:26:56.859099;335c9ef5-2a53-4176-8017-e3a8d509e424;8.641;25.8061;BUY
2016-04-16T23:27:03.000000;2016-04-16T23:27:03.594768;7a7c59a2-836a-44ee-811e-343beaafd7de;8.5998;1.68522629;SELL
2016-04-16T23:27:03.000000;2016-04-16T23:27:03.600767;7b0b57e3-a50b-4995-919f-00d5f21cc6a5;8.5998;0.31237411;SELL
2016-04-16T23:27:41.000000;2016-04-16T23:27:41.614749;fd22f7c1-06f5-4f3c-adee-7e9903a6c284;8.628;12.6;BUY
2016-04-16T23:27:41.000000;2016-04-16T23:27:41.887589;025de196-5db2-4605-b808-7d728a9bedb4;8.628;2.4;BUY
2016-04-16T23:28:04.000000;2016-04-16T23:28:04.874882;006670c3-2582-45cb-af32-d9e313d7d8c3;8.5998;1.37285218;SELL
2016-04-16T23:28:04.000000;2016-04-16T23:28:04.892891;e877f0dc-dfef-40a0-a01c-b07f0e611d7a;8.5998;0.24431815;SELL
2016-04-16T23:28:04.000000;2016-04-16T23:28:04.914903;cebbc727-3e6e-470f-a867-39764b05a1e5;8.5997;1.67637342;SELL
2016-04-16T23:28:05.000000;2016-04-16T23:28:05.637966;d3a5df52-5bc9-41a1-8125-ec624521bcb3;8.5997;2.50660701;SELL
2016-04-16T23:28:06.000000;2016-04-16T23:28:06.855086;775bfa2b-4dae-47e6-9ab9-1784fd05ffb8;8.5299;0.78693674;SELL
2016-04-16T23:28:22.000000;2016-04-16T23:28:22.511661;4ffce7a9-b880-4551-85ae-65ddb50f13fc;8.531;86.5186;SELL
2016-04-16T23:28:22.000000;2016-04-16T23:28:22.518657;9205bc1f-11a1-42af-948d-ded56d303f71;8.53;4.2006028;SELL
2016-04-16T23:28:22.000000;2016-04-16T23:28:22.529652;b621ddca-e74c-43af-9032-14a570a1d82f;8.5299;2.34544926;SELL
2016-04-16T23:28:22.000000;2016-04-16T23:28:22.530645;533a6014-1b44-47f3-8143-edf494852ee2;8.4934;1.19989064;SELL
2016-04-16T23:28:22.000000;2016-04-16T23:28:22.549647;667f4ecc-5000-4746-b087-af2cd8a75d82;8.4933;4.2006028;SELL
2016-04-16T23:28:22.000000;2016-04-16T23:28:22.562675;0689ffe9-2939-4e09-89c8-e2113a9e9836;8.4932;1.5348545;SELL
2016-04-16T23:28:43.000000;2016-04-16T23:28:43.440742;a95684ca-e542-4298-966a-daa3be9c91ca;8.5331;7.78383294;SELL
2016-04-16T23:28:43.000000;2016-04-16T23:28:43.458740;0237e5cd-dea0-4d41-bb87-59de0bebea4d;8.533;42.21616706;SELL
2016-04-16T23:28:48.000000;2016-04-16T23:28:48.359234;c7c5ec9a-5708-4b8f-8cb7-033f4b1f3682;8.5341;1.10022004;SELL
2016-04-16T23:28:48.000000;2016-04-16T23:28:48.373234;76447b88-ce23-42cb-a059-5f89aa1d3e19;8.534;48.89977996;SELL
2016-04-16T23:28:51.000000;2016-04-16T23:28:51.768571;f2fc0cde-537a-4388-b68c-70d6142ce000;8.537;50.0;SELL
2016-04-16T23:29:10.000000;2016-04-16T23:29:10.644484;1baf444d-8d6f-40c8-9bae-b148b239eb49;8.618;86.4396;BUY
2016-04-16T23:29:10.000000;2016-04-16T23:29:10.648466;fec2cc06-a615-4d9d-a65e-8ce08e51280d;8.62;20.0;BUY
2016-04-16T23:29:10.000000;2016-04-16T23:29:10.658476;cae880a2-5e2f-43c6-85f5-ec8628866dbd;8.6662;3.135891;BUY
2016-04-16T23:29:10.000000;2016-04-16T23:29:10.674475;4ac4cf8f-da69-42c1-bb64-f9e5dead0532;8.678;40.424509;BUY
2016-04-16T23:29:55.000000;2016-04-16T23:29:55.560977;ae124bd1-3243-4f54-9438-36a87889e1cf;8.542;4.5;SELL
2016-04-16T23:29:55.000000;2016-04-16T23:29:55.567963;ae3f5a25-a08f-42df-8a13-ff22f4c6724a;8.541;45.5;SELL
2016-04-16T23:33:02.000000;2016-04-16T23:33:03.011698;b335b217-7f9a-4ad8-ac71-18fa57a40b14;8.61;4.5;BUY
2016-04-16T23:33:02.000000;2016-04-16T23:33:03.023701;4745c302-ef68-473b-adfa-6809f37bf751;8.611;0.5;BUY
2016-04-16T23:34:41.000000;2016-04-16T23:34:42.014599;7a0a52b6-c0f1-4d82-9ff0-ceec17da2b16;8.6147;3.144202;BUY
2016-04-16T23:35:17.000000;2016-04-16T23:35:17.445144;3f976f80-16da-4b79-b95a-8c9828b8e0b0;8.6662;2.4;BUY
2016-04-16T23:35:17.000000;2016-04-16T23:35:17.455137;7cda5824-4761-4810-a323-ef7684e3db99;8.678;2.6;BUY
2016-04-16T23:35:21.000000;2016-04-16T23:35:21.428541;d5725ad8-3de9-4267-9ffe-4fc0d270ca16;8.678;0.46172486;BUY
2016-04-16T23:35:48.000000;2016-04-16T23:35:48.873286;11f3d2ec-eb07-4807-b82d-4fcf50950406;8.68;1.0;BUY
2016-04-16T23:36:30.000000;2016-04-16T23:36:30.650465;e010f489-28a7-428b-8ee2-1aa0b5e58e23;8.68;10.0;BUY
2016-04-16T23:37:28.000000;2016-04-16T23:37:28.922300;c01d3ecc-ae24-4cbd-b603-4cc68909e296;8.651;86.3558;SELL
2016-04-16T23:37:28.000000;2016-04-16T23:37:28.928296;106be2ff-85c9-4c42-b5f7-22a01c0c9cec;8.65;2.0;SELL
2016-04-16T23:37:28.000000;2016-04-16T23:37:28.933295;fb0fbd52-ec70-4df2-b7dc-1d9d04ef72da;8.65;8.45229997;SELL
2016-04-16T23:37:28.000000;2016-04-16T23:37:28.938296;733acb6e-6786-43c2-8337-a7cea269d386;8.6121;10.532485;SELL
2016-04-16T23:37:28.000000;2016-04-16T23:37:28.958303;5768a9c4-ae5a-4026-ae83-8f9bb3690d13;8.6101;3.080207;SELL
2016-04-16T23:37:28.000000;2016-04-16T23:37:28.958303;fd2a2898-6c90-414a-86c2-e05186387162;8.4932;2.3918455;SELL
2016-04-16T23:37:28.000000;2016-04-16T23:37:28.958303;5a80bbc7-a75f-412b-9c73-28cf2ebfb46c;8.473;147.78358869;SELL
2016-04-16T23:37:39.000000;2016-04-16T23:37:39.479349;e2c40590-e966-4c91-a847-22bfcaf62981;8.678;12.4;BUY
2016-04-16T23:37:50.000000;2016-04-16T23:37:50.551457;72f32542-16a6-4ec7-876e-d6b803ff92dd;8.614;50.0;SELL
2016-04-16T23:37:52.000000;2016-04-16T23:37:52.706666;b5e5e0dc-5e6d-4f2b-baaf-22dbb4f846dc;8.6141;4.2006028;SELL
2016-04-16T23:37:52.000000;2016-04-16T23:37:52.720667;02139720-c691-4bfe-b2ae-2b9d18b24551;8.6141;11.0;SELL
2016-04-16T23:37:52.000000;2016-04-16T23:37:52.731670;9e7ddb5d-ca4a-484a-97a7-92ab3aaae737;8.6141;3.34767457;SELL
2016-04-16T23:37:52.000000;2016-04-16T23:37:52.744681;9a10b391-af99-44d9-96f7-6d24b8ea0631;8.614;31.45172263;SELL
2016-04-16T23:37:55.000000;2016-04-16T23:37:55.336938;ffdca15a-bf14-453d-aaef-5ec27f002238;8.615;50.0;SELL
2016-04-16T23:37:58.000000;2016-04-16T23:37:58.758269;e1b44431-12f2-4bbb-96ba-9e65ce0d75ac;8.617;50.0;SELL
2016-04-16T23:38:01.000000;2016-04-16T23:38:01.919613;5560ba5d-e8f6-4003-88aa-10a51486f7c9;8.618;50.0;SELL
2016-04-16T23:38:03.000000;2016-04-16T23:38:03.919883;a06a2e11-c27f-4956-a763-854b110eb635;8.619;50.0;SELL
2016-04-16T23:39:24.000000;2016-04-16T23:39:24.259964;b804a347-30a5-47e6-9289-ab3193544038;8.678;0.2;BUY
2016-04-16T23:39:24.000000;2016-04-16T23:39:24.271996;2ee1c147-8c70-4e40-a9ea-690fb624baf1;8.679;1.8;BUY
2016-04-16T23:41:07.000000;2016-04-16T23:41:07.363281;f7ea48d2-4463-4b29-a013-fa2040048dc8;8.65;20.0;SELL
2016-04-16T23:53:28.000000;2016-04-16T23:53:28.611402;020207c9-0b86-487d-8ab5-bcd39d6ff8ff;8.6047;3.12766;SELL
2016-04-16T23:53:28.000000;2016-04-16T23:53:28.620390;bfcdf4b5-e388-47d3-bb88-06d60ec23a6a;8.6041;1.50034809;SELL
2016-04-16T23:53:28.000000;2016-04-16T23:53:28.621397;52e278bb-3ffd-40c6-8b09-628d922de4c0;8.604;1.68736033;SELL
2016-04-16T23:53:30.000000;2016-04-16T23:53:30.359578;193dab0a-d29b-4d0a-b3a3-e9ac6321bf7c;8.6;1.50305413;BUY
2016-04-16T23:53:34.000000;2016-04-16T23:53:35.457088;3acf679e-51b5-408f-9a10-53b701bd4360;8.6;2.18157745;BUY
2016-04-16T23:58:07.000000;2016-04-16T23:58:07.801829;7fd82216-15af-4842-b530-b1d8dff00279;8.669;5.2;BUY
2016-04-16T23:58:07.000000;2016-04-16T23:58:07.811835;c6047b3b-9059-448f-88aa-82b4daabf71c;8.669;4.0;BUY
2016-04-16T23:58:07.000000;2016-04-16T23:58:07.820952;bc03b017-4265-4104-aa68-01f283a3409f;8.67;5.8;BUY
2016-04-16T23:58:07.000000;2016-04-16T23:58:07.820952;b38a0e50-5731-46d1-98eb-609d562feffd;8.67;5.8;BUY
