time_exchange;time_coinpai;guid;price;base_amount;taker_side
2016-04-16T00:00:02.109197;2016-04-16T00:00:02.131440;6e814d18-c684-4afb-bf41-10d5196292eb;430.82;0.09;SELL
2016-04-16T00:00:02.109382;2016-04-16T00:00:02.150000;621f6024-15f5-4980-939f-df9b628ede15;430.81;0.01;SELL
2016-04-16T00:00:02.109547;2016-04-16T00:00:02.150000;cf16e740-a3fe-4348-af80-9f58e455234b;430.8;0.02005112;SELL
2016-04-16T00:00:02.109694;2016-04-16T00:00:02.150000;9944b443-fc22-4431-b35f-b086f8ca87c1;430.8;0.00086888;SELL
2016-04-16T00:00:31.580090;2016-04-16T00:00:31.600206;60c1490e-dff3-472f-b2d3-f9dc501614fa;430.83;0.01;SELL
2016-04-16T00:00:31.580342;2016-04-16T00:00:31.600206;f6bf8f06-3bd8-4980-8e0c-7ef2bcfa27ed;430.82;0.01;SELL
2016-04-16T00:00:31.580535;2016-04-16T00:00:31.615834;75160f14-4e7a-4bd5-b2dc-e5353066337f;430.81;0.01;SELL
2016-04-16T00:00:31.580702;2016-04-16T00:00:31.615834;9f4796b9-c92e-4a8f-8030-445ac5bb9d6b;430.8;0.00913112;SELL
2016-04-16T00:00:31.580870;2016-04-16T00:00:31.615834;63996918-ef49-40ae-aa9c-9268f367f4fb;430.8;0.2;SELL
2016-04-16T00:00:31.581049;2016-04-16T00:00:31.615834;72b6317d-4aca-429e-8fe7-bc0816f1140a;430.79;0.01;SELL
2016-04-16T00:00:31.581216;2016-04-16T00:00:31.631460;b3db4eb8-ccbf-4e02-a8f0-56c378d89c8b;430.78;0.01;SELL
2016-04-16T00:00:31.581394;2016-04-16T00:00:31.631460;f1a948d1-f3c0-4e2a-a372-c138feeef525;430.74;0.083;SELL
2016-04-16T00:00:31.581547;2016-04-16T00:00:31.647084;f873daca-e377-4004-bc39-e7e158fb0d37;430.7;0.01001972;SELL
2016-04-16T00:00:31.581718;2016-04-16T00:00:31.647084;781bc8b1-f84d-41f0-8dea-cf757249ec73;430.7;0.106;SELL
2016-04-16T00:00:31.581880;2016-04-16T00:00:31.647084;f944444b-bd4a-43de-86d9-45e760340743;430.69;0.01;SELL
2016-04-16T00:00:31.582037;2016-04-16T00:00:31.647084;0da25ba2-02ff-4169-a012-95ef896f2835;430.65;0.017;SELL
2016-04-16T00:00:31.582192;2016-04-16T00:00:31.662705;124a525d-2800-40ba-a40a-7e04335a2b26;430.65;0.113;SELL
2016-04-16T00:00:31.582369;2016-04-16T00:00:31.662705;e2bb882a-8831-4709-ab5a-d48cb8dad0b2;430.64;0.017;SELL
2016-04-16T00:00:31.582510;2016-04-16T00:00:31.662705;a2a585f3-08da-49c6-9537-cd08b99a1394;430.61;0.18491916;SELL
2016-04-16T00:01:31.482259;2016-04-16T00:01:31.508631;b67eb8c4-7395-4c3b-93b8-c0c7d5867839;430.64;0.95953;BUY
2016-04-16T00:02:01.456279;2016-04-16T00:02:01.459632;3d5588b2-2fc2-4cd1-8691-26783b60afe5;430.63;0.01;SELL
2016-04-16T00:02:01.456481;2016-04-16T00:02:01.475251;a395e85a-4ab6-48c6-98cc-15b4b645e172;430.62;0.00433;SELL
2016-04-16T00:03:01.410874;2016-04-16T00:03:01.388083;b5ff672f-c411-42b3-bd42-d8149af496f1;430.64;0.14055;BUY
2016-04-16T00:03:31.568640;2016-04-16T00:03:31.559970;3dc16bb1-8136-487a-b85a-27cf3158f980;430.64;0.06692;BUY
2016-04-16T00:03:31.568866;2016-04-16T00:03:31.575616;e648b271-bd73-4409-abea-84881c60fea6;430.64;0.07;BUY
2016-04-16T00:03:31.569080;2016-04-16T00:03:31.606847;fd48803e-d625-49c5-9667-397a6709eedf;430.67;0.082;BUY
2016-04-16T00:03:31.569262;2016-04-16T00:03:31.606847;9091814d-c673-4f07-ab2b-a87b026bbaea;430.68;0.13;BUY
2016-04-16T00:03:31.569405;2016-04-16T00:03:31.606847;1a722395-bf5f-4485-a5de-c0f03bb407e9;430.77;0.157;BUY
2016-04-16T00:04:01.450419;2016-04-16T00:04:01.419372;3dc93212-1c4c-494f-8733-f3a6723e825c;430.67;0.01;SELL
2016-04-16T00:04:01.450610;2016-04-16T00:04:01.466247;920ad893-5cf8-4f3e-ae02-b5f332f546b6;430.65;0.01;SELL
2016-04-16T00:04:01.450787;2016-04-16T00:04:01.466247;b134551b-22c2-4539-9f72-caab5fc20594;430.64;0.00909;SELL
2016-04-16T00:04:32.070712;2016-04-16T00:04:32.076078;09e82314-551b-4ec2-9d33-07c03ab6161b;430.76;0.01909;BUY
2016-04-16T00:04:32.070990;2016-04-16T00:04:32.076078;6d2ceca3-bd56-439a-b6ca-2e9dc36a60c1;430.76;0.472;BUY
2016-04-16T00:04:32.071192;2016-04-16T00:04:32.076078;54ce77b0-9896-4388-bb6c-306fdd92d93d;430.78;0.28486;BUY
2016-04-16T00:05:01.825064;2016-04-16T00:05:01.825744;2efe428f-1c3a-4889-8f39-0a61dc4036f4;430.7;0.01;SELL
2016-04-16T00:05:01.825263;2016-04-16T00:05:01.825744;1e64ed5a-8d84-4c0c-88c4-5ae51df4a939;430.7;0.04065;SELL
2016-04-16T00:05:31.849488;2016-04-16T00:05:31.810045;358a1b6b-cc02-4ddf-a075-487e4bf6c72f;430.77;0.418;BUY
2016-04-16T00:05:31.849707;2016-04-16T00:05:31.841286;344e36d6-66ba-4014-9467-c45c3f978b1c;430.77;0.0735;BUY
2016-04-16T00:05:31.849891;2016-04-16T00:05:31.841286;b13f55f9-a87d-4fb4-873d-ea5c9236353c;430.78;0.12393;BUY
2016-04-16T00:06:02.437882;2016-04-16T00:06:02.403808;ff327b63-1460-40e0-87ac-66bc4a2df11b;430.76;0.012;SELL
2016-04-16T00:06:02.438141;2016-04-16T00:06:02.419424;cb94d7dd-7913-4964-aa54-b2847abc32c5;430.75;0.012;SELL
2016-04-16T00:06:02.438334;2016-04-16T00:06:02.419424;19edcc4b-0f55-47c9-9f94-1e063a753652;430.74;0.012;SELL
2016-04-16T00:06:02.438510;2016-04-16T00:06:02.466299;be34a103-2680-4642-a510-8a380305988e;430.73;0.012;SELL
2016-04-16T00:06:02.438672;2016-04-16T00:06:02.466299;417c97f4-a6d4-4261-9c8f-f4df3b764d32;430.72;0.012;SELL
2016-04-16T00:06:02.438823;2016-04-16T00:06:02.513174;be6d8435-6082-48f3-8eda-2bdd970d593c;430.71;0.012;SELL
2016-04-16T00:06:02.438988;2016-04-16T00:06:02.513174;5ea3b55a-6bcd-4b0e-b448-ae859aa0a769;430.71;0.01;SELL
2016-04-16T00:06:02.439160;2016-04-16T00:06:02.513174;68212818-cbf5-41a8-9108-76b3515490e3;430.71;0.15;SELL
2016-04-16T00:06:02.439314;2016-04-16T00:06:02.513174;3a260476-118c-488a-bd7d-e918dd533199;430.7;0.01;SELL
2016-04-16T00:06:02.439477;2016-04-16T00:06:02.513174;acabaffb-54c0-44cf-883a-91833fcfe19a;430.7;0.106;SELL
2016-04-16T00:06:02.439628;2016-04-16T00:06:02.513174;910f30b5-bf94-403d-8b25-2e99a789d9f1;430.69;0.01;SELL
2016-04-16T00:06:02.439784;2016-04-16T00:06:02.513174;875bb9fc-bf2e-4879-a36c-581f9320d107;430.69;0.3;SELL
2016-04-16T00:06:02.439943;2016-04-16T00:06:02.513174;8a8d3427-0fee-4044-9602-9b54dc0d63c1;430.67;0.01;SELL
2016-04-16T00:06:02.440093;2016-04-16T00:06:02.513174;2676b7db-9435-45cc-955e-080a3634d75f;430.66;0.64391;SELL
2016-04-16T00:06:31.496864;2016-04-16T00:06:31.481943;cc6caf17-ee00-4277-9ab6-f2d4fdc9a113;430.8;0.01001972;BUY
2016-04-16T00:06:31.497115;2016-04-16T00:06:31.481943;d3148be8-b9d0-41fe-ba5d-38a436829aa3;430.81;0.09;BUY
2016-04-16T00:06:31.497341;2016-04-16T00:06:31.481943;3e33270b-31cd-4198-8e80-902696062a2d;430.83;0.01;BUY
2016-04-16T00:06:31.497517;2016-04-16T00:06:31.513192;6d68c692-6d4a-4d9c-b8cf-7e63b3895c96;430.84;0.01;BUY
2016-04-16T00:06:31.497682;2016-04-16T00:06:31.513192;40c9f45f-9780-4fdf-8af7-fe91e4f699fd;430.85;0.02313112;BUY
2016-04-16T00:06:31.497883;2016-04-16T00:06:31.544453;a6f32e1a-24c7-45e1-9fe6-d2a76b132ce4;430.85;0.01;BUY
2016-04-16T00:06:31.498050;2016-04-16T00:06:31.544453;464a96e1-bf1f-4d9e-b551-decdec575d4a;430.87;0.012;BUY
2016-04-16T00:06:31.498203;2016-04-16T00:06:31.544453;f7259d7e-a60b-4afd-84dc-7fafe91403ec;430.89;0.02086888;BUY
2016-04-16T00:06:31.498350;2016-04-16T00:06:31.544453;f3bf503a-5fb7-4781-a59f-0130054695b9;430.9;0.02005112;BUY
2016-04-16T00:06:31.498508;2016-04-16T00:06:31.544453;412d39e6-cb4a-49a3-9251-f26fc993b82b;430.9;1.0;BUY
2016-04-16T00:06:31.498664;2016-04-16T00:06:31.544453;747187f9-9e3a-4812-a738-85bacf54b344;430.91;0.466162;BUY
2016-04-16T00:06:31.498824;2016-04-16T00:06:31.544453;1d6a6f37-808c-4c9e-ad11-6b599d70b619;430.91;0.3;BUY
2016-04-16T00:06:31.498991;2016-04-16T00:06:31.544453;e64994f8-da97-4088-aea8-196ccc7f711d;430.92;0.01;BUY
2016-04-16T00:06:31.499132;2016-04-16T00:06:31.544453;030ff24d-a4e4-4ea2-b89f-dfac8b474f7b;430.92;0.04954716;BUY
2016-04-16T00:07:01.600743;2016-04-16T00:07:01.575711;ead48171-af55-4893-93d7-1f1aca3ea4b2;430.92;0.38;BUY
2016-04-16T00:07:01.600956;2016-04-16T00:07:01.575711;3b7dc93b-0dd3-4a2e-9639-ec3758904a51;430.93;3.12482735;BUY
2016-04-16T00:07:01.601172;2016-04-16T00:07:01.591337;0f0f6858-52ab-4cf8-a884-5dd77ffbc360;430.93;0.01;BUY
2016-04-16T00:07:01.601327;2016-04-16T00:07:01.591337;c723da13-1668-46ab-99f3-dcbf7e1e07a2;430.93;0.03;BUY
2016-04-16T00:07:01.601478;2016-04-16T00:07:01.591337;1920aa04-b790-40fe-a000-afc6c6eeed27;430.93;0.03;BUY
2016-04-16T00:07:01.601637;2016-04-16T00:07:01.591337;87989f49-d33b-45cd-80f2-28e2b4a2dd9d;430.93;0.3;BUY
2016-04-16T00:07:01.601785;2016-04-16T00:07:01.591337;a5aa1fc3-e2a9-4b0d-b1ca-ca65ad000300;430.94;0.01;BUY
2016-04-16T00:07:01.601932;2016-04-16T00:07:01.591337;7528e9bb-7861-4bdf-8a5f-5e571fec3cce;430.94;0.23;BUY
2016-04-16T00:07:01.602113;2016-04-16T00:07:01.591337;b604f944-b370-4334-b960-3b5080a80cde;430.94;0.3;BUY
2016-04-16T00:07:01.602258;2016-04-16T00:07:01.638208;7f2ff355-b44a-431d-b7fd-70ae4bd484be;430.95;0.25789265;BUY
2016-04-16T00:07:33.479837;2016-04-16T00:07:33.450721;ea00d658-e776-4714-a2f4-505b012b5046;430.93;0.08616;BUY
2016-04-16T00:08:07.588388;2016-04-16T00:08:07.544506;5dac1dfa-cc50-47ab-abf9-5b9156ac0b52;430.95;0.36738531;BUY
2016-04-16T00:08:07.588633;2016-04-16T00:08:07.560113;f4bc5509-efc2-4536-8534-432d7163346c;430.95;0.355;BUY
2016-04-16T00:08:07.588819;2016-04-16T00:08:07.560113;1769abb6-df68-48ed-86d4-422b9b9aa78f;430.96;1.12781469;BUY
2016-04-16T00:08:31.499194;2016-04-16T00:08:31.450761;81759df0-0d26-4915-8ec0-90367e7342b5;430.95;0.33;BUY
2016-04-16T00:08:31.499424;2016-04-16T00:08:31.466376;7ccf1ec8-6f0d-4319-be8d-e868a09418dd;430.96;2.19713;BUY
2016-04-16T00:09:01.421823;2016-04-16T00:09:01.372651;1165df06-6989-4eee-9ff1-ed51bff02f2c;430.95;0.01;SELL
2016-04-16T00:09:01.422069;2016-04-16T00:09:01.372651;52b2284c-0cdb-42b0-9ec0-fcb6cc4853e1;430.94;0.011;SELL
2016-04-16T00:09:01.422260;2016-04-16T00:09:01.435162;1f2b446e-0318-4915-b5aa-1cf3b9541e43;430.93;0.011;SELL
2016-04-16T00:09:01.422420;2016-04-16T00:09:01.435162;0f88b951-9b4c-4bf2-878f-aafa0ef9dbf1;430.92;0.011;SELL
2016-04-16T00:09:01.422585;2016-04-16T00:09:01.435162;a0b3c148-0c68-4043-8948-18bee17a39b8;430.91;0.011;SELL
2016-04-16T00:09:01.422750;2016-04-16T00:09:01.482019;90d28cae-4ea4-4149-bf8f-540f77c11180;430.9;0.0115;SELL
2016-04-16T00:09:01.422903;2016-04-16T00:09:01.482019;dbb021f2-de0d-4c44-8070-537cb8387f8b;430.89;0.011;SELL
2016-04-16T00:09:01.423057;2016-04-16T00:09:01.482019;bda9a90f-0e80-47a4-9d63-eb89a4547b3b;430.89;0.00373;SELL
2016-04-16T00:09:39.180722;2016-04-16T00:09:39.122667;09202b34-92cd-49a3-9edf-5f2d9dd4dfac;430.96;0.78634;BUY
2016-04-16T00:10:00.059960;2016-04-16T00:10:00.013730;75c86933-0255-4802-b288-9b83e40ecc70;430.96;0.06571946;BUY
2016-04-16T00:10:00.079828;2016-04-16T00:10:00.060170;10861a8a-dab6-4540-a1ce-0ccb8aaf3e94;430.96;0.07428054;BUY
2016-04-16T00:10:01.595898;2016-04-16T00:10:01.544549;b5a5931e-63aa-46c8-8dd0-765bc9d9a6a8;430.96;0.13568;BUY
2016-04-16T00:10:31.529778;2016-04-16T00:10:31.482070;c6d0c53e-6509-45d5-be25-5506658b61e6;430.95;0.01;SELL
2016-04-16T00:10:31.530032;2016-04-16T00:10:31.513313;9f8c7ce8-a64c-4897-ba95-424b203f364f;430.94;0.01;SELL
2016-04-16T00:10:31.530216;2016-04-16T00:10:31.544566;1c13bed3-d2d1-4797-93ef-1652a3b9e106;430.93;0.01;SELL
2016-04-16T00:10:31.530380;2016-04-16T00:10:31.544566;0c0cb325-cdbf-46b4-b047-db18a1e1531b;430.92;0.01;SELL
2016-04-16T00:10:31.530531;2016-04-16T00:10:31.544566;361cd164-4d34-49ca-930e-b0a96559ebab;430.91;0.01;SELL
2016-04-16T00:10:31.530697;2016-04-16T00:10:31.591437;7b0e88a8-1bb3-4dac-81b1-48d3b60f55ea;430.91;0.101;SELL
2016-04-16T00:10:31.530849;2016-04-16T00:10:31.591437;01028b19-9284-4fcd-b8bd-ef7adef6fdc1;430.9;0.01;SELL
2016-04-16T00:10:31.531017;2016-04-16T00:10:31.591437;973baffd-5413-4069-9de8-58179a3f1132;430.9;5.75;SELL
2016-04-16T00:10:31.531173;2016-04-16T00:10:31.591437;79897671-d88c-4efc-a4fd-97eace296505;430.9;0.07;SELL
2016-04-16T00:10:31.531323;2016-04-16T00:10:31.591437;3443991c-56f0-41d6-95a6-930e463acbb7;430.89;0.01;SELL
2016-04-16T00:10:31.531477;2016-04-16T00:10:31.622687;47c51e76-59e3-4e44-b741-ce6a1852d96b;430.88;0.011;SELL
2016-04-16T00:10:31.531644;2016-04-16T00:10:31.622687;dc23428e-f64a-488a-bc98-4b65837f9a95;430.87;0.011;SELL
2016-04-16T00:10:31.531791;2016-04-16T00:10:31.638324;aff70280-a373-4ab3-8e89-128b60b6bf59;430.86;0.012;SELL
2016-04-16T00:10:31.531956;2016-04-16T00:10:31.638324;4e774e03-9f53-4b0e-801e-bb6a0e53dfac;430.86;0.08;SELL
2016-04-16T00:10:31.532126;2016-04-16T00:10:31.638324;f14859a8-36d1-4665-bfef-c63e86138409;430.85;0.012;SELL
2016-04-16T00:10:31.532267;2016-04-16T00:10:31.653938;56bf33fe-50ca-4cce-8f2e-04ab9df02872;430.84;0.012;SELL
2016-04-16T00:10:31.532424;2016-04-16T00:10:31.653938;d292d4f3-9bfa-4637-93e1-5d51b9f3d06a;430.84;0.3;SELL
2016-04-16T00:10:31.532601;2016-04-16T00:10:31.653938;82c3baab-e2ff-4924-9b1c-3e758204c827;430.83;0.011;SELL
2016-04-16T00:10:31.532761;2016-04-16T00:10:31.653938;9c07a51b-85d3-4cd3-8823-223c43be5b67;430.82;0.011;SELL
2016-04-16T00:10:31.532924;2016-04-16T00:10:31.653938;e46a89c2-ed9f-4ece-830d-7d37530f2333;430.81;0.011;SELL
2016-04-16T00:10:31.533083;2016-04-16T00:10:31.685187;185cf66e-d553-42c1-a18b-a4c5d39f0c89;430.8;0.012;SELL
2016-04-16T00:10:31.533239;2016-04-16T00:10:31.685187;0f31c0ec-b7bb-4e1e-bb56-a2e3c2b98824;430.8;0.02005345;SELL
2016-04-16T00:10:31.533395;2016-04-16T00:10:31.685187;b52b006b-bc2e-4188-84d2-ec2e6c5922bf;430.79;0.012;SELL
2016-04-16T00:10:31.533541;2016-04-16T00:10:31.685187;49338286-56aa-4850-baf8-4ab710ca276b;430.78;0.012;SELL
2016-04-16T00:10:31.533711;2016-04-16T00:10:31.685187;e69b0b23-4269-45d4-8c5e-4510caaff8b8;430.78;0.087;SELL
2016-04-16T00:10:31.533869;2016-04-16T00:10:31.732065;3c3640bb-4424-4464-b199-977ab277392d;430.76;0.012;SELL
2016-04-16T00:10:31.534018;2016-04-16T00:10:31.732065;16cf8b27-b1fe-47db-93c2-49ce42a004d1;430.76;2.27684655;SELL
2016-04-16T00:11:01.461299;2016-04-16T00:11:01.419576;c130a74d-0f0a-4cef-863b-c792e719938d;430.88;0.03;BUY
2016-04-16T00:11:01.461542;2016-04-16T00:11:01.435315;e5bea5db-8dd4-427e-99e1-ced55e7f973b;430.89;0.03;BUY
2016-04-16T00:11:01.461735;2016-04-16T00:11:01.435315;b04b9e02-edc7-4a1b-b6b8-90bfae9be827;430.9;0.02005345;BUY
2016-04-16T00:11:01.461898;2016-04-16T00:11:01.435315;3a53b687-a411-4044-91b6-39f0f718dd3a;430.92;0.03;BUY
2016-04-16T00:11:01.462081;2016-04-16T00:11:01.450828;9c310f43-da8c-462c-93c6-7ff14dcd22a4;430.93;0.03;BUY
2016-04-16T00:11:01.462236;2016-04-16T00:11:01.497718;9e10a1b7-34d7-41a2-9cdd-480a555f74be;430.94;0.03;BUY
2016-04-16T00:11:01.462392;2016-04-16T00:11:01.497718;8becfb28-c11c-4df4-9e29-f478241bd2d5;430.95;0.03;BUY
2016-04-16T00:11:01.462530;2016-04-16T00:11:01.513328;43ee887d-a065-4776-b672-7f0e9e9d3256;430.96;0.19704655;BUY
2016-04-16T00:11:34.869697;2016-04-16T00:11:34.826903;7ad001b3-100e-41af-9d78-843969bba4f6;430.96;0.17441;BUY
2016-04-16T00:12:01.495758;2016-04-16T00:12:01.435232;1b980c1b-0350-4dc6-b9c4-edd4ff58dd3a;430.96;0.24798;BUY
2016-04-16T00:12:22.415876;2016-04-16T00:12:22.357134;f55b4409-1dd1-474a-9a53-a6f64e70c745;430.95;0.011;SELL
2016-04-16T00:12:22.416176;2016-04-16T00:12:22.372743;6950553e-2bb8-441a-9d41-92a9b329896a;430.94;0.011;SELL
2016-04-16T00:12:22.416356;2016-04-16T00:12:22.372743;2751a366-0b36-40f0-8b5b-247907ae943e;430.93;0.011;SELL
2016-04-16T00:12:22.416507;2016-04-16T00:12:22.372743;c87c661f-f883-4048-a1b5-e8416a580b74;430.93;0.113;SELL
2016-04-16T00:12:22.416652;2016-04-16T00:12:22.404045;9dc79f6d-e715-4c6a-8a5a-ec5c917ad2f1;430.93;0.054;SELL
2016-04-16T00:12:24.793636;2016-04-16T00:12:24.747744;7176d36a-1c84-4f2d-9997-4564486495db;430.92;0.011;SELL
2016-04-16T00:12:24.793947;2016-04-16T00:12:24.763370;c79a835f-22e9-41a4-bd6c-2e25b520595f;430.91;0.011;SELL
2016-04-16T00:12:24.794223;2016-04-16T00:12:24.763370;4493feb3-cb19-4145-bcee-a8ee31dc332b;430.91;0.112;SELL
2016-04-16T00:12:24.794441;2016-04-16T00:12:24.763370;32f1e96c-40a7-4bdf-80d7-c6f9c63b6c0a;430.9;0.011;SELL
2016-04-16T00:12:24.794667;2016-04-16T00:12:24.778995;d5fb0de6-bf04-44e3-bf16-5bb37191b4c3;430.89;0.011;SELL
2016-04-16T00:12:24.794895;2016-04-16T00:12:24.841495;3488d33a-94e9-4612-8b06-381564090d58;430.88;0.012;SELL
2016-04-16T00:12:24.795149;2016-04-16T00:12:24.841495;dc468041-e020-4a28-99ae-0e1086332f0f;430.87;0.01;SELL
2016-04-16T00:12:24.795380;2016-04-16T00:12:24.841495;ec836162-4996-48a1-8ae8-28902668986d;430.86;0.01;SELL
2016-04-16T00:12:24.795592;2016-04-16T00:12:24.841495;533989f7-f3ed-4251-a445-e7432ac52a8c;430.85;0.01;SELL
2016-04-16T00:12:24.795797;2016-04-16T00:12:24.841495;e7637a86-a8be-4b04-b58c-cb109097fe32;430.84;0.002;SELL
2016-04-16T00:12:27.165095;2016-04-16T00:12:27.107126;8046b7d1-5ed0-4ff6-9b0c-94293f8af92a;430.89;0.17;SELL
2016-04-16T00:12:27.165263;2016-04-16T00:12:27.107126;226c70e4-1439-4b86-8af1-92d18be25a85;430.89;0.03;SELL
2016-04-16T00:12:29.553638;2016-04-16T00:12:29.498606;11f9419e-e424-4a69-be74-1cd6e70c807d;430.84;0.008;SELL
2016-04-16T00:12:29.553821;2016-04-16T00:12:29.529005;26f98618-f480-4f30-8260-934edf7a82a5;430.84;0.115;SELL
2016-04-16T00:12:29.554002;2016-04-16T00:12:29.529005;b8b08a98-c9a2-4270-831d-970d784d6f14;430.83;0.01;SELL
2016-04-16T00:12:29.554165;2016-04-16T00:12:29.529005;4fc193e9-8efa-4a18-9d08-51566607e8aa;430.82;0.01;SELL
2016-04-16T00:12:29.554347;2016-04-16T00:12:29.545678;971f8178-d73e-4fda-96c2-0ca5fadc87b9;430.8;0.02005578;SELL
2016-04-16T00:12:29.554492;2016-04-16T00:12:29.591855;14440c28-f90a-4e66-8076-efbbeebb4847;430.78;0.03694422;SELL
2016-04-16T00:12:31.622741;2016-04-16T00:12:31.608174;f1290782-eaff-4415-86e1-8b5428e02d9b;430.79;0.09682;SELL
2016-04-16T00:12:31.689739;2016-04-16T00:12:31.669623;62cc9d10-33fe-4394-832d-34e3110cae3a;430.79;0.07318;SELL
2016-04-16T00:12:31.689913;2016-04-16T00:12:31.669623;5db180a0-fdba-448b-96c0-46d17c153ec9;430.78;0.12682;SELL
2016-04-16T00:12:33.841704;2016-04-16T00:12:33.810263;d5c4cc31-f9a4-45e3-9bec-6dc2bff5b934;430.79;0.2;SELL
2016-04-16T00:12:35.996210;2016-04-16T00:12:35.950880;27c87ab2-79ca-43a5-9b97-061c5a2366a0;430.82;0.01;SELL
2016-04-16T00:12:35.996377;2016-04-16T00:12:35.966506;7512a886-63c7-4bb7-8ff0-bb0c88223c09;430.81;0.01;SELL
2016-04-16T00:12:35.996545;2016-04-16T00:12:35.966506;b7b19d6e-6f98-44d5-8bb3-7e7e197a2c8b;430.81;0.01;SELL
2016-04-16T00:12:35.996704;2016-04-16T00:12:35.966506;ae31bf36-bbff-447c-8b52-cc067b49e016;430.8;0.01;SELL
2016-04-16T00:12:35.996852;2016-04-16T00:12:35.966506;0b34ba03-844f-403d-8e9a-3eef6a5e7da8;430.79;0.16;SELL
2016-04-16T00:12:38.134589;2016-04-16T00:12:38.091502;c737170a-323d-4279-ac55-1e9f7938b350;430.79;0.2;SELL
2016-04-16T00:12:40.281969;2016-04-16T00:12:40.232143;92e98d44-1964-404b-a507-dbbab51a81df;430.79;0.2;SELL
2016-04-16T00:12:42.435627;2016-04-16T00:12:42.388388;8c0ea3f0-cdae-45ed-84d7-4aa7795d5c6c;430.79;0.2;SELL
2016-04-16T00:12:44.576173;2016-04-16T00:12:44.544630;56922779-311d-4443-a5b1-30f141eb1a73;430.79;0.2;SELL
2016-04-16T00:12:46.935475;2016-04-16T00:12:46.872760;7b102cc7-2c56-4ac1-8ef7-390f0e2d68e8;430.78;0.2;SELL
2016-04-16T00:12:49.166732;2016-04-16T00:12:49.107144;7ec24dae-606b-4680-98ad-8fe7c4d01bea;430.79;0.2;SELL
2016-04-16T00:12:51.310875;2016-04-16T00:12:51.247767;fc323be8-4662-42de-9656-8da85ae28122;430.78;0.2;SELL
2016-04-16T00:12:53.670281;2016-04-16T00:12:53.607133;dc5cdbb3-bc6b-46fe-984b-dbac28dd191e;430.79;0.2;SELL
2016-04-16T00:12:55.854360;2016-04-16T00:12:55.810261;97bd5187-5124-47d8-bc15-d77a7e35b186;430.81;0.01;SELL
2016-04-16T00:12:55.854535;2016-04-16T00:12:55.810261;e8e8d8d8-09cb-4856-969e-537ecd7d7b72;430.8;0.01;SELL
2016-04-16T00:12:55.854730;2016-04-16T00:12:55.810261;c93334e5-0db5-4c29-8167-02f0fdadb892;430.79;0.01;SELL
2016-04-16T00:12:55.854888;2016-04-16T00:12:55.810261;88d9ac24-eca3-4f93-bc09-ce2dd615033b;430.75;0.01;SELL
2016-04-16T00:12:55.855041;2016-04-16T00:12:55.841524;a8cd14a4-fdb1-499e-a130-3369a69e3f49;430.74;0.16;SELL
2016-04-16T00:12:58.222496;2016-04-16T00:12:58.169917;15d73916-3414-4016-9dd3-f09bda4ef4f8;430.72;0.2;SELL
2016-04-16T00:13:00.604566;2016-04-16T00:13:00.544645;eaaa8e3f-2960-4cdd-b561-bea52a39f21f;430.74;0.2;SELL
2016-04-16T00:13:01.700312;2016-04-16T00:13:01.638388;c1623fc3-2598-4ab3-a69b-e60d05ae0e14;430.87;0.20717;BUY
2016-04-16T00:13:02.760557;2016-04-16T00:13:02.716515;341af158-6a02-41d1-8159-08159327a1b9;430.72;0.01;SELL
2016-04-16T00:13:02.760739;2016-04-16T00:13:02.716515;bc8ef323-29c4-4e97-85c2-6d968757aa4c;430.71;0.19;SELL
2016-04-16T00:13:05.155575;2016-04-16T00:13:05.107139;a97cc127-1f9f-4fec-9c6c-3a3ab4d5861f;430.73;0.2;SELL
2016-04-16T00:13:07.293095;2016-04-16T00:13:07.247934;e21841fb-d0c1-4065-a4a0-53ca1da473d0;430.71;0.1212;SELL
2016-04-16T00:13:31.682424;2016-04-16T00:13:31.638404;6d635133-846b-4b8e-8fc9-2a9d8a47155a;430.85;0.01;BUY
2016-04-16T00:13:31.682643;2016-04-16T00:13:31.638404;9a92bbf3-18fe-4954-8a3d-18844530b5ae;430.89;0.03;BUY
2016-04-16T00:13:31.682844;2016-04-16T00:13:31.654031;fa897664-9099-4b87-8282-09490c017f85;430.9;0.02005578;BUY
2016-04-16T00:13:31.683045;2016-04-16T00:13:31.654031;b8ebaa8a-4dd9-4a64-befb-84f2736e5072;430.92;0.03;BUY
2016-04-16T00:13:31.683190;2016-04-16T00:13:31.669658;8e17a01d-632d-46b1-ab28-9fe788b29fad;430.92;0.19878422;BUY
2016-04-16T00:14:01.981168;2016-04-16T00:14:01.919681;84c2002e-d57a-462a-88d4-0495204271e0;430.93;0.03;BUY
2016-04-16T00:14:01.981410;2016-04-16T00:14:01.935293;af1b32d1-7ae6-4592-932e-6b57553e3935;430.93;0.01;BUY
2016-04-16T00:14:01.981598;2016-04-16T00:14:01.966550;76caa855-17d5-46cc-8823-4e684c804a14;430.94;0.03;BUY
2016-04-16T00:14:01.981769;2016-04-16T00:14:01.966550;0713e056-0e6f-43fc-b00c-79f501465dda;430.94;0.01;BUY
2016-04-16T00:14:01.981910;2016-04-16T00:14:01.966550;84415781-6c8b-4c22-80f9-183f3be0e374;430.96;1.97744;BUY
2016-04-16T00:14:31.406924;2016-04-16T00:14:31.345269;569fae24-d7fa-4557-b0c2-34b648eb6188;430.95;0.14263;BUY
2016-04-16T00:15:02.544617;2016-04-16T00:15:02.484519;b0ef1c44-2059-442b-af32-d085f97d890d;430.93;0.01;SELL
2016-04-16T00:15:02.544854;2016-04-16T00:15:02.497830;63715c97-900e-43c0-9e73-8d7ce5374b36;430.93;0.2;SELL
2016-04-16T00:15:02.545057;2016-04-16T00:15:02.497830;d5991fa5-8f08-4998-9cb4-2b5dd9ec9c70;430.92;0.01;SELL
2016-04-16T00:15:02.545217;2016-04-16T00:15:02.513452;06de136a-d2c1-4207-891e-2a59b1c8d358;430.91;0.01;SELL
2016-04-16T00:15:02.545393;2016-04-16T00:15:02.513452;5fa743ac-b841-4c9a-82c1-a18fc6788b74;430.9;0.01;SELL
2016-04-16T00:15:02.545568;2016-04-16T00:15:02.607204;1f0612b9-3e28-4323-ae9a-2dff98e8fa22;430.89;0.01;SELL
2016-04-16T00:15:02.545723;2016-04-16T00:15:02.607204;ad9ef6fc-c2c5-4f66-bee9-b50a25c2463b;430.88;0.01;SELL
2016-04-16T00:15:02.545886;2016-04-16T00:15:02.607204;f5c7ac65-45e6-41e6-9730-e276f472c61d;430.88;0.117;SELL
2016-04-16T00:15:02.546058;2016-04-16T00:15:02.607204;b18194f2-235a-4156-abf9-f1caafbfa5cd;430.87;0.01;SELL
2016-04-16T00:15:02.546215;2016-04-16T00:15:02.607204;eaf50b16-057c-49b9-8e94-4108bf02e08e;430.86;0.01;SELL
2016-04-16T00:15:02.546382;2016-04-16T00:15:02.607204;7501ff17-926b-4079-840a-0ecc35f1a6af;430.85;0.01;SELL
2016-04-16T00:15:02.546554;2016-04-16T00:15:02.607204;01d78fff-f1ac-4fa1-9b4e-04295b06347f;430.84;0.01;SELL
2016-04-16T00:15:02.546711;2016-04-16T00:15:02.607204;6f18ecd5-4946-4c69-80b0-c350dd030bb7;430.83;0.01;SELL
2016-04-16T00:15:02.546875;2016-04-16T00:15:02.607204;38a1e565-bffa-447b-9489-5ffc263b87f4;430.83;0.114;SELL
2016-04-16T00:15:02.547045;2016-04-16T00:15:02.607204;2d1be3e5-83b1-4f0e-86b0-c13a6a3fe0c2;430.82;0.01;SELL
2016-04-16T00:15:02.547201;2016-04-16T00:15:02.622824;f363ef6a-5c19-49c7-b2ad-55cd29c869be;430.8;0.02005811;SELL
2016-04-16T00:15:02.547359;2016-04-16T00:15:02.622824;5339125a-3e75-45c2-8350-0d6aea86bc3a;430.78;0.07;SELL
2016-04-16T00:15:02.547535;2016-04-16T00:15:02.622824;36476eb6-39d8-4c5c-bbe5-e79eaf460b4d;430.78;6.94366;SELL
2016-04-16T00:15:02.547698;2016-04-16T00:15:02.622824;81365c31-7fee-48e7-8c0b-c4f1c5fa875b;430.77;0.01;SELL
2016-04-16T00:15:02.547847;2016-04-16T00:15:02.622824;7c4140cd-515e-488e-ae93-258f73309482;430.76;0.01;SELL
2016-04-16T00:15:02.548024;2016-04-16T00:15:02.622824;e90fc869-11d7-4c16-8fe6-e4c74c2ca49c;430.76;0.096;SELL
2016-04-16T00:15:02.548179;2016-04-16T00:15:02.622824;133f822e-fd3b-4df4-8285-c90f8458e0a1;430.75;0.01;SELL
2016-04-16T00:15:02.548338;2016-04-16T00:15:02.622824;c44d4e1d-898e-4fb3-acc1-136e048dd9df;430.74;0.01;SELL
2016-04-16T00:15:02.548509;2016-04-16T00:15:02.622824;3b28490d-1433-402d-875f-5a9e0e6380a7;430.73;0.01;SELL
2016-04-16T00:15:02.548673;2016-04-16T00:15:02.622824;c4cba53b-6575-4ec7-935f-4e8a7612a125;430.72;0.01;SELL
2016-04-16T00:15:02.548826;2016-04-16T00:15:02.639384;cbaf7ea3-bc3e-4c69-bb13-27da66da0ef9;430.71;0.155169;SELL
2016-04-16T00:15:02.549003;2016-04-16T00:15:02.639384;a7bf52f6-bf51-42e6-82d9-ae676a513a3e;430.71;0.129;SELL
2016-04-16T00:15:02.549167;2016-04-16T00:15:02.639384;2c237693-2af3-4ed5-bfbc-13f1419a2ed4;430.7;0.01002088;SELL
2016-04-16T00:15:02.549324;2016-04-16T00:15:02.639384;6a6cfadd-15a6-4ceb-abd4-cb4cf05b0604;430.69;0.51;SELL
2016-04-16T00:15:02.549495;2016-04-16T00:15:02.639384;66080948-db51-44e1-b961-52a65eeb6e2c;430.68;0.01;SELL
2016-04-16T00:15:02.549638;2016-04-16T00:15:02.639384;d1ad067e-5221-4f99-9ce9-dbcf18c6b120;430.66;1.93284201;SELL
2016-04-16T00:15:31.688553;2016-04-16T00:15:31.654091;52835bf6-8100-40b6-b740-3ebf573472b8;430.8;0.01002088;BUY
2016-04-16T00:15:31.688783;2016-04-16T00:15:31.654091;cf02f2e7-6eb7-45d7-9fde-c903d476d6f9;430.84;0.124;BUY
2016-04-16T00:15:31.689006;2016-04-16T00:15:31.654091;cade880b-8aad-4000-a635-c3fc02606f34;430.88;0.17;BUY
2016-04-16T00:15:31.689155;2016-04-16T00:15:31.654091;02e04bdb-40f9-4886-a1ff-d64587cfad2b;430.88;0.17;BUY
2016-04-16T00:15:31.689330;2016-04-16T00:15:31.654091;d6b5594d-ee5b-43f5-ac63-e7bc44f4e719;430.88;0.17;BUY
2016-04-16T00:15:31.689489;2016-04-16T00:15:31.654091;798eeb7d-795a-4c49-82f0-9a95e783abac;430.88;0.17;BUY
2016-04-16T00:15:31.689655;2016-04-16T00:15:31.669717;34071bad-392f-4fc4-8322-0fdce3d1db55;430.89;0.34;BUY
2016-04-16T00:15:31.689812;2016-04-16T00:15:31.669717;b34ffed7-fa8b-4d00-854c-8f3a470cff22;430.89;0.34;BUY
2016-04-16T00:15:31.689970;2016-04-16T00:15:31.669717;f73b996b-e049-4a5f-93c4-35b385d9c3ba;430.9;0.02005811;BUY
2016-04-16T00:15:31.690169;2016-04-16T00:15:31.669717;3aeb4b60-f569-478d-ba83-3469db942a1c;430.9;0.3;BUY
2016-04-16T00:15:31.690325;2016-04-16T00:15:31.685341;57b7c90e-d497-463f-96b2-841dd817823f;430.92;0.34;BUY
2016-04-16T00:15:31.690460;2016-04-16T00:15:31.685341;e3679353-ed0e-42df-9955-9cc2caa52ebe;430.92;0.00667101;BUY
2016-04-16T00:16:01.789450;2016-04-16T00:16:01.716607;a131e2b5-79a2-4649-8048-65daa7048c89;430.87;0.03;BUY
2016-04-16T00:16:01.789689;2016-04-16T00:16:01.732230;4a5c13ed-7471-46e7-a120-e0113cbdbd26;430.9;0.01;BUY
2016-04-16T00:16:01.789885;2016-04-16T00:16:01.732230;a5aca212-87f5-420f-8f64-4d6a7116cf12;430.94;0.01;BUY
2016-04-16T00:16:01.790051;2016-04-16T00:16:01.764517;3c91372a-5e4c-4bd9-aebe-6201aca3d593;430.95;0.18787;BUY
2016-04-16T00:16:32.300338;2016-04-16T00:16:32.247873;2ba63d53-b3c5-44b3-b4bf-f1c6aa0e7234;430.95;0.04841;BUY
2016-04-16T00:17:01.532065;2016-04-16T00:17:01.482271;2c07074d-e005-4eb4-af3e-88f4eb497f6d;430.95;0.230089;BUY
2016-04-16T00:17:01.532280;2016-04-16T00:17:01.482271;e53d8cce-eb06-4455-83f7-a5cf66a31e89;430.95;0.505;BUY
2016-04-16T00:17:01.532470;2016-04-16T00:17:01.482271;5125f406-1997-443d-9015-779dd157c61c;430.95;0.24;BUY
2016-04-16T00:17:01.533175;2016-04-16T00:17:01.482271;05b7ae99-4a77-4099-86d8-f7d33d54fb69;430.95;0.07;BUY
2016-04-16T00:17:01.533356;2016-04-16T00:17:01.482271;cf8ca1cd-eb68-44d3-b5ea-0c2762191cc8;430.96;0.59928576;BUY
2016-04-16T00:17:01.533512;2016-04-16T00:17:01.513515;efed4ac9-3980-429f-8c73-9bd7268c8a82;430.96;0.03;BUY
2016-04-16T00:17:01.533659;2016-04-16T00:17:01.513515;c8b8481e-b55b-401c-a72c-c98f29b7b3ac;430.96;0.81371524;BUY
2016-04-16T00:17:31.473127;2016-04-16T00:17:31.404162;4d5543ee-0ba2-433d-a0b4-5ccd4623708c;430.95;0.23109;BUY
2016-04-16T00:17:50.304435;2016-04-16T00:17:50.362022;43538e80-7821-414f-90bb-949d9ef1d148;430.95;0.14;BUY
2016-04-16T00:17:50.356876;2016-04-16T00:17:50.424522;c199f9aa-5e14-4923-8cbc-8fd286518f1c;430.95;0.06608;BUY
2016-04-16T00:17:50.375127;2016-04-16T00:17:50.455769;36e6b0ff-d199-4142-bf7d-fa35f49881a3;430.95;0.04819427;BUY
2016-04-16T00:17:50.393123;2016-04-16T00:17:50.455769;dfa2e869-a7b1-4e3b-8460-08ccba208433;430.95;0.22072573;BUY
2016-04-16T00:17:50.393429;2016-04-16T00:17:50.455769;52c2f275-b042-4ebe-a15b-a162e5f360de;430.96;0.04109448;BUY
2016-04-16T00:18:01.730654;2016-04-16T00:18:01.768289;07a70136-8fcb-4909-9298-63c0029b43ad;430.95;0.26861;BUY
2016-04-16T00:18:31.999599;2016-04-16T00:18:32.036817;e79f0d84-d859-4a44-b584-5e850379c83d;430.96;1.4768;BUY
2016-04-16T00:19:01.481665;2016-04-16T00:19:01.549565;5e6ac4e7-7569-4895-b764-d84e73a56e6d;430.96;2.25764;BUY
2016-04-16T00:19:31.475756;2016-04-16T00:19:31.518623;d3c37263-3178-48aa-bdc2-649cc0ee289e;430.96;0.41075028;BUY
2016-04-16T00:19:31.476000;2016-04-16T00:19:31.533947;6eb64624-2c0d-428b-9dda-3dce4046034e;430.96;0.01;BUY
2016-04-16T00:19:31.476189;2016-04-16T00:19:31.533947;84463695-b4cc-42df-b78c-2d11579ec2ea;430.96;0.03;BUY
2016-04-16T00:19:31.476374;2016-04-16T00:19:31.549580;919204e6-74da-446e-a4b0-c923ec9b8b35;430.97;0.01;BUY
2016-04-16T00:19:31.476529;2016-04-16T00:19:31.549580;6e48a951-da15-4ba4-bedf-aef9a7bb7e30;430.97;0.03;BUY
2016-04-16T00:19:31.476680;2016-04-16T00:19:31.613047;9a8c1a4e-9ef2-4ce1-aff9-030c63fae54d;430.97;0.03;BUY
2016-04-16T00:19:31.476831;2016-04-16T00:19:31.613047;9db2485e-b6cc-4481-b185-ec3a68e311b4;430.97;0.03;BUY
2016-04-16T00:19:31.476994;2016-04-16T00:19:31.613047;e084a430-2cb4-41d7-9366-00a40160f4aa;430.97;0.03;BUY
2016-04-16T00:19:31.477140;2016-04-16T00:19:31.613047;db404eca-16a2-43b3-932b-c9b1a2731d4f;430.97;0.03;BUY
2016-04-16T00:19:31.477288;2016-04-16T00:19:31.613047;0690bb1d-537f-40e5-a561-3e399d398f8b;430.97;0.03;BUY
2016-04-16T00:19:31.477446;2016-04-16T00:19:31.630303;4d0115b5-dc89-4e0d-bb4c-af9fd684171e;430.97;0.03;BUY
2016-04-16T00:19:31.477601;2016-04-16T00:19:31.630303;fa30d92e-b428-4672-b5bc-e134b84b83bc;430.97;0.189;BUY
2016-04-16T00:19:31.477747;2016-04-16T00:19:31.630303;6bb270dc-d57d-49cb-ba9f-8b652f531f38;430.98;0.01;BUY
2016-04-16T00:19:31.477897;2016-04-16T00:19:31.630303;bf0c5d39-ee50-4597-af0e-3ab373fb3a37;430.98;0.03;BUY
2016-04-16T00:19:31.478054;2016-04-16T00:19:31.630303;ade8e07d-ef0a-415f-a823-5db9262331da;430.98;0.03;BUY
2016-04-16T00:19:31.478203;2016-04-16T00:19:31.674577;e85f07f6-1523-4f1c-95c0-0cc1b39abff9;430.98;0.03;BUY
2016-04-16T00:19:31.478347;2016-04-16T00:19:31.674577;3057644e-1f98-478d-b1bb-790c3b05c72f;430.98;0.01;BUY
2016-04-16T00:19:31.478499;2016-04-16T00:19:31.674577;e092fd29-f4ed-4f8b-a280-c5b919036f99;430.98;0.03;BUY
2016-04-16T00:19:31.478646;2016-04-16T00:19:31.674577;f2787edc-6a4b-4c1d-8fc0-b406a3dc0282;430.98;0.03;BUY
2016-04-16T00:19:31.478795;2016-04-16T00:19:31.674577;7191070b-4dfc-4f76-82f8-601c0de32721;430.98;0.03;BUY
2016-04-16T00:19:31.478940;2016-04-16T00:19:31.674577;fc292223-6ca8-40b5-81a9-9b1ea486efaa;430.98;0.02;BUY
2016-04-16T00:19:31.479108;2016-04-16T00:19:31.674577;3f64441a-ead3-48a5-b640-b897325f89bf;430.98;0.1;BUY
2016-04-16T00:19:31.479248;2016-04-16T00:19:31.674577;44f9cd95-0bb1-4b72-b059-d4a2b720d92d;430.99;0.024;BUY
2016-04-16T00:19:31.479406;2016-04-16T00:19:31.674577;d108eb80-5224-446f-afc3-db1d716431eb;430.99;0.03;BUY
2016-04-16T00:19:31.479555;2016-04-16T00:19:31.674577;3979b256-5f52-456f-a4c3-909f000f499b;430.99;0.03;BUY
2016-04-16T00:19:31.479702;2016-04-16T00:19:31.690195;23980c98-25ff-465e-8ddd-aebcddb787d7;430.99;0.03;BUY
2016-04-16T00:19:31.479853;2016-04-16T00:19:31.690195;b51c327b-d27d-40e4-96d6-dc015f938196;430.99;0.1212764;BUY
2016-04-16T00:19:31.480024;2016-04-16T00:19:31.690195;07430f50-3bbf-42cc-b34e-1958f615d91f;430.99;0.026;BUY
2016-04-16T00:19:31.480166;2016-04-16T00:19:31.690195;d5c5d72c-51d3-4baf-87e1-5c2977c157c7;431.0;0.01001044;BUY
2016-04-16T00:19:31.480305;2016-04-16T00:19:31.690195;04011fa3-dbb0-4c18-aeba-aea3ebd98e4b;431.0;0.03;BUY
2016-04-16T00:19:31.480456;2016-04-16T00:19:31.705822;82a6d2fd-41cb-4684-aca4-1e0810611c0d;431.0;0.03;BUY
2016-04-16T00:19:31.480600;2016-04-16T00:19:31.705822;c5935761-c639-487e-b323-4697a268e244;431.0;0.03;BUY
2016-04-16T00:19:31.480749;2016-04-16T00:19:31.705822;00ed5c0f-0692-4cbc-ac53-fee78d571d06;431.0;0.03;BUY
2016-04-16T00:19:31.480898;2016-04-16T00:19:31.705822;654e894a-344e-44fe-8c76-5d7e4623829a;431.0;0.03;BUY
2016-04-16T00:19:31.481052;2016-04-16T00:19:31.705822;865bc0b2-8076-45cb-8df4-6ffc6dad20fe;431.0;0.03;BUY
2016-04-16T00:19:31.481193;2016-04-16T00:19:31.705822;bbc2af8a-a547-4086-bacc-94465f16439f;431.0;0.03;BUY
2016-04-16T00:19:31.481331;2016-04-16T00:19:31.705822;7e130c10-8051-4782-84a1-91eec2c4a768;431.0;0.01897718;BUY
2016-04-16T00:19:31.481483;2016-04-16T00:19:31.705822;118d6d98-c9d8-49b8-ad49-16eaf7b163f2;431.0;0.03;BUY
2016-04-16T00:19:31.481633;2016-04-16T00:19:31.705822;9c944d41-a29f-4364-a3db-a3ca70a4d778;431.0;0.01;BUY
2016-04-16T00:19:31.481773;2016-04-16T00:19:31.721444;24056ca5-ca4f-4cbd-8d4d-e6984e0eb1c9;431.0;0.0761657;BUY
2016-04-16T00:20:01.825091;2016-04-16T00:20:01.879644;ed7714a4-4742-4088-8187-3c1554b1ad4f;430.98;0.015;SELL
2016-04-16T00:20:01.825315;2016-04-16T00:20:01.893336;1619034b-42d1-48d0-acbb-c49d95588f25;430.97;0.01;SELL
2016-04-16T00:20:01.825506;2016-04-16T00:20:01.893336;48537cc7-a58f-485b-8746-901a8dc93082;430.96;0.01;SELL
2016-04-16T00:20:01.825671;2016-04-16T00:20:01.893336;c6d6df4f-5eb4-4d4a-a936-071fb1c888c3;430.95;0.01;SELL
2016-04-16T00:20:01.825828;2016-04-16T00:20:01.893336;d5e58733-1072-45b6-ace3-92c5ede67cf5;430.94;0.01;SELL
2016-04-16T00:20:01.826010;2016-04-16T00:20:01.893336;a518387b-c947-4b7f-a74a-ec69e3081852;430.94;0.18;SELL
2016-04-16T00:20:01.826169;2016-04-16T00:20:01.908964;cca4a489-4824-4e37-a484-576d3d889fc7;430.93;0.01;SELL
2016-04-16T00:20:01.826324;2016-04-16T00:20:01.908964;12f761fc-d83a-46e4-b822-6ef3ccf82603;430.92;0.01;SELL
2016-04-16T00:20:01.826483;2016-04-16T00:20:01.908964;9af05119-28d5-43ed-92e3-f312a3cd0701;430.91;0.01;SELL
2016-04-16T00:20:01.826628;2016-04-16T00:20:01.908964;e88cc506-c507-400d-a0ef-cedf4ec14464;430.9;0.01;SELL
2016-04-16T00:20:01.826792;2016-04-16T00:20:01.908964;82d4cd96-b026-49b5-aab5-f20a982b6664;430.9;0.0100116;SELL
2016-04-16T00:20:01.826947;2016-04-16T00:20:01.908964;653532f5-9cd1-46b1-a91e-29075a06a3a1;430.89;0.01;SELL
2016-04-16T00:20:01.827105;2016-04-16T00:20:01.908964;93c05e23-5973-45a3-83ec-b859de144c4f;430.89;0.3;SELL
2016-04-16T00:20:01.827259;2016-04-16T00:20:01.924586;b8a5b72e-b694-4aec-abb1-64e3ed382957;430.89;0.105;SELL
2016-04-16T00:20:01.827413;2016-04-16T00:20:01.924586;f547d35e-7f8d-468a-9f32-0f1ec98b525e;430.88;0.01;SELL
2016-04-16T00:20:01.827569;2016-04-16T00:20:01.924586;b2c2c341-67c3-4cf0-ab6f-3fa5c0458897;430.87;0.01;SELL
2016-04-16T00:20:01.827726;2016-04-16T00:20:01.924586;73a10aee-8a27-40c8-8e19-75d67ef89e24;430.86;0.01;SELL
2016-04-16T00:20:01.827884;2016-04-16T00:20:01.955852;109ae6cb-b03a-4417-bf12-f7e5fccac042;430.85;0.01;SELL
2016-04-16T00:20:01.828043;2016-04-16T00:20:01.955852;3e8dd0dd-bafd-4cd4-b20d-8eb887eb16a6;430.85;0.0115;SELL
2016-04-16T00:20:01.828198;2016-04-16T00:20:01.955852;29d4cce9-6c06-444a-85b8-73f474847cac;430.85;0.07;SELL
2016-04-16T00:20:01.828356;2016-04-16T00:20:01.955852;f5183da0-268a-41dc-b19b-81be7832d815;430.84;0.01;SELL
2016-04-16T00:20:01.828511;2016-04-16T00:20:01.955852;9b1f22c1-f8f3-4d8e-8ec7-92951d15556d;430.83;0.01;SELL
2016-04-16T00:20:01.828664;2016-04-16T00:20:01.955852;23e65a56-1629-43cb-aa94-fdead12680a1;430.82;0.01;SELL
2016-04-16T00:20:01.828838;2016-04-16T00:20:01.955852;6565209c-a63d-4626-826d-179186be1ded;430.81;0.1;SELL
2016-04-16T00:20:01.829010;2016-04-16T00:20:01.987090;36790b99-b004-43df-9bc8-be2e65b5088b;430.8;0.02006044;SELL
2016-04-16T00:20:01.829169;2016-04-16T00:20:01.987090;68b64bdc-7c82-444d-afaa-d4268a6b7e4d;430.8;0.077;SELL
2016-04-16T00:20:01.829317;2016-04-16T00:20:01.987090;8b3f57a5-ad24-4797-b473-8de24f5d3ce5;430.78;0.01;SELL
2016-04-16T00:20:01.829478;2016-04-16T00:20:01.987090;e706cbaa-3e81-41f4-b342-94adf4dab9cf;430.78;0.68;SELL
2016-04-16T00:20:01.829634;2016-04-16T00:20:01.987090;03541ddd-5750-456d-a8fd-d8ec0834ad97;430.77;0.01;SELL
2016-04-16T00:20:01.829797;2016-04-16T00:20:01.987090;f308a8a1-a9d3-4685-a81c-762a0f4670fc;430.76;1.87;SELL
2016-04-16T00:20:01.829955;2016-04-16T00:20:01.987090;c8f914af-033d-4f82-b5d5-80aeeb72013f;430.75;0.01;SELL
2016-04-16T00:20:01.830122;2016-04-16T00:20:01.987090;da6695d5-1ebe-4c44-9230-15f3848e5f37;430.75;0.096;SELL
2016-04-16T00:20:01.830276;2016-04-16T00:20:01.987090;1912e2c1-2f4d-4dd0-b3ef-136c66bfff2a;430.74;1.87;SELL
2016-04-16T00:20:01.830421;2016-04-16T00:20:02.018333;d3317cce-d09f-45ac-b125-dbacd96f2304;430.73;0.01;SELL
2016-04-16T00:20:01.830572;2016-04-16T00:20:02.018333;8fa22b27-1f88-4bba-82cc-818fdff4c0f5;430.73;1.02;SELL
2016-04-16T00:20:01.830717;2016-04-16T00:20:02.018333;a8f9d1de-38d7-4f7c-82e5-5e190154b061;430.72;0.01;SELL
2016-04-16T00:20:01.830890;2016-04-16T00:20:02.018333;80b1db56-957c-4790-9a5a-a0c886d47395;430.72;0.85;SELL
2016-04-16T00:20:01.831052;2016-04-16T00:20:02.018333;eca3de9a-7ab3-4c84-8afb-6109db97bcb1;430.71;0.01;SELL
2016-04-16T00:20:01.831191;2016-04-16T00:20:02.018333;400e6481-c2ee-474c-ad56-831d3987eab9;430.71;0.12221796;SELL
2016-04-16T00:20:34.221735;2016-04-16T00:20:34.268358;8f7bcf12-b392-4c18-89c9-06403224399e;430.89;0.03;BUY
2016-04-16T00:20:34.222092;2016-04-16T00:20:34.268358;4c934fd1-ce76-4202-b96a-6a5aab713ca5;430.9;0.02006044;BUY
2016-04-16T00:20:34.222368;2016-04-16T00:20:34.283983;b2428614-c899-46d8-8a0d-c4d62881d1d6;430.94;0.078;BUY
2016-04-16T00:20:34.222617;2016-04-16T00:20:34.283983;b22e2bb7-394c-48d0-896f-136c6444e05c;430.95;0.03;BUY
2016-04-16T00:20:34.222867;2016-04-16T00:20:34.283983;7cf5c505-8c21-42ab-bb3d-f8ca44fb5a78;430.96;0.1;BUY
2016-04-16T00:20:34.223174;2016-04-16T00:20:34.283983;ebd7b315-acf5-47ab-a991-3ece75008a3f;430.97;1.31652956;BUY
2016-04-16T00:21:01.871258;2016-04-16T00:21:01.927743;29cd2404-a0c6-48cc-9d21-ac0a95082ffa;430.85;0.015;SELL
2016-04-16T00:21:01.871479;2016-04-16T00:21:01.927743;47fbe2ee-3af1-4205-86c3-a663e4c8a98c;430.84;0.015;SELL
2016-04-16T00:21:01.871743;2016-04-16T00:21:01.927743;3aa1e28b-ead4-4694-8cba-f92d376cfb7f;430.84;0.097;SELL
2016-04-16T00:21:01.871925;2016-04-16T00:21:01.940248;7bca90d0-4136-41b9-93a7-29f8f6f05893;430.83;0.01;SELL
2016-04-16T00:21:01.872126;2016-04-16T00:21:01.940248;ec6891ba-386c-41c0-a0f4-acb768e45b61;430.82;0.015;SELL
2016-04-16T00:21:01.872307;2016-04-16T00:21:01.940248;d4797f6f-1f7b-42e2-a63a-41ff561c17a7;430.81;0.016;SELL
2016-04-16T00:21:01.872460;2016-04-16T00:21:01.940248;f09ed527-8c0e-4190-94e8-18bb57e92058;430.8;0.016;SELL
2016-04-16T00:21:01.872624;2016-04-16T00:21:01.972448;456ae969-37da-4d77-a6ca-2e601674f7f7;430.8;0.02006277;SELL
2016-04-16T00:21:01.872778;2016-04-16T00:21:01.972448;75544205-9f5d-45c5-81ab-f1a1b1cc08ba;430.79;0.016;SELL
2016-04-16T00:21:01.872924;2016-04-16T00:21:01.972448;8632ac42-a164-41b8-bd97-8d1e4a60e38c;430.79;0.01193723;SELL
2016-04-16T00:21:31.755307;2016-04-16T00:21:31.799631;3e0b9963-debd-49a0-9806-b1784d46994f;430.84;0.03;BUY
2016-04-16T00:21:31.755694;2016-04-16T00:21:31.815256;fb497ff5-ba39-4353-b148-375857628f59;430.85;0.03;BUY
2016-04-16T00:21:31.755908;2016-04-16T00:21:31.830887;08af2cfa-d083-469a-acc3-36f020fec05e;430.86;0.018;BUY
2016-04-16T00:21:31.756104;2016-04-16T00:21:31.830887;8df7c985-cdc7-4aa8-9d4a-0b00ea0c4750;430.87;0.03;BUY
2016-04-16T00:21:31.756258;2016-04-16T00:21:31.830887;2644659f-0063-4a9a-a102-5b3cfc73303c;430.88;0.03;BUY
2016-04-16T00:21:31.756660;2016-04-16T00:21:31.850833;3076062b-610f-40cf-a1b1-73ace8011ce5;430.88;0.3;BUY
2016-04-16T00:21:31.756830;2016-04-16T00:21:31.850833;59c370d8-37ad-4821-9cbb-6359bcd57fb9;430.89;0.072;BUY
2016-04-16T00:21:31.757139;2016-04-16T00:21:31.850833;cae6c759-0a82-48c9-9d87-ffbaf124302c;430.9;0.02006277;BUY
2016-04-16T00:21:31.757308;2016-04-16T00:21:31.877761;d8dee35b-0e7e-4c7f-8244-63bc17259556;430.93;0.01;BUY
2016-04-16T00:21:31.757465;2016-04-16T00:21:31.877761;8474ac78-7bb7-4df5-ab7e-3dcef5a2d110;430.94;0.14811723;BUY
2016-04-16T00:22:31.617164;2016-04-16T00:22:31.643412;327bbd99-8642-49e9-af02-e223c69fd89f;430.96;0.01;BUY
2016-04-16T00:22:31.617399;2016-04-16T00:22:31.659037;a59d85c6-cf24-4473-bcb2-ff2ba673bda4;430.98;0.01;BUY
2016-04-16T00:22:31.617595;2016-04-16T00:22:31.659037;2497944a-92f1-4ce1-b4d5-3aa79a343f13;430.98;0.126;BUY
2016-04-16T00:22:31.617752;2016-04-16T00:22:31.659037;4e54273b-29ac-4fce-bb3f-836fcfe16d06;431.0;0.1489973;BUY
2016-04-16T00:22:31.617900;2016-04-16T00:22:31.724119;3a201317-773f-4b8c-b3d2-d23ea639dafb;431.0;0.02;BUY
2016-04-16T00:22:31.618062;2016-04-16T00:22:31.724119;063d8074-b128-4d4a-8773-fc6142af7ff2;431.0;0.01;BUY
2016-04-16T00:22:31.618199;2016-04-16T00:22:31.724119;9d001fa5-305c-4058-90b1-b5cbcaf9041c;431.0;0.2023827;BUY
2016-04-16T00:23:11.889516;2016-04-16T00:23:11.924688;b9cc388c-d763-4fde-a676-2dc0f998691f;431.0;0.03;BUY
2016-04-16T00:23:11.889743;2016-04-16T00:23:11.940309;634bd302-7ef4-4a61-b07b-bf70546e9595;431.0;0.03;BUY
2016-04-16T00:23:11.889927;2016-04-16T00:23:11.940309;58405ccc-ee02-45f1-be43-4d03747d86e9;431.0;0.03;BUY
2016-04-16T00:23:11.890100;2016-04-16T00:23:11.955945;b96c5e9b-10af-4644-868b-2da3ae18f1bf;431.0;0.0100116;BUY
2016-04-16T00:23:11.890245;2016-04-16T00:23:11.955945;96b23278-aa9e-42bb-a80d-660970fef314;431.0;0.078;BUY
2016-04-16T00:23:11.890381;2016-04-16T00:23:12.034060;509ef51f-4e79-4989-89fc-e2d6614cb240;431.0;4.4813184;BUY
2016-04-16T00:23:31.468707;2016-04-16T00:23:31.503881;32c8d386-f555-43e0-a1c2-de9d85935931;430.99;0.014;SELL
2016-04-16T00:23:31.469016;2016-04-16T00:23:31.518444;f203e618-446c-493b-99e8-c98a9d299bd3;430.98;0.014;SELL
2016-04-16T00:23:31.469246;2016-04-16T00:23:31.518444;8eabe5ce-6264-41d4-940f-cde5f2d135d5;430.97;0.014;SELL
2016-04-16T00:23:31.469463;2016-04-16T00:23:31.534080;6bba70f3-0545-4d64-8403-9e162f998fac;430.96;0.014;SELL
2016-04-16T00:23:31.469662;2016-04-16T00:23:31.534080;00f5b622-3ae5-4779-abfe-4ee52bab00e7;430.95;0.014;SELL
2016-04-16T00:23:31.469859;2016-04-16T00:23:31.596568;ca6e571d-f032-4c45-85b5-cc3ba9e763be;430.95;0.1;SELL
2016-04-16T00:23:31.470069;2016-04-16T00:23:31.612839;f84ea8ed-ffa4-4ac9-96a7-61628017c8c5;430.94;0.014;SELL
2016-04-16T00:23:31.470262;2016-04-16T00:23:31.612839;a9db354f-2156-426c-9605-6b0cdf6ef521;430.93;0.014;SELL
2016-04-16T00:23:31.470458;2016-04-16T00:23:31.612839;713c51f4-18ba-41ad-8d37-594a2e79a334;430.92;0.014;SELL
2016-04-16T00:23:31.470661;2016-04-16T00:23:31.612839;896212cf-c7ba-4a6f-b18e-2bc0243868d3;430.91;0.014;SELL
2016-04-16T00:23:31.470851;2016-04-16T00:23:31.612839;feef4b64-3d0e-46ee-a43d-88f6b8c53276;430.9;0.015;SELL
2016-04-16T00:23:31.471043;2016-04-16T00:23:31.612839;1026928f-b3d0-4aa0-a0b2-f70f44f0d0c6;430.9;0.3;SELL
2016-04-16T00:23:31.471235;2016-04-16T00:23:31.612839;c1b090d5-f81b-4bba-9d8a-906ef2925b94;430.9;0.01001276;SELL
2016-04-16T00:23:31.471420;2016-04-16T00:23:31.612839;fcc409b0-93bc-464d-818b-87403844be04;430.89;0.015;SELL
2016-04-16T00:23:31.471610;2016-04-16T00:23:31.612839;062d79f3-aa0e-4044-b951-24c6d310afed;430.89;0.077;SELL
2016-04-16T00:23:31.471807;2016-04-16T00:23:31.628879;61fb5012-69b6-49ed-b15a-2a9e529ab86e;430.89;0.15;SELL
2016-04-16T00:23:31.472020;2016-04-16T00:23:31.628879;57cbfbff-2799-477f-b07e-bb4e2b8822f2;430.88;0.015;SELL
2016-04-16T00:23:31.472211;2016-04-16T00:23:31.628879;fda81905-60fd-44be-95ec-b2fd50c0bb38;430.87;0.014;SELL
2016-04-16T00:23:31.472392;2016-04-16T00:23:31.628879;7ac07299-9645-4b2f-b750-2ccb456e74de;430.86;0.014;SELL
2016-04-16T00:23:31.472570;2016-04-16T00:23:31.628879;1af4cde7-93f9-47eb-a509-fedb1fd30c8b;430.86;0.37360724;SELL
2016-04-16T00:24:01.459114;2016-04-16T00:24:01.487967;fcdccc81-9203-4697-90a4-b41ef4de04bc;430.92;0.5;BUY
2016-04-16T00:24:01.459320;2016-04-16T00:24:01.487967;9a34a93f-a67a-4ab3-a6cd-3316a3062201;430.92;0.3;BUY
2016-04-16T00:24:01.459497;2016-04-16T00:24:01.487967;e26ea357-1e04-48ae-bb60-b4d354337c97;430.93;0.44106;BUY
2016-04-16T00:24:31.445767;2016-04-16T00:24:31.473007;1b109f53-0e09-4931-8001-3a9c9a16d217;430.91;0.013;SELL
2016-04-16T00:24:31.446052;2016-04-16T00:24:31.489877;66951972-cb5d-4a70-a850-00f03f699e11;430.9;0.013;SELL
2016-04-16T00:24:31.446269;2016-04-16T00:24:31.489877;9da7c24d-eeb2-44d9-9e5e-e5e0d3bc9a52;430.89;0.013;SELL
2016-04-16T00:24:31.446456;2016-04-16T00:24:31.518479;b1e27358-61c3-48fd-b3c4-314c4e4bd859;430.88;0.014;SELL
2016-04-16T00:24:31.446638;2016-04-16T00:24:31.518479;3ade9e05-cbd3-4457-9497-1731fc7b8c3f;430.85;0.014;SELL
2016-04-16T00:24:31.446816;2016-04-16T00:24:31.534116;641f8099-e770-4796-9d45-c882e869c4b4;430.84;0.014;SELL
2016-04-16T00:24:31.446994;2016-04-16T00:24:31.534116;bfcf93a2-1d5f-4797-a7c5-33e6fefa6e25;430.84;0.1511;SELL
2016-04-16T00:25:01.551430;2016-04-16T00:25:01.580971;adc91252-93bd-4dbf-a256-ab44a040b016;430.89;0.021;BUY
2016-04-16T00:25:01.551630;2016-04-16T00:25:01.596614;5e68b4f8-8f15-46df-8023-e87267bd9a05;430.89;0.20463;BUY
2016-04-16T00:25:31.938656;2016-04-16T00:25:31.956014;2fc863bf-2608-42d9-824e-e01a111b2d3e;430.9;0.01515;BUY
2016-04-16T00:26:02.650156;2016-04-16T00:26:02.674778;08c24256-8562-4072-bb41-d20c74163abb;430.9;0.01485;BUY
2016-04-16T00:26:02.650379;2016-04-16T00:26:02.692442;c3546a7d-936f-41c8-90c1-fa9773a33f8b;430.91;0.427;BUY
2016-04-16T00:26:02.650555;2016-04-16T00:26:02.706019;d71a7c0b-0bd7-4e13-a7c7-465c946b3133;430.92;0.38834;BUY
2016-04-16T00:27:01.762967;2016-04-16T00:27:01.784174;b619e1b1-27c5-4ab5-b5f1-4a3c3811ea26;430.91;0.011;SELL
2016-04-16T00:27:01.763231;2016-04-16T00:27:01.818803;99fd4fea-995a-4bd9-86db-db3d41347f93;430.9;0.011;SELL
2016-04-16T00:27:01.763413;2016-04-16T00:27:01.818803;fca34377-6ca6-41f4-ad69-ef14acaa4109;430.89;0.012;SELL
2016-04-16T00:27:01.763584;2016-04-16T00:27:01.818803;c7455934-114b-4e2a-86fb-5ad2b019abe9;430.88;0.012;SELL
2016-04-16T00:27:01.763744;2016-04-16T00:27:01.831607;44765b0d-6e37-469e-9018-03e30dcb6d7b;430.87;0.012;SELL
2016-04-16T00:27:01.763916;2016-04-16T00:27:01.831607;1bf07b39-0146-4c83-82cd-66e277a1be55;430.86;0.012;SELL
2016-04-16T00:27:01.764108;2016-04-16T00:27:01.831607;38418ef6-1b38-4b2e-989e-c7e3289c16c6;430.85;0.013;SELL
2016-04-16T00:27:01.764260;2016-04-16T00:27:01.831607;985fbe7a-57f3-4118-b8a6-a507e2861b54;430.84;0.01;SELL
2016-04-16T00:27:01.764417;2016-04-16T00:27:01.831607;34755586-fa1e-43a9-b6c7-81bc2c5d8dd3;430.84;0.075;SELL
2016-04-16T00:27:01.764565;2016-04-16T00:27:01.831607;1f4e01a1-f20b-4ff3-9972-fb441a803ef8;430.83;0.015;SELL
2016-04-16T00:27:01.764723;2016-04-16T00:27:01.831607;5b3ee44f-2915-4f7c-9a67-3bf196b11935;430.83;0.466494;SELL
2016-04-16T00:27:01.764880;2016-04-16T00:27:01.893558;8e65c287-f424-452e-9726-5fb832c6bb77;430.82;0.015;SELL
2016-04-16T00:27:01.765054;2016-04-16T00:27:01.893558;acc35d12-c774-4c8a-a91a-17b65bff964f;430.8;0.0200651;SELL
2016-04-16T00:27:01.765205;2016-04-16T00:27:01.893558;866cd83a-a6e3-4ef5-bec1-6994a3f664cf;430.76;0.07;SELL
2016-04-16T00:27:01.765350;2016-04-16T00:27:01.893558;68294542-5895-4834-876b-814a5071ce1a;430.76;0.0730609;SELL
2016-04-16T00:27:31.684592;2016-04-16T00:27:31.706070;3edc15e8-3bff-49a0-ab59-b106ed6c45c4;430.79;0.45967;BUY
2016-04-16T00:28:01.653789;2016-04-16T00:28:01.690466;83c02b85-98f6-4a74-8bed-f0bd63c33a98;430.79;2.74633;BUY
2016-04-16T00:28:01.654043;2016-04-16T00:28:01.707053;95bf8db5-50af-44f3-bd09-beac28a4cd77;430.89;1.7;BUY
2016-04-16T00:28:01.654245;2016-04-16T00:28:01.707053;6383de4e-baf1-461f-bf66-81586963f3b6;430.9;0.0200651;BUY
2016-04-16T00:28:01.654402;2016-04-16T00:28:01.707053;fb27ea42-d33f-43f4-a6bb-fa4da4c66b97;430.91;1.02;BUY
2016-04-16T00:28:01.654560;2016-04-16T00:28:01.723327;62fd846f-4b87-4d92-9097-46726b61c8fe;430.92;3.22566;BUY
2016-04-16T00:28:01.654706;2016-04-16T00:28:01.784203;7e296e30-a7ce-4f04-a4ee-9e85dbc41fba;430.95;0.0125;BUY
2016-04-16T00:28:01.654857;2016-04-16T00:28:01.784203;55b43da2-55ec-4833-9618-911892ea36e7;430.95;0.51;BUY
2016-04-16T00:28:01.655035;2016-04-16T00:28:01.784203;92059c6d-102e-4a14-b027-5d7879aa8e20;430.96;6.9071;BUY
2016-04-16T00:28:01.655198;2016-04-16T00:28:01.784203;53c9f2af-4db5-4d7b-8200-6dfa0a0a3e2b;430.97;0.01;BUY
2016-04-16T00:28:01.655346;2016-04-16T00:28:01.784203;b024927f-2619-4675-9a3e-89db6799454f;430.98;0.03;BUY
2016-04-16T00:28:01.655501;2016-04-16T00:28:01.784203;8ec9e347-52b5-4c9d-9013-e3a1db859489;430.98;0.02;BUY
2016-04-16T00:28:01.655654;2016-04-16T00:28:01.784203;5027b93a-04cf-4a80-9522-276d61ef7d4d;430.99;0.03;BUY
2016-04-16T00:28:01.655804;2016-04-16T00:28:01.784203;ec79a007-5ce7-4ede-b174-9c545fe9c8f9;431.0;0.01001276;BUY
2016-04-16T00:28:01.655956;2016-04-16T00:28:01.784203;54ad208a-bd37-46c9-88c0-fde569ee59d2;431.0;0.03;BUY
2016-04-16T00:28:01.656131;2016-04-16T00:28:01.784203;e8885116-d74d-46db-9f17-87eab1186b34;431.0;0.466494;BUY
2016-04-16T00:28:01.656281;2016-04-16T00:28:01.815454;2f20bbb5-05de-4bdd-9d9e-a0cdebf319f8;431.01;0.03;BUY
2016-04-16T00:28:01.656427;2016-04-16T00:28:01.815454;062b2dfd-afc5-425c-840b-6d464af54e79;431.01;0.03;BUY
2016-04-16T00:28:01.656575;2016-04-16T00:28:01.815454;98cd61af-4687-4892-952e-9f0595381e8f;431.01;0.03;BUY
2016-04-16T00:28:01.656727;2016-04-16T00:28:01.815454;d7166740-9b0b-447e-8ef2-60258137a8bf;431.01;0.03;BUY
2016-04-16T00:28:01.656879;2016-04-16T00:28:01.815454;b6a29247-e16b-4dd6-8b8a-489ec07bac06;431.01;0.03;BUY
2016-04-16T00:28:01.657136;2016-04-16T00:28:01.815454;4ca62f51-0f9c-4826-a80f-467e71b5f487;431.01;0.03;BUY
2016-04-16T00:28:01.657289;2016-04-16T00:28:01.815454;2e70bb98-4d8a-494b-a6a3-865eea6af475;431.01;0.01;BUY
2016-04-16T00:28:01.657438;2016-04-16T00:28:01.815454;6bfe5cb4-0792-46c3-84b1-f49d0c180a69;431.01;0.03;BUY
2016-04-16T00:28:01.657584;2016-04-16T00:28:01.815454;63044d4f-2051-4620-a217-38dd4646801d;431.01;0.03;BUY
2016-04-16T00:28:01.657743;2016-04-16T00:28:01.815454;49e33652-cf61-4651-a7c2-6a34fe8b07eb;431.01;0.03;BUY
2016-04-16T00:28:01.657897;2016-04-16T00:28:01.831081;f969367e-ccf6-4aa7-90e8-eafee9bf9f27;431.02;0.03;BUY
2016-04-16T00:28:01.658057;2016-04-16T00:28:01.831081;0ed4c83a-0f2c-4ffd-9cf3-63ba94697e3c;431.02;0.03;BUY
2016-04-16T00:28:01.658209;2016-04-16T00:28:01.831081;229bb7ff-ba20-4149-8f18-ca65c6dba8da;431.02;0.03;BUY
2016-04-16T00:28:01.658366;2016-04-16T00:28:01.831081;11078a88-8de1-4d8b-9792-84c1e79e05c2;431.02;0.03;BUY
2016-04-16T00:28:01.658512;2016-04-16T00:28:01.831081;247a62a6-64ae-4d54-b7d9-6ee85b3f88fb;431.02;0.03;BUY
2016-04-16T00:28:01.658659;2016-04-16T00:28:01.831081;d9d8f2a5-1a97-433f-9617-ed3f93ac23f7;431.02;0.03;BUY
2016-04-16T00:28:01.658811;2016-04-16T00:28:01.831081;e0331e2d-8e04-480f-9558-26a03a8c14a4;431.02;0.03;BUY
2016-04-16T00:28:01.658961;2016-04-16T00:28:01.831081;49189cd0-38c3-48f0-bb47-923e2fe59a88;431.02;0.01;BUY
2016-04-16T00:28:01.659132;2016-04-16T00:28:01.863054;1e51360b-b6b9-474d-aa42-dda1a1ee0419;431.02;0.03;BUY
2016-04-16T00:28:01.659284;2016-04-16T00:28:01.863054;845d1a47-5eec-4d85-99cb-7fa64bd21aa0;431.03;0.02244;BUY
2016-04-16T00:28:01.659429;2016-04-16T00:28:01.863054;f70377d6-53cb-4b87-8c65-f12cb9242175;431.03;0.03;BUY
2016-04-16T00:28:01.659585;2016-04-16T00:28:01.877963;6b5a90c2-ca60-4121-82ce-59fe278f8bd6;431.03;0.03;BUY
2016-04-16T00:28:01.659734;2016-04-16T00:28:01.893585;fa2c7a3a-c496-4100-8523-3244c6e34bec;431.04;0.03;BUY
2016-04-16T00:28:01.659879;2016-04-16T00:28:01.893585;7f70dea5-a987-4fdd-8229-85e107bbe149;431.04;0.03;BUY
2016-04-16T00:28:01.660037;2016-04-16T00:28:01.893585;c49109f1-845d-4e7f-b17f-872f490ef5a1;431.04;0.03;BUY
2016-04-16T00:28:01.660178;2016-04-16T00:28:01.893585;bd83be2f-e3de-47ad-9100-9b1322c7a307;431.04;0.03;BUY
2016-04-16T00:28:01.660335;2016-04-16T00:28:01.893585;daabcb4d-14c3-46b8-9247-d599e6674fe3;431.04;0.03;BUY
2016-04-16T00:28:01.660482;2016-04-16T00:28:01.893585;5d34bea2-cd60-49bb-8c2a-b31875f7057c;431.04;0.03;BUY
2016-04-16T00:28:01.660630;2016-04-16T00:28:01.893585;2b44353b-d5f3-483b-8299-3c73f3cbb51b;431.04;0.03;BUY
2016-04-16T00:28:01.660775;2016-04-16T00:28:01.893585;a0e20f75-c175-44e8-9d18-ff83d79d6e5f;431.04;0.03;BUY
2016-04-16T00:28:01.660923;2016-04-16T00:28:01.893585;cca6c92f-a19a-4aaa-9bef-e2938ad5a7f4;431.04;0.03;BUY
2016-04-16T00:28:01.661082;2016-04-16T00:28:01.909209;9d23e016-d1f8-43ec-be3d-349ef127f8c1;431.04;0.03;BUY
2016-04-16T00:28:01.661223;2016-04-16T00:28:01.909209;cfe067fa-8231-4362-b21f-a37260566d20;431.04;0.03;BUY
2016-04-16T00:28:01.661370;2016-04-16T00:28:01.909209;0c087db0-6275-4290-b35e-9652ac30d696;431.04;0.03;BUY
2016-04-16T00:28:01.661522;2016-04-16T00:28:01.909209;ad9eb9a4-86a7-4cfc-a4e8-b38ebe94f3b3;431.04;0.01;BUY
2016-04-16T00:28:01.661666;2016-04-16T00:28:01.909209;45856be0-b344-4af8-9d6d-77b27367f194;431.04;0.03;BUY
2016-04-16T00:28:01.661830;2016-04-16T00:28:01.909209;dfe275aa-5bb1-4dbe-8f17-128b429eec51;431.04;0.023;BUY
2016-04-16T00:28:01.661990;2016-04-16T00:28:01.909209;757ecdfd-e685-4eb9-9af0-3a4565f3b76a;431.05;0.03;BUY
2016-04-16T00:28:01.662134;2016-04-16T00:28:01.909209;b4871efa-653d-4734-a45a-4ac2f1ab0075;431.05;0.1;BUY
2016-04-16T00:28:01.662280;2016-04-16T00:28:01.909209;9e0363e4-3ed4-42c3-aef9-61d09503ab0a;431.05;0.03;BUY
2016-04-16T00:28:01.662433;2016-04-16T00:28:01.909209;10cab6ab-b0cc-468e-88fc-3ec3c9aa4c14;431.05;0.03;BUY
2016-04-16T00:28:01.662580;2016-04-16T00:28:01.909209;d30acfc5-8c85-478f-a19d-c35b70cbe200;431.05;0.03;BUY
2016-04-16T00:28:01.662731;2016-04-16T00:28:01.909209;e8c37097-93a5-4bd2-904e-8e78c464849e;431.05;0.03;BUY
2016-04-16T00:28:01.662878;2016-04-16T00:28:01.909209;94030a11-8878-4b2c-9228-17da2e6b94df;431.05;0.03;BUY
2016-04-16T00:28:01.663034;2016-04-16T00:28:01.909209;40c2e034-bc6e-4167-8aa6-717c61807bfe;431.05;0.03;BUY
2016-04-16T00:28:01.663176;2016-04-16T00:28:01.909209;91c5f4de-3182-4bc2-9922-5fc883b4eee0;431.05;0.03;BUY
2016-04-16T00:28:01.663333;2016-04-16T00:28:01.909209;576fe7f0-86b2-4032-a69a-1d1cf2a6d011;431.05;0.03;BUY
2016-04-16T00:28:01.663486;2016-04-16T00:28:01.909209;35ff370b-e5aa-4b32-8399-6ced1dc1fa3c;431.05;0.03;BUY
2016-04-16T00:28:01.663632;2016-04-16T00:28:01.909209;36ce6e18-8632-4678-b3e0-55909e654b6e;431.05;0.03;BUY
2016-04-16T00:28:01.663783;2016-04-16T00:28:01.909209;22143c79-84b9-4075-8000-33afb22ceca8;431.05;0.03;BUY
2016-04-16T00:28:01.663930;2016-04-16T00:28:01.909209;0a717fe9-d1c8-4312-b2d2-36bdf2ddc396;431.05;0.0303191;BUY
2016-04-16T00:28:01.664108;2016-04-16T00:28:01.940456;de402b82-9fd6-4b67-a40a-5fca9933694d;431.05;0.03;BUY
2016-04-16T00:28:01.664251;2016-04-16T00:28:01.940456;9c32f6f5-11ae-4ea6-84dd-b633de045a70;431.05;0.03;BUY
2016-04-16T00:28:01.664409;2016-04-16T00:28:01.940456;8e47b6a7-4eed-44c0-bc0c-2c2cd0d2f33a;431.05;0.01133;BUY
2016-04-16T00:28:01.664565;2016-04-16T00:28:01.940456;f538be02-a1c0-4440-8f5d-7a39ea14fd72;431.05;0.03;BUY
2016-04-16T00:28:01.664715;2016-04-16T00:28:01.940456;bac619ff-afdc-4b70-a4b3-d885810a18fc;431.06;0.03;BUY
2016-04-16T00:28:01.664865;2016-04-16T00:28:01.940456;90139457-b8c6-43f4-ae09-41b0eb6775b5;431.06;0.03;BUY
2016-04-16T00:28:01.665019;2016-04-16T00:28:01.940456;f60e071e-b54f-4c4e-b220-980c7c50ca7f;431.06;0.03;BUY
2016-04-16T00:28:01.665161;2016-04-16T00:28:01.940456;53cd27b9-d41f-471c-95ec-b869c82ad1c3;431.06;0.03;BUY
2016-04-16T00:28:01.665301;2016-04-16T00:28:01.972114;979e2383-31f8-4c69-9cf8-e03a8b643c43;431.06;0.03;BUY
2016-04-16T00:28:01.665452;2016-04-16T00:28:01.972114;32616ec1-a5ee-477d-81ff-c97d8338d0d5;431.06;0.03;BUY
2016-04-16T00:28:01.665601;2016-04-16T00:28:01.972114;ee494f30-5b1e-4619-a5b7-eb14d403a15a;431.06;0.03;BUY
2016-04-16T00:28:01.665744;2016-04-16T00:28:01.972114;9980e1f2-1be2-47b2-a268-e3d31ded9b0c;431.06;0.012;BUY
2016-04-16T00:28:01.665888;2016-04-16T00:28:01.972114;15a41ca4-b441-43c2-94a2-1ed9e96cee42;431.06;0.03;BUY
2016-04-16T00:28:01.666050;2016-04-16T00:28:01.972114;a0d5692f-7656-471f-bbbe-4b461515f8d6;431.06;0.03;BUY
2016-04-16T00:28:01.666198;2016-04-16T00:28:01.972114;316ceeb3-534f-41ff-b082-6155b10025f3;431.06;0.025;BUY
2016-04-16T00:28:01.666338;2016-04-16T00:28:01.987441;597c1610-ae5b-433d-a18b-cfbc22cb43b2;431.07;0.03;BUY
2016-04-16T00:28:01.666494;2016-04-16T00:28:01.987441;aeec17af-fe4a-4f14-937e-8eee0629c296;431.07;0.03;BUY
2016-04-16T00:28:01.666640;2016-04-16T00:28:01.987441;37669aff-971d-4892-aa7e-62ead54f1576;431.07;0.03;BUY
2016-04-16T00:28:01.666790;2016-04-16T00:28:01.987441;8a30c986-2fb3-4230-99f3-a01c5d62cce6;431.07;0.03;BUY
2016-04-16T00:28:01.666937;2016-04-16T00:28:01.987441;f55c1a43-5d1b-494e-9d95-6d3a3dd70d1d;431.07;0.03;BUY
2016-04-16T00:28:01.667093;2016-04-16T00:28:01.987441;8f58ed51-e668-4f72-b227-da5a2de557ee;431.07;0.03;BUY
2016-04-16T00:28:01.667235;2016-04-16T00:28:01.987441;1a81b962-9c6f-4b2a-97c0-d97959efe33d;431.07;0.03;BUY
2016-04-16T00:28:01.667379;2016-04-16T00:28:01.987441;b6d721fb-563a-40ad-846c-00d9895bb425;431.07;0.03;BUY
2016-04-16T00:28:01.667531;2016-04-16T00:28:01.987441;c6c99821-e38e-433b-af13-e55d86331284;431.07;0.03;BUY
2016-04-16T00:28:01.667688;2016-04-16T00:28:01.987441;c2f1ce9f-5d81-45fd-a2dc-7f09accd64f4;431.07;0.03;BUY
2016-04-16T00:28:01.667839;2016-04-16T00:28:01.987441;872683aa-1167-4183-9e64-ead3b66ddfd6;431.08;0.01;BUY
2016-04-16T00:28:01.667995;2016-04-16T00:28:01.987441;94540507-38ee-4d34-b74c-d8170cad49f6;431.08;0.03;BUY
2016-04-16T00:28:01.668139;2016-04-16T00:28:01.987441;2d9ed9cd-fd61-4dd5-9f6d-35034bcc0d03;431.08;0.03;BUY
2016-04-16T00:28:01.668283;2016-04-16T00:28:01.987441;1bb19b5c-795f-402e-bdb3-4f3da3f7a605;431.08;0.03;BUY
2016-04-16T00:28:01.668426;2016-04-16T00:28:01.987441;6bd3c44d-971e-467e-b082-56a36e25d208;431.08;0.012;BUY
2016-04-16T00:28:01.668577;2016-04-16T00:28:01.987441;cc34ea9d-8d86-4484-8884-d8b39a179859;431.08;0.03;BUY
2016-04-16T00:28:01.668729;2016-04-16T00:28:02.002961;8395150a-d9b9-46d4-b162-4fcccb7ff4fb;431.08;0.02;BUY
2016-04-16T00:28:01.668872;2016-04-16T00:28:02.019599;52a72045-ad18-4f61-a7ea-6ee4d3e809e9;431.08;0.03;BUY
2016-04-16T00:28:01.669025;2016-04-16T00:28:02.019599;b43d22a7-1b4f-446a-bab9-a55f5995c115;431.08;0.03;BUY
2016-04-16T00:28:01.669169;2016-04-16T00:28:02.019599;7a58c225-7a3d-404a-b74c-4e31bd5e0ca8;431.08;0.03;BUY
2016-04-16T00:28:01.669314;2016-04-16T00:28:02.019599;74f4b6c8-e5d8-4147-899a-dd6e75583784;431.08;1.663;BUY
2016-04-16T00:28:01.669447;2016-04-16T00:28:02.019599;b91f3434-7536-4e96-b9cc-095864a4d855;431.08;1.67978904;BUY
2016-04-16T00:29:01.530772;2016-04-16T00:29:01.549859;f51330e4-dc47-4f43-861b-4ea95eb88f4b;430.92;0.03;BUY
2016-04-16T00:29:01.531000;2016-04-16T00:29:01.549859;b89b64ae-54a9-4582-bd93-e38a149635da;430.93;0.65926;BUY
2016-04-16T00:29:32.049322;2016-04-16T00:29:32.081342;56f9a1fd-f236-4ad4-aa74-1bed00c816f7;430.93;0.12273;BUY
2016-04-16T00:30:02.414951;2016-04-16T00:30:02.440519;bca1a63d-f1af-4bf8-aab9-cdb53ca9fbf8;430.93;1.0006;BUY
2016-04-16T00:30:31.505956;2016-04-16T00:30:31.518698;21d7b58c-2999-464a-bafa-b9c760519f2d;430.93;0.4522;BUY
2016-04-16T00:31:03.171504;2016-04-16T00:31:03.190548;bb4e4ecb-ae2b-4b80-a1a4-abd9466cf7e0;430.93;0.03321;BUY
2016-04-16T00:31:03.171753;2016-04-16T00:31:03.206175;f606d08e-6cfb-4772-8905-576d70edd0e8;430.93;0.07;BUY
2016-04-16T00:31:03.171943;2016-04-16T00:31:03.206175;04300739-95a6-4374-8a96-6d6968b0bc42;430.97;0.02;BUY
2016-04-16T00:31:03.172103;2016-04-16T00:31:03.206175;690f4c64-c405-4752-b25c-4577c4bd5e5a;431.06;4.71236;BUY
2016-04-16T00:31:31.617810;2016-04-16T00:31:31.630735;9d583b19-0f8c-4be3-bf93-a6568037c710;430.96;0.02;SELL
2016-04-16T00:31:31.618053;2016-04-16T00:31:31.643688;b2acec58-54fd-4744-881b-cbc3f1813810;430.95;0.02;SELL
2016-04-16T00:31:31.618257;2016-04-16T00:31:31.643688;34fd9142-06b5-4c80-9469-1a59f1f8b3fb;430.94;0.02;SELL
2016-04-16T00:31:31.618428;2016-04-16T00:31:31.659316;7edcd269-1715-43b5-92e8-d29010e40576;430.93;0.01;SELL
2016-04-16T00:31:31.618595;2016-04-16T00:31:31.659316;8e2ca753-4062-40b2-9ff1-e76324c51190;430.92;0.02;SELL
2016-04-16T00:31:31.618748;2016-04-16T00:31:31.659316;7f140cf0-30a1-4494-b203-fe1a56131cbe;430.91;0.02;SELL
2016-04-16T00:31:31.618886;2016-04-16T00:31:31.675001;2e41c999-fed1-404e-bd2e-15970acd3344;430.91;2.21185;SELL
2016-04-16T00:33:57.215268;2016-04-16T00:33:57.268005;a6a36b00-04c5-40ab-b0ec-9e0e7c42575f;430.94;0.01;BUY
2016-04-16T00:33:57.215499;2016-04-16T00:33:57.282834;987218b9-dba9-43c2-aeb2-34f919dd0ccf;430.94;0.07;BUY
2016-04-16T00:33:57.215694;2016-04-16T00:33:57.298405;9412b035-18ce-48c2-90a4-9c1646dd3e41;430.96;0.02;BUY
2016-04-16T00:33:58.180943;2016-04-16T00:33:58.221522;249b7856-698d-4aea-8437-7cc73c44fb62;431.06;0.01;BUY
2016-04-16T00:33:58.181129;2016-04-16T00:33:58.251586;f35b5183-32f7-4761-ba2d-8642a8bb7b5d;431.07;0.29726203;BUY
2016-04-16T00:33:58.456185;2016-04-16T00:33:58.502716;0737cfcf-f8a0-46e2-9880-86d7fe5549db;431.07;0.30726203;BUY
2016-04-16T00:33:58.713086;2016-04-16T00:33:58.767201;e2fa2a60-1c1d-4ac7-b5d1-e1e99ff3e6a8;431.07;0.30726203;BUY
2016-04-16T00:33:58.975141;2016-04-16T00:33:59.018223;7bd823cf-fcd1-40bf-b8b5-9f8ea5893951;431.07;0.30726203;BUY
2016-04-16T00:35:55.279961;2016-04-16T00:35:55.329764;6c283799-9097-40a2-81f5-b14cebc45df3;431.06;0.02;SELL
2016-04-16T00:39:30.546550;2016-04-16T00:39:30.579892;1028d4f9-b8d6-446a-80e8-5955d851f20d;431.07;0.07;BUY
2016-04-16T00:39:30.546785;2016-04-16T00:39:30.579892;13c50a96-f8fc-4e39-9092-dfa6096b5eb6;431.07;6.92126;BUY
2016-04-16T00:39:30.546955;2016-04-16T00:39:30.595500;0b54ac27-213c-4bd7-8ab4-96a4db9c392d;431.07;0.14396;BUY
2016-04-16T00:40:00.742458;2016-04-16T00:40:00.767408;c442543c-b5f5-4b6a-8d07-a42e072444b6;431.09;0.03;BUY
2016-04-16T00:40:00.742661;2016-04-16T00:40:00.783010;bfbdd838-09ef-4613-810b-2571fda4329e;431.09;0.00457;BUY
2016-04-16T00:40:30.710036;2016-04-16T00:40:30.738570;e1ec1e6b-9372-4d1c-8f8f-1c9fbffe1ae7;431.09;0.02543;BUY
2016-04-16T00:40:30.710265;2016-04-16T00:40:30.751784;e2a735f2-bbf1-4b61-b4ee-b4d9e5aa9a84;431.09;0.03;BUY
2016-04-16T00:40:30.710457;2016-04-16T00:40:30.751784;c691840d-d560-468f-850c-ba068d8834df;431.09;0.03;BUY
2016-04-16T00:40:30.710619;2016-04-16T00:40:30.767406;9cd1d64c-0c2f-4db9-8472-399e784d40bb;431.09;0.03;BUY
2016-04-16T00:40:30.710780;2016-04-16T00:40:30.767406;1753812c-be29-4465-a209-8bea58fd54ba;431.09;0.03;BUY
2016-04-16T00:40:30.710935;2016-04-16T00:40:30.845533;b6a49241-9fcb-4528-b728-bc0b42df1eb8;431.09;0.03;BUY
2016-04-16T00:40:30.711093;2016-04-16T00:40:30.845533;5003d637-ee16-4540-b0e4-94deb193f42b;431.09;0.03;BUY
2016-04-16T00:40:30.711249;2016-04-16T00:40:30.845533;008aeec2-83ce-4e38-85aa-6b5df65611fe;431.09;0.03;BUY
2016-04-16T00:40:30.711399;2016-04-16T00:40:30.845533;802c1fea-c3b9-4b57-bf1a-e847f1fdad44;431.09;0.03;BUY
2016-04-16T00:40:30.711547;2016-04-16T00:40:30.845533;da88b743-b80a-4ba6-8c67-55ed61c9600e;431.09;0.02516;BUY
2016-04-16T00:40:30.711706;2016-04-16T00:40:30.845533;92b1d253-3780-4ac4-8c99-3e541ecd3aee;431.09;0.03;BUY
2016-04-16T00:40:30.711850;2016-04-16T00:40:30.845533;e61912e5-d91d-4a31-82b0-a94c83a6432e;431.09;0.36843;BUY
2016-04-16T00:41:03.917183;2016-04-16T00:41:03.939305;e7bb3c6c-b90f-4426-9271-ce011ba03f6d;431.09;1.88757;BUY
2016-04-16T00:41:03.917382;2016-04-16T00:41:03.954920;23846d4f-aeca-425f-984c-d311b3482051;431.09;0.92924;BUY
2016-04-16T00:41:30.769874;2016-04-16T00:41:30.798691;d5f303fd-bdab-429f-8af3-1dc8a21189dc;431.1;1.49511284;BUY
2016-04-16T00:41:30.770105;2016-04-16T00:41:30.814316;acc49fa1-a30c-4411-9bf5-5477ccd55a90;431.1;0.04748934;BUY
2016-04-16T00:41:30.770276;2016-04-16T00:41:30.833980;8fc915a5-6710-4c35-8c7f-435d121b8957;431.1;0.01;BUY
2016-04-16T00:41:30.770436;2016-04-16T00:41:30.848498;6d06bccb-4309-4b77-861c-beeff0cabe6b;431.1;0.03;BUY
2016-04-16T00:41:30.770586;2016-04-16T00:41:30.848498;f408f007-e32f-4150-a150-43151d14fba0;431.1;0.03;BUY
2016-04-16T00:41:30.770738;2016-04-16T00:41:30.908068;b24403c4-b58a-4d52-8243-6f70cef872b2;431.1;0.02;BUY
2016-04-16T00:41:30.770885;2016-04-16T00:41:30.908068;298e1b9f-42a9-4ec8-93cf-3dd00d752fd1;431.1;0.03;BUY
2016-04-16T00:41:30.771043;2016-04-16T00:41:30.908068;d3e5c99c-2b3a-4c9b-b68f-ca7b2844e1c0;431.1;0.03;BUY
2016-04-16T00:41:30.771184;2016-04-16T00:41:30.908068;687b33f6-96dd-4696-8b95-1bd8982315ca;431.1;0.03;BUY
2016-04-16T00:41:30.771324;2016-04-16T00:41:30.908068;4854077d-27e7-457b-be1a-1fc8610eb816;431.1;0.03;BUY
2016-04-16T00:41:30.771472;2016-04-16T00:41:30.926067;4e48e210-2b29-452a-a060-86407fde4062;431.1;0.03;BUY
2016-04-16T00:41:30.771615;2016-04-16T00:41:30.926067;b653ba4f-917d-4643-8aa5-73706e73cfd7;431.1;0.03;BUY
2016-04-16T00:41:30.771756;2016-04-16T00:41:30.926067;aaf9e743-1007-4680-add4-c206fbd66493;431.1;0.03;BUY
2016-04-16T00:41:30.771903;2016-04-16T00:41:30.926067;85f662b6-5930-487b-9a1b-07c23d5e52fe;431.1;0.03;BUY
2016-04-16T00:41:30.772058;2016-04-16T00:41:30.926067;6b4a49c9-420c-4d9a-a877-34c722534b3f;431.1;0.03;BUY
2016-04-16T00:41:30.772202;2016-04-16T00:41:30.939309;f75ace07-a733-4277-b62f-59863609484b;431.1;0.03;BUY
2016-04-16T00:41:30.772344;2016-04-16T00:41:30.939309;8c025482-2bc7-4472-b74d-4e96802941cd;431.1;0.03;BUY
2016-04-16T00:41:30.772488;2016-04-16T00:41:30.939309;d88e4572-abf1-4f7e-ab49-d8b392e16f0f;431.1;0.03;BUY
2016-04-16T00:41:30.772630;2016-04-16T00:41:30.939309;78c46058-2541-41cc-a54c-def5d6562688;431.1;0.03;BUY
2016-04-16T00:41:30.772772;2016-04-16T00:41:30.939309;1bb95e42-96e5-429d-acc6-21b6fc101f6a;431.1;0.03;BUY
2016-04-16T00:41:30.772921;2016-04-16T00:41:30.956602;ddb70a9d-4517-4b81-b5d4-d4733969b4cb;431.1;0.03;BUY
2016-04-16T00:41:30.773081;2016-04-16T00:41:30.956602;ad44865d-f89f-44f8-ab4e-e65a738d5930;431.1;0.1;BUY
2016-04-16T00:41:30.773221;2016-04-16T00:41:30.956602;a196c961-fbbe-47ec-a9e6-136ab6d85311;431.1;0.68830782;BUY
2016-04-16T00:42:01.042152;2016-04-16T00:42:01.081789;9d7bd567-991b-4cf5-9027-3ade21043495;431.11;0.01;BUY
2016-04-16T00:42:01.042369;2016-04-16T00:42:01.095580;a6f4c219-818e-48fe-be6c-1af7147b1428;431.11;0.02;BUY
2016-04-16T00:42:01.042535;2016-04-16T00:42:01.095580;fc725539-1e63-4e88-bf5e-4551a21316aa;431.11;0.01;BUY
2016-04-16T00:42:01.042687;2016-04-16T00:42:01.111208;2f8ebd46-6db5-4cc7-a9eb-423f73c80691;431.11;0.03;BUY
2016-04-16T00:42:01.042830;2016-04-16T00:42:01.111208;b90c8fa9-f30d-408d-9f39-8559291fef08;431.11;0.03;BUY
2016-04-16T00:42:01.043004;2016-04-16T00:42:01.158092;0a126b4c-5901-4712-bb25-ccdc1447f32b;431.11;0.03;BUY
2016-04-16T00:42:01.043146;2016-04-16T00:42:01.173701;adbc9ffa-df3b-49e7-a4b2-ec18da5814f4;431.11;0.03;BUY
2016-04-16T00:42:01.043294;2016-04-16T00:42:01.173701;f5dd13f5-7663-410f-aabd-f182c74a7f11;431.11;0.03;BUY
2016-04-16T00:42:01.043433;2016-04-16T00:42:01.173701;dc4cadc8-06a7-4bac-8af5-a029f79dcc24;431.11;0.03;BUY
2016-04-16T00:42:01.043577;2016-04-16T00:42:01.173701;5113fa3c-45f3-4851-b093-61b6d854b14c;431.11;0.02;BUY
2016-04-16T00:42:01.043715;2016-04-16T00:42:01.189328;d1b0d8a1-5bd2-42f0-832c-a61fd553c383;431.11;0.03;BUY
2016-04-16T00:42:01.043850;2016-04-16T00:42:01.189328;ce2b36dd-fdab-402d-a0e2-06a6410d250c;431.11;0.03;BUY
2016-04-16T00:42:01.044014;2016-04-16T00:42:01.189328;df11e59c-14aa-4a50-a712-87b827c18ed8;431.11;0.03;BUY
2016-04-16T00:42:01.044164;2016-04-16T00:42:01.189328;a69afb1b-2f21-4193-b237-dbf355046772;431.11;0.03;BUY
2016-04-16T00:42:01.044310;2016-04-16T00:42:01.189328;bfe74ea3-e7fa-443f-a7fa-eb13764c8a76;431.11;0.02;BUY
2016-04-16T00:42:01.044455;2016-04-16T00:42:01.204952;f3ea1a6d-9e5e-4024-8e94-06ca4fef313a;431.11;0.03;BUY
2016-04-16T00:42:01.044598;2016-04-16T00:42:01.204952;6e0923a1-8495-4a25-92c2-d38d50afe04d;431.11;0.03;BUY
2016-04-16T00:42:01.044743;2016-04-16T00:42:01.204952;56535a5b-085b-4082-b2c0-472ab2a112a2;431.11;0.03;BUY
2016-04-16T00:42:01.044884;2016-04-16T00:42:01.204952;7a4468ef-1c35-4be9-aa11-0927c48da189;431.11;0.03;BUY
2016-04-16T00:42:01.045039;2016-04-16T00:42:01.204952;19929d6d-5f42-4200-91b3-cd4696b7215a;431.11;0.03;BUY
2016-04-16T00:42:01.045183;2016-04-16T00:42:01.204952;9d87bc17-04a3-49af-a235-26b931dc5fb1;431.11;0.02718;BUY
2016-04-16T00:42:01.045340;2016-04-16T00:42:01.204952;71da3207-efce-4247-af8d-2c1e65ff86f7;431.11;0.03;BUY
2016-04-16T00:42:01.045486;2016-04-16T00:42:01.204952;ee5061f8-367c-4e4f-a8f2-87bd107ed05e;431.11;0.03;BUY
2016-04-16T00:42:01.045628;2016-04-16T00:42:01.204952;74e97b7a-1006-4ed9-ac28-a80c9a9f016d;431.11;0.03;BUY
2016-04-16T00:42:01.045775;2016-04-16T00:42:01.204952;282300b4-6b8e-4aa5-b6e3-1ee3f2b4e590;431.11;0.022;BUY
2016-04-16T00:42:01.045915;2016-04-16T00:42:01.220584;50b8b27b-228a-439e-bc62-9aef2b2376ca;431.11;0.41986;BUY
2016-04-16T00:42:30.603589;2016-04-16T00:42:30.626837;cf1f264b-9628-4a29-ab83-301f3bdee42a;431.11;1.93641;BUY
2016-04-16T00:43:37.953708;2016-04-16T00:43:37.986225;e45afc30-4acf-4c4d-86f0-50640a35639b;431.1;0.02;SELL
2016-04-16T00:43:37.954002;2016-04-16T00:43:37.986225;93688e75-0dc4-4b76-8faf-6217db078d28;431.09;0.02;SELL
2016-04-16T00:43:37.954306;2016-04-16T00:43:38.033130;a3ad8c70-9af5-42f3-881d-43b0a211e6cf;431.08;0.02;SELL
2016-04-16T00:43:37.954478;2016-04-16T00:43:38.033130;cc6168fa-dce5-44cc-9387-899ba430a443;431.07;0.02;SELL
2016-04-16T00:43:37.954646;2016-04-16T00:43:38.033130;2c309f03-043c-499e-b4e4-fcec30d99d50;431.06;0.02;SELL
2016-04-16T00:43:37.954829;2016-04-16T00:43:38.033130;85e2764f-f4a3-495c-a1fc-0dc13efdd101;431.05;0.02;SELL
2016-04-16T00:43:37.955183;2016-04-16T00:43:38.033130;4307109f-6a1f-490d-beaa-53ae3b53efd2;431.04;0.00403;SELL
2016-04-16T00:44:00.781619;2016-04-16T00:44:00.798772;ee4abbe6-eefc-4a04-90d7-d85c4dd070e5;431.07;0.409;BUY
2016-04-16T00:44:00.781837;2016-04-16T00:44:00.798772;764928e4-fbdd-49ab-acd2-52509c1c0712;431.08;2.00245;BUY
2016-04-16T00:44:32.183397;2016-04-16T00:44:32.207668;14c5ece7-9225-4b3d-b9aa-828370c2f9f0;431.07;0.02;SELL
2016-04-16T00:44:32.183629;2016-04-16T00:44:32.220659;8b64db4e-a66a-4c13-aa61-da5a850fb3bf;431.06;0.02;SELL
2016-04-16T00:44:32.183821;2016-04-16T00:44:32.236279;fb49f939-60b2-4986-a6e1-3204e103c711;431.05;0.02;SELL
2016-04-16T00:44:32.184028;2016-04-16T00:44:32.236279;f089d55d-28b6-4b23-9156-4758162c94a3;431.04;0.01597;SELL
2016-04-16T00:44:32.184189;2016-04-16T00:44:32.236279;5df73b5d-f402-44fc-b5bd-9314a7015433;431.03;0.02;SELL
2016-04-16T00:44:32.184337;2016-04-16T00:44:32.314407;c0fd22d8-30bc-436a-9f46-18804d2eed91;431.02;0.02;SELL
2016-04-16T00:44:32.184506;2016-04-16T00:44:32.314407;eda2b7ab-d7b9-4084-9990-8734601bc7cd;431.02;0.07;SELL
2016-04-16T00:44:32.184660;2016-04-16T00:44:32.314407;f99ff3d5-6ed5-47d1-b50e-f587769b90d9;431.01;0.02;SELL
2016-04-16T00:44:32.184821;2016-04-16T00:44:32.314407;c9862968-f872-49ad-a2c3-2395caed0d14;431.01;0.3;SELL
2016-04-16T00:44:32.184991;2016-04-16T00:44:32.314407;ffc30739-62f1-4a11-9ce9-dc910b75c36e;431.0;0.02;SELL
2016-04-16T00:44:32.185139;2016-04-16T00:44:32.330028;5aa94a3d-d763-48f2-88b2-3c0214e6a65d;431.0;0.0115;SELL
2016-04-16T00:44:32.185286;2016-04-16T00:44:32.330028;3f5d9fd4-8b79-4c05-9871-1b1ab14cb5cc;431.0;0.01000116;SELL
2016-04-16T00:44:32.185444;2016-04-16T00:44:32.330028;352ddd37-280f-4950-9b2c-fac72627f95f;431.0;0.1;SELL
2016-04-16T00:44:32.185611;2016-04-16T00:44:32.330028;8a6c8dd5-878a-47f8-8f2e-c3754702668b;431.0;0.17;SELL
2016-04-16T00:44:32.185775;2016-04-16T00:44:32.330028;a49b9555-49f3-4dfa-a46e-792eda001b4e;430.99;0.01;SELL
2016-04-16T00:44:32.185940;2016-04-16T00:44:32.345618;2c52adbf-8ffc-4a1f-b9e4-13621c95c729;430.98;0.20726203;SELL
2016-04-16T00:44:32.186097;2016-04-16T00:44:32.345618;bae0d8d4-2406-4344-8806-66a77544018e;430.95;0.78136681;SELL
2016-04-16T00:45:00.725146;2016-04-16T00:45:00.736324;7d3a921e-f907-4014-a7d9-bd114a5adcd6;431.0;0.02;SELL
2016-04-16T00:45:00.725397;2016-04-16T00:45:00.767551;56d823f3-8fa4-4a64-8a59-06ddae8915d3;430.99;0.02;SELL
2016-04-16T00:45:00.725595;2016-04-16T00:45:00.767551;bf398837-644d-4283-b810-35aa81251861;430.98;0.02;SELL
2016-04-16T00:45:00.725771;2016-04-16T00:45:00.767551;4989be33-9df7-4a83-8323-28547175a716;430.97;0.02;SELL
2016-04-16T00:45:00.725935;2016-04-16T00:45:00.767551;76bfaded-1897-4b3f-9a72-8a1a3466cf6a;430.96;0.02;SELL
2016-04-16T00:45:00.726102;2016-04-16T00:45:00.845679;99f6b371-c018-4878-8bd3-1e8b196f53b0;430.93;0.01;SELL
2016-04-16T00:45:00.726272;2016-04-16T00:45:00.845679;289b1e51-ccfc-4178-864c-5f44dbdd6131;430.93;0.01;SELL
2016-04-16T00:45:00.726437;2016-04-16T00:45:00.845679;4b708292-6b20-4c6d-b4f7-7e172542e30d;430.92;0.466583;SELL
2016-04-16T00:45:00.726593;2016-04-16T00:45:00.845679;a4caae8e-bc43-4ac3-8346-b079d78e4c53;430.9;0.01001392;SELL
2016-04-16T00:45:00.726757;2016-04-16T00:45:00.845679;b350fc31-68f3-46e7-bf53-c26657c2d7c9;430.9;0.1;SELL
2016-04-16T00:45:00.726898;2016-04-16T00:45:00.862323;ddb89850-159a-47cf-9047-ac45588f0c13;430.89;0.30157308;SELL
2016-04-16T00:45:26.734280;2016-04-16T00:45:26.751929;2e465b74-dfd6-455e-9c2b-cf8071484dfa;430.92;0.02;SELL
2016-04-16T00:45:26.734466;2016-04-16T00:45:26.767557;78b44df7-53ce-4c64-9801-ab9f00d8b8b6;430.91;0.01;SELL
2016-04-16T00:45:26.734636;2016-04-16T00:45:26.783180;4c59c6fc-6a96-4ef2-ae71-365e93887eb9;430.9;0.01;SELL
2016-04-16T00:45:26.734791;2016-04-16T00:45:26.783180;6cc92e00-c7e4-4762-ba9b-064d32ab4bc4;430.89;0.00568895;SELL
2016-04-16T00:45:26.734958;2016-04-16T00:45:26.783180;b4f50e66-19a0-4754-a4a1-c0034e1b6e60;430.89;0.01;SELL
2016-04-16T00:45:26.735352;2016-04-16T00:45:26.783180;1df455e4-961f-43ac-889c-379a130704ec;430.88;0.5;SELL
2016-04-16T00:45:26.735509;2016-04-16T00:45:26.783180;21a9567a-e391-4a80-9f1d-61e8d00f2ebc;430.88;0.44431105;SELL
2016-04-16T00:45:32.185563;2016-04-16T00:45:32.205067;07335bfd-f941-4c9d-99dd-be64769ba139;430.94;1.486;BUY
2016-04-16T00:45:32.185739;2016-04-16T00:45:32.221545;b2a576b8-c8b4-41fd-bd01-8db2b85f1c20;430.95;0.368;BUY
2016-04-16T00:45:32.185907;2016-04-16T00:45:32.221545;a1ce879c-c19f-46d0-b458-882d44e8255a;430.98;0.23;BUY
2016-04-16T00:45:32.186083;2016-04-16T00:45:32.242151;76ef4d0a-b126-4960-b975-483b035b9e9b;430.99;0.44431105;BUY
2016-04-16T00:45:32.186246;2016-04-16T00:45:32.267559;f787c670-5612-491f-98c4-2cda9ce80993;431.0;0.01001392;BUY
2016-04-16T00:45:32.186398;2016-04-16T00:45:32.267559;0190d8b5-8a29-43bf-ba5c-83d91cc87e27;431.0;1.02;BUY
2016-04-16T00:45:32.186558;2016-04-16T00:45:32.267559;781ebada-344a-4c9d-afe4-a93f0fd520c6;431.01;0.3;BUY
2016-04-16T00:45:32.186713;2016-04-16T00:45:32.267559;a434dbc1-04c6-494f-8fe2-27a25a8cba32;431.02;2.21;BUY
2016-04-16T00:45:32.186865;2016-04-16T00:45:32.267559;406adff8-ce27-4811-95ad-40aaa9e97540;431.03;0.03;BUY
2016-04-16T00:45:32.187033;2016-04-16T00:45:32.314454;6efa0a5a-e7e3-47a8-9275-2fa487623b75;431.03;0.374;BUY
2016-04-16T00:45:32.187189;2016-04-16T00:45:32.330071;ff1e6ca2-a29c-423a-ae61-b400e0ca6a0b;431.03;0.01;BUY
2016-04-16T00:45:32.187330;2016-04-16T00:45:32.330071;df22641f-5d8c-4fe8-85aa-c129fd2467e9;431.03;0.00553503;BUY
2016-04-16T00:46:00.746566;2016-04-16T00:46:00.767864;346e9e67-80ea-4e00-a281-26fb97624643;430.94;0.02;SELL
2016-04-16T00:46:00.746798;2016-04-16T00:46:00.783202;eb9ca8d7-f1d6-45b5-bd2e-398861c9c1ef;430.93;0.02;SELL
2016-04-16T00:46:00.746998;2016-04-16T00:46:00.783202;0bd30240-3267-4a49-9c60-027bbbcd5d38;430.92;0.02;SELL
2016-04-16T00:46:00.747143;2016-04-16T00:46:00.798834;318f3750-608c-4364-80de-83a7be8fc37a;430.92;0.03764;SELL
2016-04-16T00:46:30.883126;2016-04-16T00:46:30.895661;74f93576-ad2e-41f5-ae77-58e7ec0c800a;430.95;3.606;BUY
2016-04-16T00:46:30.883331;2016-04-16T00:46:30.923846;2a5c841e-59c2-4d86-9ba6-4d47a5b1f10e;431.0;1.33742;BUY
2016-04-16T00:47:01.887948;2016-04-16T00:47:01.908235;a30be93d-951a-4aff-8041-2b0e6ff09921;431.01;0.02;SELL
2016-04-16T00:47:01.888215;2016-04-16T00:47:01.925366;fb7ed3d4-287a-425d-9572-feb137f13a58;431.0;0.02;SELL
2016-04-16T00:47:01.888385;2016-04-16T00:47:01.925366;2b533d5b-76fa-418c-befa-8a7650dc83de;431.0;0.13168;SELL
2016-04-16T00:47:30.687830;2016-04-16T00:47:30.705795;35168180-5c06-480f-9db6-d2bc5064fbec;431.02;0.02;BUY
2016-04-16T00:47:30.688082;2016-04-16T00:47:30.705795;0e6bbf34-4551-495f-9c77-6a15d30d287a;431.04;0.03;BUY
2016-04-16T00:47:30.688286;2016-04-16T00:47:30.724933;67746fcb-4cbb-47f8-b391-1d295830a5d2;431.06;0.01;BUY
2016-04-16T00:47:30.688435;2016-04-16T00:47:30.724933;022e084e-7c27-4fa1-8ab4-d8a4af955907;431.08;0.27292;BUY
2016-04-16T00:48:00.761151;2016-04-16T00:48:00.783278;9cbf2142-cc53-4e4a-8718-0414471e44dd;431.07;0.019;SELL
2016-04-16T00:48:00.761413;2016-04-16T00:48:00.783278;3528a77a-bfeb-45c6-befd-bdbd92561197;431.06;0.019;SELL
2016-04-16T00:48:00.761618;2016-04-16T00:48:00.798903;142476f3-5acf-47be-b7b1-34bfbc4ea7c2;431.05;0.019;SELL
2016-04-16T00:48:00.761796;2016-04-16T00:48:00.814514;41ff19e7-b574-4e56-8ac7-47bbf5ab42e0;431.04;0.019;SELL
2016-04-16T00:48:00.761966;2016-04-16T00:48:00.814514;b32a0e18-46cd-4790-aaf1-04f73fc8403a;431.03;0.019;SELL
2016-04-16T00:48:00.762155;2016-04-16T00:48:00.877021;bc678bef-c1eb-407c-b4aa-0439410adce4;431.02;0.019;SELL
2016-04-16T00:48:00.762330;2016-04-16T00:48:00.877021;c66b66b1-919f-4b1c-825e-dd236592326c;431.02;0.09;SELL
2016-04-16T00:48:00.762496;2016-04-16T00:48:00.877021;5776d616-3448-4441-a0fe-21614ea411b1;431.01;0.02;SELL
2016-04-16T00:48:00.762676;2016-04-16T00:48:00.877021;e3f6f0ef-f37e-497d-a03c-4c566a945e8c;431.01;0.3;SELL
2016-04-16T00:48:00.762848;2016-04-16T00:48:00.877021;9655d9c7-8454-49e2-93ee-16a0e93f22e0;431.0;0.02;SELL
2016-04-16T00:48:00.763026;2016-04-16T00:48:00.877021;fc9affe4-4de7-4e71-997d-0e445fc0d5d7;430.99;0.02;SELL
2016-04-16T00:48:00.763201;2016-04-16T00:48:00.877021;7732f350-18d4-431e-9c4d-764c518cf245;430.98;0.02;SELL
2016-04-16T00:48:00.763359;2016-04-16T00:48:00.877021;2af368fe-0870-4a69-8b5e-5466fe1ffb4f;430.97;0.02;SELL
2016-04-16T00:48:00.763522;2016-04-16T00:48:00.877021;6d6d6f68-df49-49e5-be64-8968a28bc238;430.97;0.07;SELL
2016-04-16T00:48:00.763695;2016-04-16T00:48:00.877021;a9ce1f5a-ca7d-4e1b-bce7-d91465b2ede5;430.97;0.09;SELL
2016-04-16T00:48:00.763866;2016-04-16T00:48:00.908259;fe77a9ab-a01e-4911-98cc-837529d3f889;430.96;0.02;SELL
2016-04-16T00:48:00.764037;2016-04-16T00:48:00.908259;9da8f881-a58f-484b-9298-fc3f89734c80;430.95;0.02;SELL
2016-04-16T00:48:00.764194;2016-04-16T00:48:00.908259;58483d88-4ae1-475a-90d2-789477ffea1d;430.95;0.23454;SELL
2016-04-16T00:48:31.043901;2016-04-16T00:48:31.112041;89451d87-4653-4dbe-b804-9143903fff77;431.05;0.03;BUY
2016-04-16T00:48:31.044136;2016-04-16T00:48:31.126413;8c160b0d-eca3-4f17-8c56-0ebbfa8d214c;431.05;0.08482;BUY
2016-04-16T00:49:01.210053;2016-04-16T00:49:01.251428;c6187ad2-a82c-44c5-9f11-dc9e5fb4d485;431.03;0.03;BUY
2016-04-16T00:49:01.210270;2016-04-16T00:49:01.267056;b30d4c9f-42e6-406f-8af7-25dbf5d77231;431.04;0.03;BUY
2016-04-16T00:49:01.210464;2016-04-16T00:49:01.298303;948ff824-f66d-4bbe-bdc0-f773b6582159;431.04;0.3;BUY
2016-04-16T00:49:01.210608;2016-04-16T00:49:01.298303;f04ffb37-8a61-4486-8f49-3e4c59167769;431.05;0.21491;BUY
2016-04-16T00:49:30.735873;2016-04-16T00:49:30.767082;654788f9-7ffc-4d38-b7dc-d47624d147c2;431.06;0.03;BUY
2016-04-16T00:49:30.736060;2016-04-16T00:49:30.782696;a3f0f7fb-3e7a-42a7-97a8-0ee40e1509dc;431.06;0.0412;BUY
2016-04-16T00:50:00.957202;2016-04-16T00:50:00.986797;154f4048-2081-4a3d-a01d-ed04f8fe5b4a;431.07;0.03;BUY
2016-04-16T00:50:00.957440;2016-04-16T00:50:01.017093;fbc9e1e2-498c-46b5-8c47-e779daebdaa2;431.07;0.078;BUY
2016-04-16T00:50:00.957634;2016-04-16T00:50:01.032713;63143dff-1386-4b59-9892-53261a988cac;431.08;0.03163;BUY
2016-04-16T00:50:00.957808;2016-04-16T00:50:01.032713;43fdf2f2-ac4a-4578-a3b0-4c702e70c5ab;431.09;0.01;BUY
2016-04-16T00:50:00.957963;2016-04-16T00:50:01.032713;f87e9e9a-838e-4f5d-8b49-016acf0521bb;431.1;0.01000116;BUY
2016-04-16T00:50:00.958124;2016-04-16T00:50:01.081883;5f320459-ece2-4840-a627-3d9d322986bb;431.1;0.01;BUY
2016-04-16T00:50:00.958286;2016-04-16T00:50:01.081883;cf00a0b2-1c70-4c63-8e97-909b0f065fdc;431.1;0.12;BUY
2016-04-16T00:50:00.958442;2016-04-16T00:50:01.081883;180912ec-dbdf-447e-8b64-ca63062822e2;431.11;0.1;BUY
2016-04-16T00:50:00.958596;2016-04-16T00:50:01.081883;72f9c2d8-9305-4244-a2dd-853149783f50;431.11;0.01;BUY
2016-04-16T00:50:00.958753;2016-04-16T00:50:01.081883;8a7c0eeb-5685-452d-b57f-90cf0e44d870;431.11;0.07600739;BUY
2016-04-16T00:50:00.958914;2016-04-16T00:50:01.126460;200c6fe8-5cb7-4138-a5c1-a4f5e353623d;431.11;0.03;BUY
2016-04-16T00:50:00.959077;2016-04-16T00:50:01.126460;52d19af2-2caf-4785-8002-5e99d8a772e4;431.12;0.03;BUY
2016-04-16T00:50:00.959212;2016-04-16T00:50:01.126460;a558f0b7-f3ed-4ed5-b543-2db5075b5a88;431.12;0.01292145;BUY
2016-04-16T00:50:32.959055;2016-04-16T00:50:33.001477;1914ed6b-1d56-4190-839c-87130905a4a0;431.08;0.348;BUY
2016-04-16T00:50:32.959272;2016-04-16T00:50:33.017100;511d132e-de64-4142-8e30-3411d8e00eae;431.09;0.49028;BUY
2016-04-16T00:51:00.776123;2016-04-16T00:51:00.814002;c736542e-71af-47ca-90ae-5c94a3b5d2ce;431.08;0.22962;BUY
2016-04-16T00:51:30.751707;2016-04-16T00:51:30.782765;ac068eca-ee23-4d6f-8d85-03c9ab826d44;431.09;0.6189;BUY
2016-04-16T00:52:00.820083;2016-04-16T00:52:00.860896;6893ace3-c408-4162-a6b2-ce05bdacbc0d;431.09;1.43282;BUY
2016-04-16T00:52:00.820284;2016-04-16T00:52:00.876524;caf6da3f-d9ec-4af2-90cb-fbfe7aa0d0f3;431.09;0.86392;BUY
2016-04-16T00:52:31.530777;2016-04-16T00:52:31.564036;8cf7da38-8528-4141-a060-506a9a20c947;431.11;0.466583;BUY
2016-04-16T00:52:31.531011;2016-04-16T00:52:31.579666;b757c04c-fa0f-4197-9b8a-8f67c33b72c2;431.11;0.470457;BUY
2016-04-16T00:52:45.915293;2016-04-16T00:52:45.939062;e28325e1-0519-4475-aca4-eb7c77fade01;431.1;0.02;SELL
2016-04-16T00:53:00.816765;2016-04-16T00:53:00.845310;083cee88-f33b-4900-9823-7dd880d3d736;431.09;0.02;SELL
2016-04-16T00:53:00.817034;2016-04-16T00:53:00.864952;8e8e6c80-7e2c-47b1-919b-d570bdd930d4;431.09;0.0115;SELL
2016-04-16T00:53:00.817229;2016-04-16T00:53:00.877778;44d57824-3ce5-438f-ba54-19ef5fca41ec;431.08;0.02;SELL
2016-04-16T00:53:00.817384;2016-04-16T00:53:00.877778;4426d188-a902-4d61-bb02-5cc7fd930ae5;431.07;0.016;SELL
2016-04-16T00:53:00.819960;2016-04-16T00:53:00.877778;5dc6214e-2acf-4348-9ab2-7b0a8f699948;431.07;0.1;SELL
2016-04-16T00:53:00.820132;2016-04-16T00:53:00.954677;52911365-c36d-4e91-b16f-5c55f4ee43bf;431.07;0.11093;SELL
2016-04-16T00:53:31.097474;2016-04-16T00:53:31.816504;f81b329c-4a25-4a39-95e6-a94d5312a1a5;431.08;1.109;BUY
2016-04-16T00:53:31.097645;2016-04-16T00:53:31.816504;c64f7680-6eaa-4a96-ba58-7f8af14e0394;431.1;0.48;BUY
2016-04-16T00:53:31.097792;2016-04-16T00:53:31.816504;fa303fb7-cb84-4189-b6f7-224dbbccbcd6;431.1;0.32993;BUY
2016-04-16T00:54:01.817389;2016-04-16T00:54:01.849340;c5be323a-4cd9-4cd7-8ed0-1fe15211337c;431.08;0.02;SELL
2016-04-16T00:54:01.817622;2016-04-16T00:54:01.860987;b2fc1335-37f5-44bc-8729-cdb7d386eaa8;431.07;0.02;SELL
2016-04-16T00:54:01.817814;2016-04-16T00:54:01.860987;44c07c10-bf75-408c-8fe3-3df29d2af9eb;431.06;0.016;SELL
2016-04-16T00:54:01.817998;2016-04-16T00:54:01.876586;48cf72ec-69b5-4da8-8931-406270b828ea;431.05;0.016;SELL
2016-04-16T00:54:01.818161;2016-04-16T00:54:01.896339;3eb9cb5a-1809-47a6-8e9c-33ebfd5fc9c0;431.04;0.016;SELL
2016-04-16T00:54:01.818312;2016-04-16T00:54:01.928001;92e74aa3-b187-4d67-bfbb-e629ec0aaeeb;431.03;0.017;SELL
2016-04-16T00:54:01.818478;2016-04-16T00:54:01.954716;73a8bed2-b93a-4450-9b30-f5e939c2b6ae;431.03;0.127;SELL
2016-04-16T00:54:01.818640;2016-04-16T00:54:01.954716;bc5df50b-26b3-4803-820b-0469245c609e;431.02;0.017;SELL
2016-04-16T00:54:01.818790;2016-04-16T00:54:01.954716;a3de8d4d-9f6c-45aa-81d1-f0f390aebc5e;431.0;0.017;SELL
2016-04-16T00:54:01.818937;2016-04-16T00:54:01.954716;9bfb4ab1-3a29-4b89-b5dd-200c04b829e1;431.0;0.01000232;SELL
2016-04-16T00:54:01.819104;2016-04-16T00:54:01.954716;bdbcccd6-425d-40f3-aed3-d54679c083d3;431.0;0.3;SELL
2016-04-16T00:54:01.819270;2016-04-16T00:54:01.954716;618bf16a-b68a-431f-8840-29e12802b8ca;430.99;0.017;SELL
2016-04-16T00:54:01.819436;2016-04-16T00:54:01.954716;f96e6162-87fc-4f89-9e53-6260d0243827;430.98;0.088;SELL
2016-04-16T00:54:01.819604;2016-04-16T00:54:01.954716;462008e1-2537-4219-949d-62a4609d0434;430.97;1.0;SELL
2016-04-16T00:54:01.819748;2016-04-16T00:54:01.954716;280c6031-1a5d-42de-9c93-e42d6bc24ec5;430.96;0.15660768;SELL
2016-04-16T00:54:30.791992;2016-04-16T00:54:30.814134;d11e9924-c04c-480e-a753-3e3ad06adbec;431.04;0.03;BUY
2016-04-16T00:54:30.792224;2016-04-16T00:54:30.829732;fe62aa7e-5d75-4f9c-a2cf-48306e07223a;431.05;0.03;BUY
2016-04-16T00:54:30.792421;2016-04-16T00:54:30.829732;a5dfd2a0-5268-4e7d-91ea-202316e1fef1;431.09;0.05483;BUY
2016-04-16T00:55:03.328073;2016-04-16T00:55:03.345372;428dc47e-c7d2-4b6c-84d3-19d2b9840ca6;431.07;0.1516;BUY
2016-04-16T00:56:01.514119;2016-04-16T00:56:01.532906;cea311b8-53b9-482a-a593-22833544404a;431.07;0.8484;BUY
2016-04-16T00:56:01.514339;2016-04-16T00:56:01.567744;398cdc59-3e52-431c-b82f-4623c6ec6071;431.07;0.3;BUY
2016-04-16T00:56:01.514523;2016-04-16T00:56:01.567744;a52b4ba9-a568-48b2-a181-5b393ba62606;431.07;0.07;BUY
2016-04-16T00:56:01.514680;2016-04-16T00:56:01.567744;a90efad2-b359-4c0a-8122-7ee6a890f07c;431.07;0.34341;BUY
2016-04-16T00:56:30.872998;2016-04-16T00:56:30.893342;b2457fb1-b7f2-4574-87bd-cf7fea9f1b8f;431.09;1.27013;BUY
2016-04-16T00:57:00.912646;2016-04-16T00:57:00.942308;8cbb7173-83e2-4628-9ebe-22cc2e2b5ef2;431.08;0.02;SELL
2016-04-16T00:57:00.912899;2016-04-16T00:57:00.955434;ba64cfa5-6942-44c4-b3ad-91ebaed96729;431.07;0.02;SELL
2016-04-16T00:57:00.913127;2016-04-16T00:57:00.986116;7d285cb0-ee5b-4fb6-b849-7975f8b6a4f6;431.06;0.02;SELL
2016-04-16T00:57:00.913315;2016-04-16T00:57:00.986116;31d527a7-7197-4f74-86df-cd5acb66f4ad;431.05;0.02;SELL
2016-04-16T00:57:00.913481;2016-04-16T00:57:00.986116;9f4c1d00-025d-4c6e-8587-e688057974c2;431.04;0.02;SELL
2016-04-16T00:57:00.913660;2016-04-16T00:57:01.048555;f5eb2fcb-638f-446d-8fc4-8eca600ef174;431.04;0.3;SELL
2016-04-16T00:57:00.913821;2016-04-16T00:57:01.048555;0654d199-8f0e-4856-bf74-9e1c98d437f2;431.03;0.02;SELL
2016-04-16T00:57:00.914014;2016-04-16T00:57:01.048555;8a13bdce-115b-4105-881a-0421d77ba3fc;431.03;0.082;SELL
2016-04-16T00:57:00.914194;2016-04-16T00:57:01.048555;6a39a9ac-8c78-42bd-8ea6-c2ab4740c53d;431.02;0.02;SELL
2016-04-16T00:57:00.914373;2016-04-16T00:57:01.048555;476bb360-d619-4736-8e8e-32550f1f7666;431.01;0.02;SELL
2016-04-16T00:57:00.914546;2016-04-16T00:57:01.067175;123fa3d7-14c5-4faf-ac58-01fb80ded65c;431.0;0.02;SELL
2016-04-16T00:57:00.914707;2016-04-16T00:57:01.067175;ef60d639-f584-47ba-bbf0-35a23791fec7;430.99;0.02;SELL
2016-04-16T00:57:00.914879;2016-04-16T00:57:01.067175;86609d13-82ac-475b-8d41-dfa4ba5e5c67;430.99;0.07;SELL
2016-04-16T00:57:00.915062;2016-04-16T00:57:01.067175;76db8906-ae4d-46fd-ad6b-8217d5a42946;430.98;0.02;SELL
2016-04-16T00:57:00.915239;2016-04-16T00:57:01.067175;db399f30-70c0-45ef-9611-6f3f653f4343;430.98;0.088;SELL
2016-04-16T00:57:00.915405;2016-04-16T00:57:01.079899;ae827ca6-507b-4c5a-b463-e3201d27414c;430.96;0.310144;SELL
2016-04-16T00:57:00.915575;2016-04-16T00:57:01.079899;bc3bb84f-4fd4-4084-aa76-4f773dcc1811;430.96;0.01;SELL
2016-04-16T00:57:00.915738;2016-04-16T00:57:01.079899;5fcad8ff-3136-4529-b387-fdf52437b631;430.93;0.01;SELL
2016-04-16T00:57:00.915898;2016-04-16T00:57:01.079899;5e35ed09-a76a-497b-89bf-ebeeb0218b1c;430.93;0.079;SELL
2016-04-16T00:57:00.916086;2016-04-16T00:57:01.079899;6999d813-4b41-4fff-8125-2423f6e03e66;430.93;0.01;SELL
2016-04-16T00:57:00.916259;2016-04-16T00:57:01.095683;ea1b7dd9-3d59-4eda-99fc-5452dd807736;430.92;6.9361;SELL
2016-04-16T00:57:00.916438;2016-04-16T00:57:01.095683;987930a0-82eb-467b-853c-44b3695c6fdd;430.9;0.01001508;SELL
2016-04-16T00:57:00.916600;2016-04-16T00:57:01.095683;a260e310-6020-4c29-b1a4-cfeb949dc4ee;430.89;0.02;SELL
2016-04-16T00:57:00.916756;2016-04-16T00:57:01.095683;987ae87a-56ad-45f7-a782-edcf33c0c529;430.89;0.02;SELL
2016-04-16T00:57:00.916925;2016-04-16T00:57:01.095683;38bf0248-2f60-4b3a-b8e7-2d7b2850b0be;430.89;0.35;SELL
2016-04-16T00:57:00.917102;2016-04-16T00:57:01.111049;16c76f66-610d-4cbd-988e-96ef41a53a9f;430.88;0.02;SELL
2016-04-16T00:57:00.917267;2016-04-16T00:57:01.111049;1de2e1aa-3dc4-4185-91f1-0c05c9419db3;430.88;0.02;SELL
2016-04-16T00:57:00.917435;2016-04-16T00:57:01.111049;3fe9f7e7-b85a-4817-a1ab-7766993fb103;430.88;0.02;SELL
2016-04-16T00:57:00.917598;2016-04-16T00:57:01.111049;7c291fe2-7633-42cd-aaa2-12fcc9e68ed4;430.88;0.02;SELL
2016-04-16T00:57:00.917772;2016-04-16T00:57:01.111049;3ec5de1a-1c78-4dff-b612-93db4841e881;430.88;0.118;SELL
2016-04-16T00:57:00.917928;2016-04-16T00:57:01.111049;45316620-2024-49b8-8cf5-dac2ff39f8eb;430.87;0.02;SELL
2016-04-16T00:57:00.918098;2016-04-16T00:57:01.142311;aadf890f-1801-4649-99d7-d9307b31ed5b;430.87;0.02;SELL
2016-04-16T00:57:00.918283;2016-04-16T00:57:01.142311;34ba6fa7-c120-4f48-b6cd-c54f4c92bf13;430.87;0.02;SELL
2016-04-16T00:57:00.918446;2016-04-16T00:57:01.142311;5de859f4-691e-45c9-a22f-af7f14052d09;430.86;0.02;SELL
2016-04-16T00:57:00.918607;2016-04-16T00:57:01.189185;77535a7a-174b-48ad-b105-12818f115923;430.86;0.02;SELL
2016-04-16T00:57:00.918767;2016-04-16T00:57:01.189185;9ade2f2e-6fbd-43d3-92f8-887627e0b148;430.86;0.02;SELL
2016-04-16T00:57:00.918926;2016-04-16T00:57:01.189185;7c5a313f-f558-4403-80ec-dace8ad7f667;430.86;0.02;SELL
2016-04-16T00:57:00.919112;2016-04-16T00:57:01.189185;fb575fa7-8819-4b20-baf0-983c56d2d183;430.86;0.02;SELL
2016-04-16T00:57:00.919262;2016-04-16T00:57:01.189185;ee3f8e0c-a026-4421-9c4b-5d354a6962bc;430.85;3.86041092;SELL
2016-04-16T00:57:24.236153;2016-04-16T00:57:24.251692;7f6cb94c-67d0-4f20-ba95-67a51d9521e0;430.93;0.11250833;BUY
2016-04-16T00:57:32.707246;2016-04-16T00:57:32.736067;96d4566c-8e11-48e7-b1b3-683ec9c2f9b4;430.93;1.53699;BUY
2016-04-16T00:58:00.845838;2016-04-16T00:58:00.864260;86546cdd-f896-4629-987b-9a5566f92d4e;430.92;0.01355;SELL
2016-04-16T00:58:31.315595;2016-04-16T00:58:31.332611;517b6b7f-2c15-4e60-9275-52fa6e8d7896;430.93;0.06612;BUY
2016-04-16T00:59:01.530434;2016-04-16T00:59:01.533740;3cdc4d87-8d58-41b0-b1ac-7a291730a566;430.93;0.20039;BUY
2016-04-16T00:59:31.164358;2016-04-16T00:59:31.173634;e62576f0-7df0-4d3c-9bea-67255fa24a23;430.93;0.04362;BUY
2016-04-16T01:00:01.034284;2016-04-16T01:00:01.036553;059c0e73-bfa1-4613-897d-d83aa356b2cb;430.93;0.05744;BUY
2016-04-16T01:00:13.255630;2016-04-16T01:00:13.270022;3f9d2fb0-09cd-4f03-9c33-e32724ef20d4;430.92;0.00645;SELL
2016-04-16T01:00:33.655659;2016-04-16T01:00:33.658047;bb4e5408-6b85-48d7-9aaa-d8957fc93953;430.93;0.21893167;BUY
2016-04-16T01:00:33.655895;2016-04-16T01:00:33.673658;4b33baf0-04af-4851-a271-088e89557f62;430.93;0.2;BUY
2016-04-16T01:00:33.656079;2016-04-16T01:00:33.673658;612fe668-f6f1-4fea-9e59-79f1f51f16bb;430.93;0.10223833;BUY
2016-04-16T01:01:02.597642;2016-04-16T01:01:02.611173;557df5d4-5d84-4e94-9b3e-ba85a6506739;430.93;0.311;BUY
2016-04-16T01:01:02.597852;2016-04-16T01:01:02.626809;c3c29dfe-2a2d-42db-927f-a0022bb0d46f;430.93;2.43238;BUY
2016-04-16T01:01:25.130428;2016-04-16T01:01:25.142435;7034bc46-f080-4d6a-b9b1-5b2925e4ab5c;430.92;0.02;SELL
2016-04-16T01:01:25.130756;2016-04-16T01:01:25.158681;28943aa1-ab30-4129-88ad-30f5ae560335;430.91;0.02;SELL
2016-04-16T01:01:25.131041;2016-04-16T01:01:25.158681;505d8284-2b7b-4799-b2df-6dc4472dd3ff;430.9;0.02;SELL
2016-04-16T01:01:25.131277;2016-04-16T01:01:25.158681;18f69388-c58e-4559-9cab-709b215ce39f;430.89;0.01;SELL
2016-04-16T01:01:25.131507;2016-04-16T01:01:25.173689;fb794258-b9fd-412c-9d57-1fbac177f219;430.88;0.12;SELL
2016-04-16T01:01:25.131726;2016-04-16T01:01:25.255031;e585cd92-15cf-47df-a1fa-7e681e1787a8;430.85;0.02;SELL
2016-04-16T01:01:25.131935;2016-04-16T01:01:25.255031;957d3f74-ddfb-4020-aab0-7f84ad600458;430.85;0.02;SELL
2016-04-16T01:01:25.132197;2016-04-16T01:01:25.255031;4bf96f56-42df-47f2-b042-5ced44ef15e6;430.85;0.02;SELL
2016-04-16T01:01:25.132423;2016-04-16T01:01:25.255031;e88c24c2-f3fd-42bb-8124-94e9c314f88e;430.85;0.02;SELL
2016-04-16T01:01:25.132629;2016-04-16T01:01:25.255031;dfdefdd0-4dc1-4f70-8ca3-294ef494b36f;430.84;0.02;SELL
2016-04-16T01:01:25.132839;2016-04-16T01:01:25.255031;c145c819-b13c-4454-8f5b-10084ab439c4;430.84;0.02;SELL
2016-04-16T01:01:25.133062;2016-04-16T01:01:25.255031;e1dde35e-e55c-44cd-810a-a1363335761a;430.84;0.02;SELL
2016-04-16T01:01:25.133263;2016-04-16T01:01:25.255031;603463d4-4bd5-4e13-bca7-a48a54d02938;430.84;0.02;SELL
2016-04-16T01:01:25.133484;2016-04-16T01:01:25.255031;00dd3127-41dc-4c93-8449-5e890b1d50e8;430.84;0.02;SELL
2016-04-16T01:01:25.133689;2016-04-16T01:01:25.255031;2e251489-7fed-4b7e-8cd5-316a3f346d62;430.84;0.02;SELL
2016-04-16T01:01:25.133912;2016-04-16T01:01:25.269236;4a25b15e-8b5b-43df-ad06-2b99514f5123;430.84;0.02;SELL
2016-04-16T01:01:25.134139;2016-04-16T01:01:25.269236;5ac93eb5-305f-4ac5-81bb-5e2ec4d91f93;430.83;0.02;SELL
2016-04-16T01:01:25.134363;2016-04-16T01:01:25.269236;72c03ce2-d3a4-4e28-b651-1fbb8ec64b9e;430.83;0.02;SELL
2016-04-16T01:01:25.134573;2016-04-16T01:01:25.269236;db9a5161-e08d-46c9-8e55-374619905d70;430.83;0.02;SELL
2016-04-16T01:01:25.134807;2016-04-16T01:01:25.269236;f018c701-68ea-495b-b3ef-cebb007fc72e;430.83;0.074;SELL
2016-04-16T01:01:25.135036;2016-04-16T01:01:25.269236;c69e4453-f3bc-4f9e-96d0-80d42901e5d9;430.82;0.02;SELL
2016-04-16T01:01:25.135243;2016-04-16T01:01:25.269236;a9e305ba-67e8-46eb-b403-edf1948ae67b;430.82;0.02;SELL
2016-04-16T01:01:25.135444;2016-04-16T01:01:25.269236;93c524d6-41a7-440e-9284-bcab2a3d73eb;430.82;0.02;SELL
2016-04-16T01:01:25.135654;2016-04-16T01:01:25.269236;5ae79014-53f9-49f6-8d5f-e591dbba0c56;430.82;0.02;SELL
2016-04-16T01:01:25.135870;2016-04-16T01:01:25.269236;4ba2feaa-9f4b-464b-b18b-60051e28eae1;430.82;0.02;SELL
2016-04-16T01:01:25.136097;2016-04-16T01:01:25.283075;f6b0ab59-1761-4d92-bfb1-04ab65b907f1;430.82;0.02;SELL
2016-04-16T01:01:25.136309;2016-04-16T01:01:25.283075;ed5c3b7a-a41a-4b15-85ef-4b47444eb602;430.82;0.02;SELL
2016-04-16T01:01:25.136519;2016-04-16T01:01:25.283075;3edca81b-e55c-4cba-a6c9-9dfdcbb2898a;430.81;0.316;SELL
2016-04-16T01:01:34.979044;2016-04-16T01:01:35.001813;cb934794-deb7-4186-ad5c-d2071340412d;430.85;0.02;SELL
2016-04-16T01:01:34.979264;2016-04-16T01:01:35.001813;f794d1ae-ac26-4152-b110-65800cecdeff;430.84;0.02;SELL
2016-04-16T01:01:34.979467;2016-04-16T01:01:35.001813;5e8c87e4-2db7-4c80-8e28-f8f2c755e286;430.83;0.02;SELL
2016-04-16T01:01:34.979621;2016-04-16T01:01:35.017446;13730bde-e8cf-436a-a2f8-eb16b0420288;430.82;0.194;SELL
2016-04-16T01:01:34.979779;2016-04-16T01:01:35.017446;84a42ac5-c111-4d46-aef9-0f1d80476509;430.82;0.01;SELL
2016-04-16T01:01:34.979915;2016-04-16T01:01:35.017446;7a994aa8-1b37-49c4-bb88-629fd2fa7e67;430.81;0.44184;SELL
2016-04-16T01:01:58.657425;2016-04-16T01:01:58.658088;9df5b499-d607-4f6e-9837-47512b7b04d5;430.86;0.02;SELL
2016-04-16T01:02:00.971125;2016-04-16T01:02:00.970591;8f2822f9-3bf8-4059-a2c5-9f345a461e7a;430.85;0.527;BUY
2016-04-16T01:02:31.237562;2016-04-16T01:02:31.252681;0b5af754-53fa-4476-863a-93df4888b5b5;430.85;0.453;BUY
2016-04-16T01:02:31.237782;2016-04-16T01:02:31.267473;be32bd73-e07c-4ef3-8e08-2e89292a7a10;430.87;0.03;BUY
2016-04-16T01:02:31.237989;2016-04-16T01:02:31.283093;af3f8301-73a9-4cce-9caf-e3451bb8d29a;430.88;0.03;BUY
2016-04-16T01:02:31.238134;2016-04-16T01:02:31.283093;3bb8eae3-ee71-45fc-9b83-06c30afe2e3e;430.88;0.74613;BUY
2016-04-16T01:03:01.561234;2016-04-16T01:03:01.595611;f02c42f7-0bba-495b-93b0-6228e6d6444a;430.88;0.03;BUY
2016-04-16T01:03:01.561491;2016-04-16T01:03:01.595611;1f340a49-cbb5-4e7d-98e8-cd73700f2f89;430.89;0.03;BUY
2016-04-16T01:03:01.561943;2016-04-16T01:03:01.595611;a07a02f6-7960-4a33-8058-6e473ea8903d;430.9;0.0125;BUY
2016-04-16T01:03:01.562155;2016-04-16T01:03:01.595611;c67fd887-0415-433b-91d3-90fb35b50ecb;430.92;0.44184;BUY
2016-04-16T01:03:01.562313;2016-04-16T01:03:01.595611;98901e83-27c9-4461-91ab-56f99a17c6ea;430.94;1.55586;BUY
2016-04-16T01:03:32.197030;2016-04-16T01:03:32.285603;9b895c6d-e608-442f-9ef6-1fc7e236f60c;430.93;0.316;BUY
2016-04-16T01:03:32.197367;2016-04-16T01:03:32.285603;ef05dad1-e207-432c-a9dc-64148c4b44d3;430.94;0.55414;BUY
2016-04-16T01:03:32.197636;2016-04-16T01:03:32.285603;510059d1-6fe2-4a22-bf16-f00d036b5fd9;430.94;0.194;BUY
2016-04-16T01:03:32.197820;2016-04-16T01:03:32.285603;d58b6c79-43d3-4a59-9a91-e513eb24d132;430.95;7.65193;BUY
2016-04-16T01:04:00.998108;2016-04-16T01:04:01.066868;f3126990-d059-4f76-8fde-ec7cc5048fe5;430.95;1.556;BUY
2016-04-16T01:04:00.998306;2016-04-16T01:04:01.066868;bb6f0011-8826-4474-95f9-a277d9a70964;430.95;0.06575;BUY
2016-04-16T01:04:31.295929;2016-04-16T01:04:31.348141;b9043539-a814-4b81-80ff-6e2bccb0adf5;430.97;0.18411;BUY
2016-04-16T01:05:01.027004;2016-04-16T01:05:01.084362;ed1fc0fb-59a9-48dd-89d0-e7a79630f2fb;431.0;0.01001624;BUY
2016-04-16T01:05:01.027291;2016-04-16T01:05:01.113775;605edc3d-a670-4418-a0bb-c8c599e53e54;431.0;0.01;BUY
2016-04-16T01:05:01.027533;2016-04-16T01:05:01.113775;375be3c2-134d-4e7b-9727-ee1ff4bae194;431.0;0.088;BUY
2016-04-16T01:05:01.027787;2016-04-16T01:05:01.113775;4fe1d32c-0b8f-4b95-a6e2-a8b1d9006502;431.0;0.01145376;BUY
2016-04-16T01:05:31.432594;2016-04-16T01:05:31.504417;67d75a32-f9d9-4803-8dc4-42b000d5dcf4;431.02;0.01;BUY
2016-04-16T01:05:31.432837;2016-04-16T01:05:31.504417;58932176-1aa3-418d-a75b-d0859d441398;431.02;0.103;BUY
2016-04-16T01:05:31.433040;2016-04-16T01:05:31.504417;96aa6cfb-6690-4177-a4c7-7f84480692ef;431.03;0.03;BUY
2016-04-16T01:05:31.433203;2016-04-16T01:05:31.504417;b00434f0-0c40-489c-bb69-56c6157262d2;431.05;0.03;BUY
2016-04-16T01:05:31.433353;2016-04-16T01:05:31.520040;6c0f203a-92b2-43d0-b90a-e1a05e29749a;431.06;0.03;BUY
2016-04-16T01:05:31.433504;2016-04-16T01:05:31.520040;31810dc7-fa78-4f89-87b5-68c06a731491;431.06;0.03;BUY
2016-04-16T01:05:31.433716;2016-04-16T01:05:31.520040;7b5b2270-cb57-4986-8f96-98854548d0b7;431.07;0.03;BUY
2016-04-16T01:05:31.434015;2016-04-16T01:05:31.520040;e9e13f8e-876a-4a1e-9de2-c055569cf0f8;431.07;0.03;BUY
2016-04-16T01:05:31.434288;2016-04-16T01:05:31.535664;512b17b1-c488-4f4c-8e57-6af5ea526627;431.07;0.03;BUY
2016-04-16T01:05:31.434542;2016-04-16T01:05:31.535664;52b294a8-df61-4471-9165-7376c5166498;431.07;0.095;BUY
2016-04-16T01:05:31.434797;2016-04-16T01:05:31.535664;6e45fbc7-7a08-488c-ab2e-e18c08a83ba7;431.08;0.03;BUY
2016-04-16T01:05:31.435065;2016-04-16T01:05:31.535664;5832d7f9-e789-487d-9b82-027a54786107;431.08;0.03;BUY
2016-04-16T01:05:31.435324;2016-04-16T01:05:31.535664;572d123c-79f9-409e-b985-2cd64df1be7c;431.08;0.03;BUY
2016-04-16T01:05:31.435548;2016-04-16T01:05:31.551297;b6cf11b3-4ba1-4664-88ff-1badab7946bd;431.08;4.12886;BUY
2016-04-16T01:06:01.043151;2016-04-16T01:06:01.098177;129d4a86-1580-4bd9-ab8c-75b0e9d42899;431.05;0.466752;BUY
2016-04-16T01:06:01.043354;2016-04-16T01:06:01.098177;42e52a2a-bbda-4448-b9c0-fefaa9f13c6f;431.05;0.143;BUY
2016-04-16T01:06:01.043529;2016-04-16T01:06:01.098177;a2ec3e51-8fad-4a3e-b917-ba50f34140be;431.05;1.390678;BUY
2016-04-16T01:06:31.147920;2016-04-16T01:06:31.196660;43cb33b2-a7f0-475f-9c8f-22ea65d891ec;431.06;0.02;SELL
2016-04-16T01:06:31.148104;2016-04-16T01:06:31.196660;7517dc25-5556-42e0-9689-b8bcd33ac26b;431.05;0.00607;SELL
2016-04-16T01:07:01.088257;2016-04-16T01:07:01.129467;725a92a9-de6f-464f-b14e-efba31e9b019;431.07;0.285;BUY
2016-04-16T01:07:01.088473;2016-04-16T01:07:01.147580;71baecfd-77af-4b51-b819-a37d44e0d712;431.07;0.07;BUY
2016-04-16T01:07:01.088675;2016-04-16T01:07:01.147580;79abcdfe-f453-4926-a098-765869fa0c0a;431.07;0.24;BUY
2016-04-16T01:07:01.088829;2016-04-16T01:07:01.160716;69e93b8e-ff3c-4a27-95f4-55b48ce50838;431.08;0.63976;BUY
2016-04-16T01:07:31.162029;2016-04-16T01:07:31.238851;128d429f-3381-4c31-b34b-3238c9810bc3;431.07;0.02;SELL
2016-04-16T01:07:31.162256;2016-04-16T01:07:31.238851;6ac9c553-0af8-4d29-8096-742a5d52f0b8;431.06;0.02;SELL
2016-04-16T01:07:31.162460;2016-04-16T01:07:31.238851;c21c4f12-b13c-4103-85d3-a99b77285ad5;431.05;0.01393;SELL
2016-04-16T01:07:31.162631;2016-04-16T01:07:31.254492;5dfa7388-973a-491e-9f6d-3f341a9bcf55;431.04;0.02;SELL
2016-04-16T01:07:31.162797;2016-04-16T01:07:31.254492;6c0e80dd-ea55-4062-9afe-25161eb19bde;431.03;0.02;SELL
2016-04-16T01:07:31.162959;2016-04-16T01:07:31.254492;cf429785-a217-4201-9cad-59e2e1bd0433;431.02;0.02;SELL
